2984 4684
800 382 1192 453 oRATlo
1246 383 1441 452 PRO
1484 384 1560 477 s.
1615 384 2013 455 Rosclo.
2383 386 2476 459 33

334 502 725 577 artificium
776 500 1272 594 obliviscatur,
1302 520 1377 577 et
1418 502 1744 577 studium
1775 506 2098 605 deponat
2117 562 2136 595 ‚
2163 506 2409 580 licebit
2423 514 2478 583 ⁴.

334 614 555 709 Quod
588 616 875 685 tametsi
919 618 1265 687 miserum
1294 630 1367 687 et
1402 616 1789 714 indignum
1831 632 1976 707 est,
2020 616 2204 689 feret
2236 634 2478 693 tamen

333 750 546 823 aequo
572 728 847 815 anime,
867 724 1175 823 judiceS‚
1203 730 1261 797 si
1285 750 1417 825 per
1444 752 1576 798 vos
1605 731 1826 799 vitam
1854 743 1927 799 et
1947 728 2206 799 famam
2239 745 2482 828 potest

334 835 691 908 obtinere.
726 842 885 908 Hoc
910 860 1085 908 vero
1112 850 1221 908 est
1238 892 1257 927 ‚
1284 837 1487 935 quod
1515 836 1688 909 ferri
1721 864 1873 909 non
1897 853 2138 938 potest
2159 894 2178 929 ‚
2210 844 2268 912 si
2303 856 2378 913 et
2401 845 2479 913 in

334 946 526 1017 hanc
549 947 1027 1019 calamitatem
1061 951 1265 1020 venit
1284 962 1588 1048 propter
1611 949 2053 1048 praediorum
2079 950 2484 1025 bonitatem

334 1072 409 1130 et
442 1057 988 1129 multitudinem
1016 1086 1035 1148 3
1071 1073 1149 1130 et
1170 1114 1189 1147 ‚
1228 1058 1433 1157 quod
1462 1082 1550 1131 ea
1585 1059 1912 1131 studiose
1943 1059 2200 1148 coluit,
2235 1059 2311 1131 id
2347 1066 2486 1133 erit

332 1172 401 1240 ei
444 1172 753 1239 maxime
794 1167 1033 1240 fraudi
1073 1196 1089 1239 :
1132 1184 1215 1241 ut
1243 1191 1504 1269 parum
1551 1174 1854 1241 miseria:
1895 1172 1990 1241 sit
2014 1224 2034 1259 ,
2073 1170 2278 1267 quod
2327 1174 2484 1244 aliis

332 1279 601 1367 coluit,
626 1302 779 1349 non
808 1278 988 1367 sib13
1017 1283 1154 1350 nisi
1184 1282 1400 1352 etiam
1419 1336 1439 1368 ‚
1470 1280 1676 1379 quod
1703 1283 2010 1352 omnino
2049 1280 2313 1370 coluit,
2343 1286 2480 1353 cri-

334 1392 521 1461 mini
548 1385 791 1459 fuerit.

431 1500 692 1569 XVIII.
756 1500 879 1569 Nae
910 1512 993 1569 tu
1015 1552 1036 1587 ‚
1065 1502 1319 1587 Eruci,
1362 1512 1740 1571 accusator
1769 1524 1959 1571 esses
1992 1498 2380 1588 ridiculuS‚
2417 1504 2478 1573 si

334 1608 477 1679 illis
502 1606 957 1707 temporibus
991 1622 1205 1679 natus
1238 1632 1462 1697 esses,
1505 1634 1743 1707 quum
1791 1606 1886 1681 ab
1925 1622 2164 1681 aratro
2187 1620 2207 1655 ¹
2245 1634 2482 1681 arces-

333 1716 707 1807 sebantur,
751 1718 881 1816 qui
918 1719 1255 1789 consules
1296 1716 1578 1790 flerent.
1629 1722 1916 1791 Etenim
1941 1774 1961 1809 ,
2001 1723 2132 1817 qui
2176 1744 2482 1819 praeesse

330 1852 509 1925 agro
536 1826 847 1899 colendo
860 1826 1211 1925 flagitium
1236 1840 1473 1927 puteS,
1497 1826 1828 1927 profecto
1848 1830 2054 1899 illum
2081 1831 2478 1919 Attilium²‚

336 1964 561 2036 quem
595 1962 726 2009 sua
753 1962 973 2009 manu
1007 1953 1466 2038 spargentem
1499 1962 1745 2010 semen
1770 1994 1789 2027 ‚
1842 1943 1970 2037 qui
2005 1943 2200 2011 missi
2237 1956 2480 2031 erant,

335 2062 883 2135 convenerunt,
920 2048 1295 2121 hominem
1339 2052 1842 2147 turpissimum
1887 2064 2110 2148 atque
2169 2050 2481 2123 inhone-

334 2154 775 2231 stissimum-’⁶
800 2158 1183 2255 judicares,
1210 2162 1301 2231 At
1329 2157 1627 2230 hercule
1661 2161 1970 2255 majores
1997 2162 2227 2231 nostri
2261 2160 2478 2258 longe

334 2272 543 2343 aliter
566 2284 643 2342 et
665 2268 756 2342 de
783 2270 933 2351 illo,
956 2282 1030 2341 et
1052 2268 1143 2340 de
1168 2273 1423 2340 ceteris
1447 2268 1712 2341 talibus
1743 2272 1914 2341 viris
1944 2268 2470 2343 existimabant.

338 2389 713 2481 Itaqueex
742 2382 1043 2452 minima
1073 2382 1639 2481 tenuissimaque
1671 2379 2047 2479 republica
2091 2384 2478 2453 maximam

336 2506 412 2565 et
442 2492 1025 2563 florentissimam
1055 2488 1270 2561 nobis
1300 2490 1781 2586 reliquerunt.
1823 2492 2008 2561 Suos
2033 2492 2230 2560 enim
2267 2514 2502 2587 agros

336 2603 663 2676 studiose
708 2600 1047 2675 colebant
1065 2655 1085 2691 ‚
1144 2624 1297 2672 non
1356 2600 1632 2671 alienos
1683 2599 1948 2698 cupide
1989 2597 2476 2696 appetebant:

337 2712 609 2812 quibus
660 2710 877 2783 rebus
892 2716 952 2800 ⁶,
983 2725 1056 2783 et
1102 2713 1328 2809 agris,
1386 2724 1461 2782 et
1501 2708 1844 2797 urbibus,
1891 2722 1966 2781 et
2011 2696 2431 2781 nationibus
2457 2766 2478 2799 ‚

337 2821 863 2922 rempublicam
897 2836 1118 2919 atque
1143 2821 1289 2893 hoc
1318 2822 1710 2921 imperium
1739 2874 1760 2909 ,
1799 2832 1875 2891 et
1903 2820 2160 2918 populi
2195 2824 2476 2893 romani

339 2958 610 3007 nomen
642 2946 1024 3005 auxerunt.

428 3049 688 3143 Neque
702 3066 837 3141 ego
855 3042 1010 3113 haec
1022 3067 1112 3113 eo
1128 3040 1447 3140 profero,
1460 3035 1650 3136 quo⁵
1673 3036 2115 3111 conferenda
2140 3042 2288 3111 sint
2308 3065 2477 3112 cum

337 3156 569 3245 hisce,
596 3154 689 3227 de
718 3151 993 3253 quibus
1024 3176 1226 3225 nunc
1252 3154 1683 3251 quaerimus;
1711 3148 1839 3221 sed
1871 3162 1957 3221 ut
1986 3149 2168 3221 illud
2199 3152 2472 3225 intelli-

409 3344 462 3393 4.
482 3332 971 3383 Licebit-Vehemens
988 3329 1163 3393 ironia,
1184 3346 1246 3377 ex
1268 3345 1365 3394 qua
1454 3326 1640 3376 Consul
1659 3326 1754 3375 fuit
1774 3327 1840 3374 A,
1865 3327 1926 3375 U.
1944 3326 2002 3375 C.
2029 3326 2149 3391 496,
2167 3336 2215 3373 et
2235 3326 2298 3375 do
2313 3328 2478 3377 Poenin

338 3428 451 3463 nox
466 3412 523 3461 in
544 3410 899 3463 vividissimum
922 3409 1134 3474 assurgit
1146 3408 1366 3473 indigna·
1452 3405 1624 3454 eodem
1649 3421 1780 3453 anno
1807 3402 2142 3469 triumphavit.

341 3492 523 3541 tionem
546 3502 734 3540 orator.
1521 3486 1570 3533 3.
1597 3484 2074 3534 Inhoneseissienm.’
2093 3485 2333 3531 Honeseus
2357 3484 2479 3533 dioi-

412 3572 612 3621 xvm.
644 3585 691 3619 ι.
721 3568 801 3617 Ab
819 3578 1005 3616 aran-o.
1030 3568 1107 3615 De
1126 3565 1363 3630 hisplura
1450 3575 1533 3612 tm·
1577 3566 1664 3629 qui
1706 3562 1978 3612 honoribus
2021 3578 2110 3611 neu
2156 3562 2476 3626 dignitatibus

340 3652 449 3700 vide
475 3650 609 3716 apud
631 3649 757 3697 Pliu.
774 3649 887 3711 maj.
903 3649 1048 3715 VIII,
1069 3656 1121 3703 4.
1142 3646 1205 3695 Δ.
1224 3646 1355 3695 Gen.
1449 3659 1570 3707 quas
1591 3656 1676 3693 aut
1701 3645 1804 3709 ipae
1820 3678 1836 3703 ‚
1873 3652 1958 3691 aut
1991 3644 2199 3704 majore·
2231 3644 2336 3705 ejus
2357 3655 2473 3693 sunt

340 3734 429 3792 tv,
458 3746 534 3779 ia.
563 3728 823 3780 Columell.
850 3728 1037 3793 praefat.
1084 3724 1363 3774 Viator-ibus
1448 3724 1727 3786 antiquati,
1766 3732 1840 3770 est
1873 3720 2312 3786 insignis.Cont1-n
2339 3720 2476 3771 inho-

336 3822 499 3859 autem
526 3824 710 3858 nomeu
746 3818 848 3855 erat
882 3806 941 3854 iis
977 3805 1065 3871 qui
1092 3804 1361 3869 antiquitus
1451 3812 1610 3850 aestus
1621 3836 1640 3860 ,
1674 3800 1786 3850 vni·
1810 3812 1860 3849 et
1886 3800 2088 3862 abjecte
2116 3802 2262 3849 sortis
2295 3800 2471 3863 hom03

336 3890 588 3937 Romanos
618 3902 849 3953 proceres
888 3902 955 3935 ex
990 3884 1119 3933 villis
1156 3894 1209 3931 et
1236 3883 1364 3948 agri·
1451 3875 1565 3928 vilis
1590 3880 1857 3945 operarius.

332 3967 442 4015 suis
465 3966 788 4016 arcessebant.
1529 3969 1581 4017 4.
1605 3961 1776 4009 Rebus.
1799 3958 2021 4009 Artibus.

415 4062 464 4095 a.
489 4045 740 4096 Accilium.
772 4043 874 4109 Qui
907 4060 935 4093 a
967 4042 1175 4093 serendo
1205 4042 1371 4090 Serra-
1531 4040 1580 4089 5.
1611 4042 1738 4103 Quo.
1779 4038 2059 4103 Elegantia·
2097 4052 2190 4103 pro
2221 4038 2372 4103 quod.
2397 4040 2480 4087 Sic

330 4140 438 4175 nus
472 4125 635 4176 dictus
662 4138 752 4175 eut.
773 4122 949 4188 Vin-gil.
978 4122 1177 4172 AEmVI
1194 4156 1209 4181 ,
1245 4122 1367 4179 844.
1460 4130 1586 4169 orat.
1605 4136 1700 4185 pro
1727 4120 1903 4183 Quint.
1929 4134 2008 4169 ιι.
