2984 4684
679 359 818 429 DE
866 357 1382 429 PRAETORE
1430 357 2180 430 PROVINCIALI.
2362 359 2503 456 529

365 479 565 546 tiabat
593 503 608 544 :
635 481 688 544 si
713 477 1328 569 comperendinatus
1359 501 1541 561 reus,
1574 496 1688 543 aut
1712 480 2013 568 ampliata
2036 503 2229 546 causa
2255 482 2506 566 fuisset,
2578 481 2585 487 ”

365 585 649 651 secunda
693 587 862 650 actio
900 584 1398 668 instituebatur;
1448 584 1553 650 vel
1585 584 1777 648 etiam
1797 633 1815 666 ,
1860 585 1913 649 si
1948 610 2211 652 necesse
2246 589 2510 672 fixisset,

367 693 590 775 tertia,
627 692 852 756 saltem
887 691 956 756 in
991 689 1424 779 ampliatione.
1466 692 1641 754 Tum
1678 689 1760 754 de
1794 692 2051 782 integro
2083 710 2196 758 aut
2220 695 2515 759 absolve·

365 798 479 864 bat
498 847 518 880 ,
553 815 668 862 aut
701 796 1213 886 condemnabat,
1247 813 1445 887 atque
1472 798 1541 861 in
1566 796 2076 864 condemnatum
2110 801 2515 866 animadver-

365 904 546 969 tebat
592 919 850 992 praetor.
890 903 1059 968 Sunt
1099 903 1168 965 in
1195 901 1486 967 Verrinis
1536 902 1661 966 tria
1702 903 1899 984 hujus
1940 907 2193 993 generis
2222 907 2513 986 judicia:

365 1013 466 1076 De
499 1009 911 1092 Philodamo,
957 1009 1222 1074 Nerone
1255 1009 1416 1074 Asiae
1457 1025 1737 1098 praetore
1771 1009 2095 1090 judicium
2138 1031 2475 1080 exercente
2498 1065 2517 1098 ,

365 1118 480 1183 lib.
510 1118 577 1199 1,
631 1139 768 1205 cap.
807 1115 889 1181 25
939 1132 1006 1180 et
1049 1137 1227 1204 seqq.
1273 1117 1372 1180 De
1421 1117 1741 1204 Sopatr0,
1789 1116 1900 1180 lib.
1936 1117 2035 1200 II,
2094 1139 2233 1206 mp.
2274 1117 2379 1184 28.
2417 1122 2520 1185 De

369 1222 674 1305 Stheni0,
701 1221 860 1286 ibid.
893 1244 1033 1309 cap.
1065 1221 1171 1299 34.
1195 1222 1274 1285 111
1297 1221 1398 1285 his
1428 1220 1691 1286 duobus
1716 1222 2048 1309 quaerebat
2063 1221 2317 1288 Verres.
2350 1225 2517 1307 Quae

361 1328 604 1410 judicia
636 1350 1035 1417 quamquam
1065 1351 1104 1391 a
1131 1328 1442 1392 Cicerone
1475 1343 1552 1391 ut
1574 1350 1915 1417 perperam
1942 1329 2109 1393 facta
2128 1329 2520 1414 afferuntur,

368 1451 589 1500 tamen
622 1432 943 1514 ejusmodi
975 1448 1168 1516 sunt,
1201 1450 1280 1498 ut
1307 1448 1593 1498 veterem
1627 1429 2045 1523 publicorum
2083 1435 2151 1498 in
2183 1435 2519 1524 provincia

362 1541 758 1622 judiciorum
793 1539 1334 1604 consuetudinem
1361 1540 1683 1605 illustrare
1719 1541 2018 1629 possint3
2052 1541 2237 1623 cujus
2267 1543 2360 1606 rei
2392 1566 2520 1607 no·

371 1648 575 1712 titiam
608 1644 894 1735 alioquin
942 1646 1203 1710 haurire
1237 1631 1530 1728 aliunde,
1584 1645 1709 1710 nisi
1761 1663 2077 1735 concepta
2124 1669 2205 1712 ex
2252 1648 2521 1713 urbanis

365 1752 622 1835 judiciis
659 1753 1071 1834 conjectura,
1118 1774 1255 1816 non
1290 1771 1675 1842 possemus.·

461 1861 577 1924 His
625 1858 834 1923 tribus
879 1855 1279 1938 judiciorum
1325 1857 1637 1946 exemplis
1681 1874 1987 1945 quartum
2038 1859 2231 1924 etiam
2279 1858 2522 1926 addere

368 1988 752 2055 possumus,
775 1979 1070 2028 veterum
1105 1963 1306 2028 literis
1338 1963 1408 2026 in
1437 1963 1666 2051 primis
1697 1963 2120 2048 celebratum,
2141 1964 2225 2029 de
2250 1967 2525 2031 muliere

373 2074 736 2162 Smyrnaea,
780 2093 926 2160 quae
959 2069 1109 2152 filii,
1156 2088 1354 2158 quem
1387 2091 1464 2133 ex
1502 2069 1723 2158 priore
1754 2053 2387 2162 maritopepererat,
2419 2073 2525 2137 ul-

373 2176 656 2242 ciscendi
690 2199 916 2258 causa,
941 2176 1155 2240 virum
1187 2191 1252 2240 et
1281 2174 1490 2238 filium
1524 2197 1603 2239 ex
1636 2197 1715 2240 eo
1748 2176 2077 2264 genitum,
2110 2180 2383 2244 venenis
2420 2181 2523 2243 in-

374 2286 729 2364 terfecerat.
763 2282 968 2363 Cujus
1003 2281 1286 2346 criminis
1319 2279 1645 2369 postulata
1665 2303 1874 2370 quum
1899 2282 2131 2349 fuisset
2158 2283 2333 2374 apud
2358 2286 2523 2350 Asiae

370 2388 831 2482 proconsulem
873 2386 1306 2462 Dolabellam,
1359 2385 1414 2447 is
1435 2433 1454 2465 ,
1508 2385 1661 2472 quia
1712 2391 1908 2452 nemo
1955 2410 2034 2450 ex
2082 2389 2357 2452 consilio
2404 2411 2527 2455 suo

374 2493 762 2562 sententiam
799 2493 966 2555 ferre
1001 2491 1070 2553 in
1107 2512 1298 2554 causa
1331 2490 1765 2577 tamancipiti
1798 2490 2106 2573 auderet,
2156 2515 2297 2556 rem
2326 2495 2530 2558 Athe-

377 2624 490 2668 nas
521 2598 605 2664 ad
639 2597 1039 2687 areopagitas
1076 2595 1318 2676 rejecit.
1347 2594 1466 2677 Hi,
1498 2617 1692 2658 causa
1724 2597 2016 2685 cognita,
2053 2597 2426 2680 mulierem,
2462 2617 2527 2665 et

377 2735 530 2778 eum
563 2735 600 2776 a
635 2732 771 2799 quo
807 2705 1253 2788 accusabatur,
1292 2705 1650 2770 centesimo
1680 2721 1831 2793 post
1864 2727 2039 2769 anno
2072 2703 2295 2772 adesse
2316 2707 2527 2788 jusse-

379 2835 556 2884 runt.
583 2816 720 2881 Val.
745 2815 916 2880 Max.
937 2811 1131 2895 VIII,
1169 2836 1224 2876 1.
1247 2815 1324 2877 A.
1356 2809 1519 2876 Gell.
1554 2811 1715 2894 XII,
1746 2835 1810 2900 7.
1843 2817 2055 2878 Amm.
2096 2812 2381 2879 Marcell.
2414 2816 2526 2881 lib.

379 2925 626 2990 XXIX.
651 2925 749 2988 Ex
774 2923 903 2986 hoc
936 2920 1232 3008 exemplo
1259 2917 1607 2983 Dolabellae
1624 2966 1642 3000 ,
1676 2918 1774 2982 uti
1807 2941 1883 2983 ex
1918 2917 2169 3008 aliquot
2190 2921 2525 2987 Ciceronis

379 3030 538 3096 locis
571 3030 823 3095 elicitur
851 3029 922 3093 in
972 3048 1206 3117 magna
1249 3048 1458 3092 causae
1500 3023 1892 3090 obscuritate
1922 3042 2233 3116 praetores
2266 3051 2525 3093 causam

383 3135 507 3200 alio
542 3134 808 3215 rejicere
839 3134 1154 3224 potuisse.

464 3243 682 3331 Atque
712 3241 850 3306 haec
881 3242 1014 3307 sint
1046 3239 1126 3304 de
1158 3238 1539 3330 provinciali
1572 3239 1967 3327 privatarum
2004 3262 2079 3304 ac
2114 3239 2525 3329 publicarum

382 3371 723 3414 causarum
759 3347 1152 3436 cognitione.
1174 3347 1298 3410 Hic
1333 3361 1554 3410 autem
1587 3360 1831 3433 quaeret
1862 3346 2132 3410 fortasse
2166 3346 2419 3434 aliquis,
2443 3369 2525 3410 an

381 3480 573 3531 ver-0,
607 3478 816 3543 quum
849 3455 914 3518 in
951 3477 1083 3517 una
1118 3453 1449 3542 provincia
1469 3501 1488 3533 ‚
1516 3475 1590 3518 ac
1622 3475 1789 3541 soepe
1822 3451 2113 3534 duabus,
2140 3468 2257 3517 aut
2288 3452 2532 3537 tribus,

383 3577 624 3651 praetor
657 3583 830 3624 unus
869 3558 1000 3640 juri
1032 3556 1320 3622 dicundo
1353 3573 1687 3646 praeesset,
1726 3559 1865 3646 ipse
1911 3558 1980 3621 in
2014 3558 2209 3622 tantis
2242 3581 2527 3648 occupa-

385 3668 678 3733 tionibus
713 3682 890 3750 tapta
924 3687 1062 3729 esse
1097 3663 1428 3753 diligentia
1451 3664 1763 3752 potuerit,
1800 3679 1875 3728 ut
1903 3687 2185 3753 praesens
2220 3665 2531 3731 omnibus

379 3775 488 3856 jus
516 3773 936 3863 poscentibus
969 3769 1412 3835 satisfaceret?
1473 3770 1743 3833 minime
1779 3792 1974 3836 vero:
2014 3770 2131 3835 sed
2163 3771 2414 3837 vicariis
2445 3773 2531 3838 ad

388 3903 531 3945 eam
569 3903 710 3945 rem
755 3897 914 3943 usus
951 3894 1050 3943 est
1093 3877 1350 3959 multis,
1400 3898 1639 3965 nempe
1670 3874 1933 3966 legatis,
1968 3893 2323 3965 quaestore3
2360 3901 2533 3944 non-

391 4010 754 4077 numquam
777 3986 970 4052 etiam
993 3985 1160 4068 aliis,
1188 3985 1428 4074 quibus
1451 3986 1591 4074 ipse
1618 4001 1867 4073 partem
1905 4007 2039 4050 suae
2062 3983 2535 4065 jurisdictionis

391 4092 744 4160 mandavit.
785 4092 864 4157 Id
892 4090 1317 4158 confirmatur
1349 4089 1725 4172 testimonio
1756 4089 2091 4158 Ciceronis
2122 4116 2243 4183 pro
2271 4091 2501 4157 Flacco
2519 4140 2540 4174 ,

591 4203 647 4270 Ῑ.
707 4218 795 4264 cie.
813 4231 928 4279 pars
947 4213 1158 4262 secunda·
2266 4198 2357 4283 34
