2984 4684
757 389 869 460 IN
918 387 1353 458 VERREM
1404 387 1622 456 ACT.
1673 387 1782 474 ΙΙ,
1835 389 2018 458 LIB.
2073 391 2128 458 Ι.
2381 387 2510 463 38ι

380 511 765 612 primaria:
804 512 1083 596 minus,
1136 509 1256 580 illa
1296 508 1473 580 deos
1516 509 2000 608 hominesque
2047 511 2522 610 implorante,

382 628 516 696 iste
546 621 803 694 infanti
832 621 1121 720 pupillae
1156 618 1485 692 fortunas
1514 624 1778 719 patrias
1800 619 2091 693 ademit.
2120 627 2523 700 Tutoresne

381 732 901 806 defenderent?
920 728 1258 830 perfacile
1276 754 1451 802 vero
1479 731 1674 829 apud
1697 731 2102 802 istiusmodi
2119 748 2524 830 praetorem,

381 868 424 913 a
460 868 610 941 quo
660 845 758 912 M.
790 841 1111 912 Marcelli
1154 843 1457 929 tutoris,
1509 841 1585 910 in
1629 864 1842 913 causa
1877 842 2137 940 pupilli
2181 846 2410 934 Junii,
2451 863 2526 919 et

380 955 648 1042 orati0,
688 967 762 1025 et
784 952 1119 1024 voluntas
1138 1007 1157 1040 ,
1184 966 1257 1024 et
1293 953 1684 1024 auctoritas
1711 951 2086 1051 repudiata
2123 968 2252 1026 est.

476 1069 661 1136 LIX.
683 1063 1089 1154 Quaerimus
1124 1063 1339 1135 etiam
1360 1117 1379 1150 ,
1417 1061 1594 1160 quid
1637 1065 1772 1133 iste
1799 1065 1878 1132 in
1914 1063 2165 1133 ultima
2189 1062 2520 1161 Phrygia,

380 1174 561 1272 quid
603 1177 681 1244 in
723 1176 1061 1245 extremis
1096 1172 1535 1271 Pamphyliae
1575 1171 1906 1270 partibus
1941 1171 2238 1246 fecerit?
2295 1160 2528 1272 qualis

380 1289 457 1355 in
486 1283 682 1356 bello
721 1283 1145 1382 praedonum
1174 1283 1421 1383 praedo
1458 1287 1611 1381 ipse
1651 1281 1916 1355 fuerit?
1949 1288 2076 1381 qui
2104 1287 2180 1356 in
2209 1283 2370 1358 foro
2400 1311 2528 1386 po-

380 1396 536 1495 puli
580 1397 865 1467 romani
920 1398 1150 1493 pirata
1200 1392 1518 1466 nefarius
1569 1396 1989 1492 reperiatur.
2047 1397 2526 1485 DubitamuS,

379 1505 560 1603 quid
590 1508 723 1578 iste
754 1508 833 1576 in
858 1504 1180 1576 hostium
1216 1503 1457 1602 praeda
1485 1503 1780 1576 molitus
1817 1508 1946 1588 sit,
1981 1509 2108 1604 qui
2147 1507 2526 1582 manubias

382 1615 521 1688 sibi
562 1630 796 1687 tantas
842 1640 931 1686 ex
974 1619 1049 1686 L.
1094 1614 1369 1686 Metelli
1414 1615 1772 1685 manubiis
1797 1623 1818 1658 ¹
1865 1613 2164 1688 fecerit?
2199 1619 2327 1714 qui
2367 1642 2524 1690 ma-

370 1727 535 1822 jore
563 1728 874 1824 pecunia
904 1739 1221 1822 quatuor
1250 1725 1626 1796 columnas
1652 1723 2088 1798 dealbandas
2107 1781 2126 1814 ,
2151 1747 2374 1824 quam
2403 1729 2524 1802 ille

380 1861 634 1908 omnes
663 1833 1112 1907 aedificandas
1150 1834 1534 1907 locaverit?
1572 1838 2086 1933 Exspectamus
2102 1848 2158 1925 ²,
2196 1838 2376 1934 quid
2413 1839 2524 1911 di-

380 1961 547 2018 cant
590 1971 679 2018 ex
725 1947 962 2018 Sicilia
998 1960 1217 2018 testes
1256 1973 1271 2016 z
1333 1949 1502 2043 quis
1545 1969 1898 2042 umquam
1945 1947 2300 2046 templum
2343 1949 2527 2022 illud

324 2149 337 2166 ι
379 2057 745 2157 adspexit,
780 2061 961 2155 quin
997 2058 1304 2128 avaritiae
1340 2071 1516 2145 tuae,
1554 2059 1736 2154 quin
1760 2057 2068 2152 injuriae,
2089 2059 2270 2154 quin
2301 2060 2523 2132 auda-

380 2171 505 2240 ciae
562 2173 761 2240 testis
816 2169 1049 2240 esset?
1110 2173 1301 2260 Quis
1330 2193 1371 2238 a
1409 2169 1617 2266 siguo
1652 2166 2085 2239 Vertumni³
2130 2173 2208 2240 in
2251 2172 2526 2244 circum

376 2280 775 2351 maximum
805 2281 1006 2351 venit
1030 2334 1049 2368 ,
1088 2282 1270 2376 quin
1302 2279 1362 2350 is
1388 2279 1467 2349 in
1498 2300 1954 2374 unoquoque
1987 2279 2216 2376 gradu
2243 2281 2334 2352 de
2362 2306 2524 2352 ava·-

378 2396 539 2462 ritia
575 2406 701 2462 tua
728 2391 1357 2462 commoneretur?
1379 2412 1600 2484 quam
1631 2402 1712 2458 tu
1738 2389 1927 2458 viam
1950 2387 2521 2464 thensarum4at-

379 2527 523 2600 que
562 2495 1279 2599 pompaeejusmodi⁵
1311 2498 1632 2594 exegisti,
1654 2511 1738 2566 ut
1772 2510 1856 2566 tu
1886 2498 2040 2594 ipse
2065 2496 2185 2570 illa
2220 2502 2325 2571 ire
2367 2527 2521 2573 non

378 2609 666 2682 audeas.
702 2615 801 2680 Te
838 2622 1048 2707 putet
1075 2608 1498 2704 quisquam,
1534 2630 1768 2703 quum
1797 2605 1890 2676 ab
1925 2607 2125 2678 Italia
2160 2608 2348 2681 freto
2383 2610 2523 2682 dis-

371 2721 671 2815 junctus
714 2743 905 2792 esses
928 2769 949 2802 ,
987 2719 1201 2788 sociis
1235 2716 1871 2814 temperassquui
1902 2715 2130 2787 aedem
2170 2721 2524 2804 CastoriS,

380 2845 637 2903 testem
673 2826 1037 2901 furtorum
1067 2841 1364 2900 tuorum
1401 2850 1557 2898 esse
1578 2825 1926 2915 volueris;
1957 2849 2176 2924 quam
2206 2831 2524 2928 populus

448 3018 583 3066 ux.
616 3033 663 3065 ι.
702 3017 789 3064 Ex
813 3018 871 3064 L.
898 3016 1019 3063 Met.
1042 3011 1303 3061 manubiis.
1329 3009 1407 3062 Ex

378 3097 595 3146 Castoris
622 3095 748 3154 tede,
786 3112 934 3160 qnam
966 3094 1028 3142 de
1052 3093 1267 3140 hostium
1304 3107 1407 3140 ma-

1570 3021 1618 3069 4.
1647 3009 1957 3061 Thermarum.
1996 3012 2128 3060 Sacri
2160 3025 2298 3062 erant
2325 3031 2524 3076 currus,

1492 3091 1547 3138 in
1569 3089 1750 3154 quibus
1778 3091 1980 3138 deorum
2007 3091 2246 3142 collocata
2264 3094 2522 3146 simulacra

380 3177 543 3224 uubiis
566 3177 625 3224 L.
646 3175 875 3224 Metellus
895 3171 1229 3238 amplificavit.

452 3273 501 3304 ο.
536 3255 701 3318 Vulgo
742 3266 1084 3320 exspectemus.
1124 3249 1405 3314 Quod·jatn

380 3333 559 3383 Sehfnz
612 3345 745 3382 recte
794 3335 1065 3382 mutaverat
1106 3348 1167 3380 ex
1220 3330 1407 3380 Herelii

381 3415 678 3474 conjectura.
705 3407 925 3460 Fecimus
944 3423 993 3460 et
1008 3428 1101 3460 nos
1118 3445 1133 3469 ,
1153 3411 1224 3459 sic
1249 3411 1405 3459 inter-

380 3491 678 3558 pungendo,
695 3502 752 3538 nt
774 3507 905 3539 nune
927 3491 1081 3540 vides.
1106 3493 1157 3539 J.
1174 3491 1239 3538 V.
1278 3493 1333 3538 1..

454 3574 503 3620 3.
528 3569 793 3620 Vertumni.
821 3571 1111 3618 Met-cature
1136 3570 1241 3630 dei,
1266 3571 1405 3630 eujus

380 3653 574 3718 siguum
610 3653 662 3698 in
690 3651 801 3698 vico
824 3651 987 3698 Tusco
1026 3649 1172 3698 fuisse
1208 3649 1405 3697 dicitur.

380 3737 488 3783 Bac
530 3734 625 3782 iter
673 3743 779 3781 erat
821 3743 1097 3780 senatorum
1114 3765 1130 3791 ,
1157 3730 1242 3793 qui
1291 3742 1407 3794 toga

381 3815 589 3880 palmata
616 3812 855 3876 insignes,
876 3810 995 3858 deos
1009 3843 1024 3869 ,
1041 3809 1245 3856 honoris
1261 3819 1408 3873 atq-ue

383 3891 536 3942 officii
557 3907 731 3952 causa,
768 3889 1189 3956 prosequebantur
1217 3906 1244 3937 e
1271 3888 1412 3952 Capi..

386 3974 508 4021 tolio
559 3973 613 4019 in
656 3972 841 4019 circum
888 3969 1173 4026 maximum3
1209 3967 1263 4015 in
1303 3983 1405 4031 quo

384 4051 489 4099 ludi
510 4053 699 4114 magui,
720 4067 805 4098 seu
822 4047 1061 4105 Romani,
1094 4046 1405 4096 celebraban-

386 4140 479 4177 tur.
507 4129 635 4178 vide
656 4129 854 4178 Tertull.
879 4127 938 4178 de
959 4129 1073 4178 Cor.
1089 4125 1199 4176 Mil.
1214 4143 1263 4176 c.
1286 4127 1367 4176 13.

1494 3169 1820 3234 gestabantur.
1851 3173 2006 3218 Usum
2034 3171 2097 3219 ab
2125 3171 2220 3219 diis
2245 3173 2307 3221 ad
2333 3175 2522 3224 Julinm

1492 3252 1729 3299 Caesarem
1756 3253 1917 3316 primo
1935 3287 1950 3310 ,
1978 3252 2154 3301 deinde
2187 3253 2251 3301 ad
2277 3254 2399 3303 alios
2427 3257 2519 3304 im-

1492 3341 1743 3394 peratores
1791 3327 2010 3380 adulatio
2071 3333 2338 3382 transtulit.
2391 3335 2522 3383 vide

1496 3411 1698 3458 Sueton.
1726 3410 1780 3458 in
1804 3410 1904 3460 Jul.
1940 3427 2045 3476 cap.
2081 3412 2163 3472 76.
2198 3413 2394 3477 Pompae
2427 3415 2521 3462 cir-

1494 3491 1653 3537 censis
1682 3490 2062 3554 descriptionem
2089 3508 2204 3540 sane
2230 3492 2424 3556 longum
2452 3495 2522 3543 le-

1494 3583 1579 3632 ges
1611 3569 1744 3634 apud
1771 3569 1982 3634 Dionys.
2005 3571 2394 3636 naucumvu,
2425 3574 2520 3622 sub

1491 3647 1657 3696 finem.

1570 3727 1618 3776 5.
1643 3725 1912 3792 Ejusmodi.
1937 3719 2296 3776 Adverbialiter
2315 3746 2408 3794 pro
2432 3732 2520 3783 sic.

1497 3834 1568 3845 --
1593 3807 1810 3872 Exigere
1847 3807 1987 3855 viam
2031 3807 2258 3872 (subaud.
2298 3813 2522 3862 munien-

1499 3884 1636 3950 dam)
1665 3887 1897 3935 dicuntur
1927 3887 1988 3934 iis
2013 3888 2190 3950 quibus
2218 3905 2272 3938 en
2297 3903 2370 3939 est
2404 3909 2525 3957 pro-

1494 3966 1683 4014 curatio
1725 3976 1782 4013 ut
1836 3965 1936 4012 vias
1981 3968 2174 4027 ornari,
2218 3979 2267 4018 et
2309 3971 2521 4035 parietes

1494 4047 1672 4095 aedium
1717 4046 1896 4110 pannis
1937 4047 2142 4094 intensis
2185 4048 2403 4098 obvelari
2443 4053 2522 4113 ju-

1494 4125 1656 4174 beant.
1685 4125 1830 4178 Cous.
1859 4127 2081 4177 Macrob.
2109 4127 2300 4178 Setun-n.
2325 4131 2376 4190 1,
2399 4131 2451 4179 6.
