2984 4684
1435 227 1452 256 ἱ

829 333 1216 404 ORATIO
1266 337 1472 404 PRo
1521 339 1595 406 P.
1649 339 2125 428 Qnmno.
2438 379 2531 458 ²9

387 454 548 522 viro
571 463 590 494 ¹
627 455 965 524 miserius
995 469 1123 524 aut
1146 455 1475 529 acerbius
1512 483 1649 530 usu
1686 465 1976 536 venire?
2006 468 2210 564 quod
2246 485 2527 550 tantum

388 564 684 632 evenire
709 560 1066 651 dedecuS,
1088 589 1250 662 quae
1290 580 1491 638 tanta
1520 569 1881 644 calamitas
1910 579 2217 651 inveniri
2251 589 2535 681 potest?

385 673 780 743 Pecuniam
806 677 865 744 si
887 677 1202 773 cuipiam
1227 675 1523 749 fortuna
1542 679 1833 772 ademit,
1852 700 1977 756 aut
1996 690 2053 758 si
2078 690 2287 789 alicuj
2296 720 2381 766 us
2394 701 2532 768 eri·

383 785 550 880 puit
575 785 878 879 injuria3
909 799 1176 872 tamen,
1202 786 1382 858 dum
1404 792 1838 863 existimatio
1862 809 1969 867 est
1996 798 2300 897 integra,
2319 801 2525 880 facile

385 893 807 964 consolatur
834 895 1176 968 honestas
1201 913 1615 995 egestatem.
1636 907 1729 973 At
1756 928 1907 975 non
1932 930 2149 980 nemo
2180 926 2309 984 aut
2328 918 2527 1011 igno-

385 1005 614 1072 minia
667 1001 1005 1094 affectus»,
1052 1021 1180 1078 aut
1226 1007 1507 1104 judicio
1556 1015 1751 1110 turpi
1770 1023 1799 1055 ²
1856 1020 2270 1110 convictuS,
2304 1023 2523 1100 bonis

385 1110 686 1206 quidem
710 1117 860 1184 suis
883 1118 1150 1204 utitur;
1173 1115 1464 1189 alterius
1488 1143 1688 1218 opes,
1710 1121 1787 1192 id
1810 1125 2013 1220 quod
2038 1131 2520 1210 miserrimum

385 1234 526 1308 est,
562 1246 716 1293 non
741 1240 1152 1323 exspectat:
1195 1225 1337 1298 hoc
1374 1225 1615 1300 tamen
1648 1234 2063 1314 inmiseriis
2095 1238 2519 1337 adjumento

382 1344 458 1400 et
473 1330 728 1402 solatio
745 1331 1184 1406 sublevatur.
1203 1339 1431 1433 Cujus
1457 1363 1631 1410 vero
1655 1339 1851 1412 bona
1872 1349 2291 1441 venierunt3
2310 1358 2519 1452 cujus

381 1465 535 1511 non
568 1442 791 1514 modo
817 1443 953 1514 illae
980 1447 1434 1544 amplissima}
1473 1446 1785 1522 fortunae
1806 1507 1827 1542 ,
1870 1455 1997 1526 sed
2032 1463 2247 1531 etiam
2282 1467 2516 1540 victus

379 1555 830 1651 vestitusque
875 1561 1321 1628 necessarius
1362 1558 1501 1629 sub
1550 1585 1885 1658 praecone
1936 1592 2104 1641 cum
2158 1571 2517 1651 dedecore

380 1661 754 1758 subjectus
778 1679 921 1754 est3
939 1668 1000 1736 is
1027 1691 1178 1738 non
1207 1667 1428 1739 modo
1457 1695 1547 1740 ex
1573 1697 1881 1745 numero
1910 1680 2242 1752 vivorum
2276 1701 2519 1758 extur-

377 1768 618 1860 batur,
649 1771 811 1862 sed,
841 1777 900 1845 si
937 1773 1096 1847 fieri
1125 1791 1367 1876 potest
1386 1832 1406 1868 ,
1437 1779 1627 1852 infra
1653 1788 1867 1856 etiam
1906 1805 2234 1864 mortuos
2263 1820 2512 1869 aman-

377 1881 612 1954 datur.
643 1882 973 1956 Etenim³
1005 1911 1199 1958 mors
1232 1885 1537 1960 honesta
1568 1916 1754 1990 saepe
1783 1897 2001 1968 vitam
2034 1924 2333 1998 quoque
2362 1920 2513 1976 tur-

375 2016 546 2090 pem
587 2009 929 2066 exornat:
973 2001 1118 2068 vita
1173 2000 1404 2096 turpis
1445 2025 1539 2071 ne
1590 2008 1806 2075 morti
1843 2006 2143 2103 quidem
2182 2011 2507 2089 honestae

374 2103 622 2173 locum
670 2105 1032 2202 relinquit.
1075 2113 1263 2204 Ergo
1297 2108 1628 2200 hercule,
1666 2117 1874 2212 cujus
1905 2116 2101 2190 bona
2137 2146 2225 2193 ex
2265 2124 2506 2200 edicto

372 2211 862 2311 possidentur,
877 2215 1094 2313 hujus
1107 2221 1346 2289 omnis
1357 2217 1541 2290 fama
1563 2236 1635 2293 et
1653 2227 2085 2300 existimatio
2106 2255 2273 2303 cum
2290 2232 2508 2311 bonis

370 2325 589 2395 simul
626 2326 1080 2423 possidetur:
1109 2327 1200 2400 de
1239 2354 1388 2426 quo
1423 2329 1647 2404 libelli
1692 2336 1768 2405 in
1809 2337 2292 2414 celeberrimis
2331 2347 2507 2422 locis

369 2450 913 2533 proponuntur,
942 2435 1116 2510 huic
1139 2462 1232 2509 ne
1254 2440 1491 2537 perire
1518 2441 1813 2539 quidem
1833 2443 2081 2545 {certe}
2106 2455 2317 2524 tacite
2344 2454 2511 2528 obs—

365 2659 629 2712 ῃρεῃῃῐω,
661 2664 774 2716 qna
800 2651 954 2716 magi,
983 2659 1164 2718 negant
1195 2652 1396 2701 Graeco·
1480 2643 1622 2694 Alius
1634 2657 1722 2706 est,
1744 2647 1831 2712 qul
1846 2651 2113 2715 ignominia
2131 2656 2348 2716 affectus,
2368 2655 2501 2709 bom

365 2742 473 2777 mm
497 2743 651 2777 more.
1480 2730 1641 2774 tamen
1665 2729 1907 2794 servavit3
1948 2743 2049 2778 non
2075 2747 2201 2796 opus
2226 2733 2371 2784 habet
2388 2771 2403 2797 ,
2440 2749 2499 2787 ut

431 2807 550 2856 xv,
573 2822 621 2856 ι.
653 2807 792 2858 Vim,
813 2809 1080 2876 Digfinguit
1103 2809 1166 2858 ab
1189 2808 1391 2859 homine
1478 2805 1631 2868 vivat,
1646 2806 1800 2856 aliem
1819 2811 2237 2863 commiseratione
2252 2828 2269 2863 ε
2306 2816 2403 2866 hoc
2425 2817 2499 2868 ini

361 2886 542 2934 vir-um.
575 2888 744 2951 Turpe
780 2888 977 2952 quidem
1017 2900 1090 2938 „t
1128 2889 1382 2947 omnibus,
1475 2883 1531 2931 in
1556 2885 1824 2937 calamitate
1846 2889 2025 2939 solatio
2048 2903 2153 2942 est:
2182 2915 2208 2936 κ
2226 2894 2309 2943 hic
2334 2899 2462 2946 euim
2480 2933 2499 2958 ,

361 2965 550 3029 inquit,
588 2966 992 3018 existimationem
1040 2971 1291 3028 amittet„
1337 2971 1382 3018 ei
1469 2973 1527 3011 ut
1542 2964 1612 3012 nit
1624 2967 2115 3034 Juvenal.Sat.1‚47,
2130 2971 2382 3025 demnatus
2396 2978 2498 3028 ina·

361 3059 479 3093 vero
507 3045 595 3110 qui
622 3047 686 3094 eit
711 3047 842 3095 iuter
871 3047 1096 3097 homiues
1132 3049 1235 3108 vir,
1270 3049 1305 3098 i.
1337 3067 1380 3100 e.
1468 3046 1522 3093 ni
1540 3046 1771 3108 Iudicio,
1797 3045 1939 3112 (quid
1972 3052 2101 3100 euim
2128 3052 2274 3102 ulvis
2294 3057 2491 3108 infamia

362 3137 540 3186 magno
585 3135 636 3174 et
677 3127 870 3174 excelso
911 3127 1075 3176 animo
1111 3127 1348 3192 praeditus
1365 3163 1381 3190 ,
1466 3123 1677 3174 nummis
1692 3125 1745 3190 ?)
1765 3129 1911 3178 Exsul
1935 3129 1997 3178 eb
2020 3142 2192 3181 octava
2208 3133 2395 3206 Marius
2410 3135 2487 3186 bi-

357 3201 678 3252 miserrimum
695 3216 744 3254 et
767 3205 1125 3254 acerbissimum
1149 3216 1238 3255 est.
1466 3204 1566 3264 bit,
1593 3216 1641 3254 et
1661 3207 1839 3256 fruitur
1862 3209 1951 3257 Dis
1976 3210 2111 3258 iratis
2126 3233 2171 3261 ι.

431 3297 482 3329 2.
511 3282 708 3330 Iudicio
751 3286 899 3349 turpi.
945 3285 1200 3334 ,Indicium
1235 3297 1378 3351 turpe
1538 3285 1587 3332 3.
1614 3285 1726 3334 Seh.
1750 3288 1985 3350 conjicit:
2011 3311 2037 3332 κ
2054 3289 2483 3345 Etenim-..vitam

357 3357 482 3408 illud
517 3361 812 3426 appellatur,
837 3364 892 3414 in
916 3380 1018 3429 quo
1056 3381 1148 3430 per
1184 3375 1376 3414 senteu—
1464 3379 1662 3428 quoque
1687 3367 1907 3414 miseram
1932 3379 2166 3417 exornat:
2196 3370 2291 3418 vita
2326 3374 2486 3438 turpia

357 3439 470 3488 tiam
495 3439 711 3490 damnati
733 3443 932 3490 infamia
957 3454 1225 3492 notentur:
1249 3461 1301 3494 v.
1324 3460 1372 3510 g.
1461 3453 1513 3490 et
1530 3445 1702 3492 misem
1720 3465 1761 3494 a.
1787 3446 2090 3495 Facciolatus
2115 3447 2324 3510 felicius,
2343 3453 2480 3501 «vita

357 3517 409 3565 iu
433 3521 630 3568 actione
655 3521 804 3582 furti,
843 3523 896 3570 vi
931 3523 1179 3571 bonorum
1210 3535 1374 3588 rapto-
1463 3522 1533 3571 ita
1561 3523 1828 3590 turpis...».
1856 3527 1905 3574 J.
1919 3525 1983 3574 V.
2008 3527 2063 3575 L.
2090 3554 2161 3588 ·.-
2194 3530 2354 3578 Locus
2380 3549 2481 3580 am.

355 3612 488 3659 rum,
523 3615 619 3665 pro
656 3602 792 3650 cocio
809 3635 827 3663 ,
860 3613 912 3652 et
945 3602 1000 3650 iu
1035 3601 1142 3650 aliis
1180 3603 1373 3652 casibus
1458 3599 1655 3666 biguuu,
1682 3615 1733 3651 et
1756 3602 1983 3652 antithesi
2008 3607 2159 3669 magis
2181 3623 2328 3670 quam
2354 3627 2474 3661 sano

355 3691 480 3740 quoe
495 3678 662 3727 videas
676 3681 732 3728 iu
748 3683 866 3728 luet.
885 3681 1074 3730 sustin.
1092 3685 1183 3741 IV,
1210 3681 1297 3742 16,
1323 3697 1371 3730 α.
1453 3681 1644 3741 judicio
1662 3681 1927 3740 subnixus,
1942 3685 2081 3746 cujus
2098 3687 2309 3750 primum
2330 3705 2477 3740 mem-

355 3756 523 3805 'l'otius
548 3758 694 3822 hujus
719 3757 936 3807 intricati
957 3757 1058 3808 loei
1079 3776 1247 3809 sensus
1269 3771 1368 3809 est:
1457 3759 1599 3808 hrum
1622 3760 1885 3825 generatim
1905 3761 1966 3809 de
1986 3763 2085 3811 vita
2112 3767 2283 3827 quavis
2310 3771 2476 3836 turpi-

353 3835 540 3900 Aliquis
568 3853 630 3888 ex
659 3838 811 3886 divite
847 3855 1034 3904 pauper
1072 3839 1226 3888 faetus
1265 3850 1366 3900 σοις
1455 3841 1626 3888 tudine
1670 3835 1937 3887 deformata
1973 3841 2235 3906 accipitur3
2272 3845 2476 3899 alterum

353 3927 492 3976 grave
509 3916 609 3965 hoc
629 3916 854 3981 quidem:
877 3929 1224 3978 verumtamen,
1249 3917 1366 3966 dum
1453 3929 1616 3966 autem
1656 3915 1923 3966 membrum
1971 3921 2035 3969 ad
2071 3938 2182 3970 eum
2214 3921 2373 3974 solum
2398 3945 2474 3976 re·

354 3995 642 4046 existimatio
671 4007 720 4045 et
760 3997 885 4045 sama
917 3997 1050 4046 salve
1089 4007 1185 4056 est,
1220 3998 1366 4046 habet
1451 3997 1611 4045 fertur
1630 4032 1649 4060 ‚
1675 3997 1763 4062 qui
1790 3997 1959 4062 probri
1981 3999 2190 4063 judicio,
2229 4004 2305 4050 vel
2332 4005 2475 4054 inuo-

351 4071 474 4123 uude
546 4087 808 4142 egestatem
869 4092 1004 4127 suam
1068 4077 1362 4128 consoletur.
1454 4091 1588 4134 cene,
1612 4086 1685 4125 eet
1716 4077 1984 4128 damnatus.
2008 4079 2186 4130 Sensus
2216 4091 2321 4134 est:
2346 4083 2471 4134 Tur-
