2984 4684
731 417 842 486 IN
893 418 1326 486 V-ERREM
1373 419 1593 488 ACT.
1645 421 1765 505 ΙΙ,
1804 420 1989 488 LIB.
2042 421 2139 490 11.
2364 423 2501 518 437

377 552 616 608 tamen
643 551 916 623 actum,
935 553 1018 609 ut
1032 537 1357 610 Heraclio
1379 543 1693 637 pecunia
1716 541 2157 638 eriperetur?
2176 565 2271 612 an
2286 544 2509 614 etiam

377 646 597 734 illud,
618 647 698 717 in
731 673 882 746 quo
910 647 1152 747 proeda
1177 663 1330 720 erat
1362 651 1706 738 maxima,
1735 665 1854 739 ut,
1886 655 2183 724 nomine
2199 651 2509 748 judicio·-

377 781 538 828 rum
561 753 874 847 5,omnia
899 758 1098 830 bona
1123 773 1342 857 atque
1366 759 1716 832 fortunae
1700 785 1774 832 m
1790 762 1998 893 istius
2022 765 2239 836 unius
2266 781 2509 837 essent

377 869 792 964 potestate?

473 981 796 1049 XXVIII.
839 983 994 1049 Jam
1025 1003 1200 1050 vero
1240 981 1318 1050 in
1356 977 1601 1052 rerum
1636 980 2049 1078 capitalium
2089 985 2507 1079 quoestioui·

376 1086 559 1159 bus¹
614 1087 794 1186 quid
839 1114 974 1187 ego
1014 1113 1607 1189 unamquamque
1654 1115 1807 1162 rem
1850 1091 2179 1187 colligam
2223 1104 2297 1163 et
2348 1099 2509 1163 cati·

377 1197 572 1268 sam?
605 1203 754 1268 Ex²
807 1200 1050 1270 multis
1094 1199 1448 1272 similibus
1493 1225 1578 1272 ea
1620 1207 1959 1289 sumam,
1996 1225 2159 1298 quae
2204 1203 2519 1274 maxime

374 1306 840 1405 improbitate
905 1308 1254 1382 excellere
1324 1310 1786 1382 videbuntur.
1852 1317 2157 1409 Sopater
2213 1312 2515 1409 quidam

375 1415 516 1488 fuit
547 1419 1016 1514 Halicyensis,
1050 1418 1276 1491 homo
1307 1419 1509 1492 domi
1536 1445 1681 1492 suae
1711 1445 1887 1492 cum.-
1903 1421 2157 1518 primis
2184 1419 2514 1518 locuples·

376 1543 596 1625 atque
631 1527 1003 1600 honestus.
1057 1533 1128 1600 Is
1163 1528 1256 1600 ab
1291 1531 1600 1602 inimicis
1633 1534 1779 1602 suis
1808 1529 2007 1628 apud
2052 1533 2133 1600 C.
2163 1528 2509 1601 Sami-‹lo-

378 1652 526 1710 tem
547 1653 928 1735 praetorem
948 1640 1056 1710 rei
1073 1638 1393 1735 capitalis
1414 1665 1649 1737 quum
1682 1653 2055 1712 accusatus
2077 1637 2523 1726 osset,faeile·

375 1773 469 1819 eo
501 1747 778 1842 judicio
825 1763 931 1819 est
985 1747 1354 1820 liberatus.
1415 1751 1601 1820 Huic
1654 1750 1893 1822 eidem
1944 1754 2255 1848 Sopatro
2292 1749 2523 1820 iidem

377 1859 650 1930 inimici
691 1857 784 1930 ad
819 1863 892 1932 C.
912 1864 1244 1947 Verrem,
1271 1884 1507 1957 quum
1531 1864 1593 1930 is
1629 1860 1999 1932 Sacerdoti
2026 1860 2519 1945 successisset,

379 1967 706 2063 ejusdem
733 1972 836 2040 rei
877 1993 1147 2040 nomen
1177 1967 1617 2040 detulerunt.
1654 1975 1792 2041 Res
1820 1973 2133 2068 Sopatro
2166 1967 2387 2042 finilia
2418 1968 2523 2038 vi-

378 2077 711 2168 debatur,
753 2095 826 2151 et
861 2079 1062 2177 quod
1085 2094 1258 2152 erat
1299 2083 1691 2166 innocens,
1722 2095 1824 2152 =et
1862 2079 2065 2177 quod
2118 2079 2523 2151 Sacerdotis

368 2187 726 2284 judicium
753 2189 1168 2288 improbare
1191 2192 1414 2262 istum
1441 2215 1787 2263 ausurum
1816 2214 1969 2261 nou
2006 2188 2521 2262 arbitrabatur..

317 2380 325 2389 .
382 2301 658 2372 Citatur
685 2302 850 2370 r'eus
879 2328 896 2369 ε
939 2323 1156 2371 causa
1179 2302 1416 2396 agitur
1435 2303 1847 2398 Syracusis:
1879 2303 2181 2372 crimina
2220 2303 2519 2371 tractanss

381 2425 502 2481 tur
533 2407 626 2480 ab
657 2423 1068 2480 accusatore
1105 2433 1219 2498 ea,
1263 2435 1424 2506 quae
1453 2427 1662 2485 erant
1686 2425 1895 2481 antea
1928 2435 2081 2482 non
2124 2409 2361 2481 solum
2396 2411 2519 2480 ‹le-

381 2519 710 2592 fensione
729 2573 750 2606 ,
789 2543 1040 2590 verum
1072 2521 1288 2591 etiam
1318 2519 1595 2614 judicio
1638 2521 2006 2591 dissoluta.
2046 2525 2349 2591 Causam
2392 2524 2519 2588 So-

382 2631 570 2729 patri
591 2627 1026 2700 defendebat
1039 2617 1132 2726 Q,
1144 2629 1535 2718 Minuci'uS,
1550 2653 1773 2725 eques
1803 2653 2149 2699 manus
2174 2630 2251 2700 in
2266 2631 2518 2724 primis

383 2739 808 2838 splendidus
855 2753 1078 2836 atque
1119 2738 1471 2810 honestus
1492 2795 1514 2828 ,
1559 2739 1911 2837 uobisque
1931 2792 1949 2826 ,
2001 2737 2315 2833 judices,
2366 2761 2517 2808 non

383 2853 694 2949 ignotus.
739 2847 936 2922 Nihil
985 2863 1134 2919 erat
1169 2851 1250 2919 in
1291 2873 1537 2934 causa,
1588 2847 1793 2946 quod
1834 2846 2342 2934 metuendum,
2392 2849 2521 2918 au't

381 2957 690 3032 omniuo
745 2957 944 3056 quod
999 2957 1497 3030 dubitandum.
1534 2959 1920 3046 videretur.
1974 2963 2263 3032 Interea
2314 2958 2520 3028 istius

384 3070 722 3160 libertus,
765 3085 839 3142 et
875 3065 1262 3142 accensus³
1301 3068 1497 3140 idem
1524 3069 2046 3154 Timarchides,
2090 3072 2217 3166 qui
2256 3081 2401 3148 est,
2442 3067 2515 3138 id

384 3179 584 3279 quod
638 3205 726 3252 ex
772 3180 1100 3278 plurimis
1147 3179 1450 3252 testibus
1494 3180 1741 3278 priore
1796 3180 2079 3250 actione
2127 3175 2517 3265 didicistis,

383 3314 630 3362 rerum
664 3287 1082 3385 hujusmodi
1117 3293 1446 3362 omnium
1482 3293 1933 3362 transactor‘·
1964 3301 2039 3360 et
2074 3287 2521 3374 administer,

387 3398 480 3469 ad
520 3401 904 3496 Sopatrum
945 3401 1183 3488 venit3
1243 3417 1497 3473 monet
1540 3402 1952 3488 hominem,
1988 3423 2083 3470 ne
2128 3402 2343 3469 nimis
2391 3398 2515 3492 ju-

386 3507 577 3578 dicio
599 3506 1025 3594 SacerdotiS,
1054 3523 1126 3582 et
1159 3533 1386 3584 causae
1413 3509 1765 3598 confidat,
1799 3523 2251 3583 accusatores
2284 3508 2519 3578 inimi-

387 3657 668 3723 dignitatis,
725 3668 777 3705 et
821 3658 1042 3706 locorum
1095 3659 1406 3723 publicorum
1604 3665 1737 3710 ‚Ex
1772 3661 1933 3710 multi·
1970 3659 2215 3710 sime‘h'bns.
2256 3663 2461 3709 notum.

381 3737 686 3788 interdietio.
1496 3739 1644 3790 codd.
1674 3741 1864 3798 laudat,
1905 3741 2025 3787 «Ex
2056 3739 2222 3787 multia
2247 3671 2519 3788 millibus:

459 3819 509 3868 5.
537 3815 748 3865 Nomine
766 3813 930 3881 Judscr·
911 3817 1174 3865 ’.οηιηιἬῑ
1198 3833 1288 3882 per
1321 3835 1402 3880 ea,
1493 3821 1547 3868 J.
1562 3823 1629 3868 V.
1656 3821 1715 3867 1..

386 3913 498 3963 que
524 3896 694 3956 dabat,
715 3895 946 3957 §adacti-
931 3898 1084 3960 ipsiua
1113 3913 1177 3944 ex
1201 3899 1404 3948 arbitrio
1568 3899 1614 3947 3.
1660 3901 1920 3946 Axenus.
1974 3896 2052 3946 De
2100 3897 2193 3946 lue
2234 3913 2355 3946 voce
2398 3895 2516 3945 vido

387 3979 608 4028 omnium
623 3978 772 4027 docus
787 3991 846 4025 ac
867 3977 998 4026 bom
1019 3977 1300 4042 penderent.
1492 3981 1631 4026 ven·-
1650 3981 1675 4025 1
1691 4013 1705 4034 ,
1728 3979 1809 4025 28.

457 4059 704 4107 xxvm.
757 4073 801 4106 1.
849 4056 1218 4119 Qua-saonam.
1275 4055 1402 4104 vide
1564 4059 1612 4116 4.
1636 4059 1944 4104 Transaetor.
1968 4058 2211 4122 Interpre·
2236 4066 2516 4105 mero-tura

389 4137 600 4202 append.
627 4137 690 4186 de
707 4136 816 4198 jud.
833 4136 897 4186 ad
915 4135 1037 4186 calc.
1057 4135 1157 4185 vol.
1179 4147 1318 4200 parte
1333 4137 1400 4184 11.
1487 4127 1789 4198 judiciorum
1813 4135 2061 4186 faciende.
