2984 4684
471 367 606 439 168
1104 375 1200 442 M.
1249 376 1328 441 T.
1379 374 1946 445 CICERONIS

463 516 684 588 quem
706 491 1023 586 judicem
1051 492 1425 590 probarit?
1451 498 1518 565 ei
1544 494 1837 593 negabit
1865 493 2061 567 credi
2082 512 2448 595 oportere,
2472 501 2591 571 cui

461 606 618 703 ipse
651 605 1076 679 crediderit?
1102 606 1259 701 ejus
1287 607 1526 680 testis³
1557 608 1649 681 ad
1675 611 1991 705 judicem
2026 608 2243 683 fidem
2282 611 2590 686 infirma-

460 716 607 805 bit,
649 718 856 813 cujus
895 733 1194 816 propter
1225 717 1442 789 fidem
1483 734 1557 791 et
1590 719 2011 818 religionem
2035 720 2296 817 judicis
2314 760 2345 808 ,·
2368 736 2589 794 testes

461 826 973 926 comparabat?
1009 853 1228 925 quem
1257 853 1391 926 ego
1429 830 1490 901 si
1526 827 1833 901 ferrem⁴
1867 829 2181 926 judicem
2199 886 2220 919 ,
2256 830 2587 929 refugere

463 962 614 1009 non
647 936 979 1026 deberet;
1027 959 1257 1036 quum
1273 951 1544 1011 .testem
1586 939 1981 1039 producam
2000 994 2019 1024 ,
2056 940 2587 1041 reprehendere

465 1046 808 1120 audebit?

557 1162 747 1229 XVI.
791 1159 988 1229 Dixit
1027 1162 1252 1247 enim,
1289 1160 1561 1257 inquit,
1596 1161 1949 1257 injuratus
1970 1172 1989 1205 ¹
2026 1162 2287 1234 Luscio
2326 1176 2400 1233 et
2427 1164 2583 1232 Ma-

463 1268 664 1339 uilio.
711 1271 784 1339 Si
833 1268 1105 1341 diceret
1149 1270 1464 1364 juratus,
1508 1270 1883 1343 crederes?
1934 1277 2024 1345 At
2064 1272 2245 1369 quid
2290 1273 2587 1343 interest

435 1380 652 1450 .inter
677 1379 1055 1476 perjurum
1085 1394 1158 1450 et
1185 1380 1605 1451 mendacem
1618 1381 1680 1451 ²?
1697 1379 1888 1472 Qui³
1919 1384 2206 1453 mentiri
2230 1380 2433 1471 solet,
2464 1406 2587 1479 pe-

457 1490 692 1585 jerare
735 1491 1132 1561 consuevit.
1187 1491 1422 1579 Quem
1457 1514 1629 1586 ego,
1668 1506 1753 1561 ut
1790 1492 2202 1578 mentiatur,
2244 1490 2585 1562 inducere

464 1623 793 1699 possum3
847 1613 932 1671 ut
968 1601 1276 1695 pejeret,
1315 1622 1611 1669 exorare
1660 1597 1863 1671 facile
1905 1615 2183 1697 potero,
2226 1602 2409 1671 Nam
2454 1600 2589 1696 qui

459 1710 681 1782 semel
717 1734 762 1780 a
799 1709 1099 1781 veritate
1127 1707 1452 1797 deflexit,
1489 1708 1610 1780 bic
1646 1735 1799 1782 non
1826 1714 2097 1807 majore
2128 1711 2469 1808 religione
2496 1709 2586 1781 ad

463 1821 902 1919 perjurium,
959 1842 1178 1917 quam
1227 1819 1318 1890 ad
1355 1818 1813 1891 mendacium
1852 1820 2150 1918 perduci
2188 1822 2585 1893 consuevit.

466 1932 648 2022 Quis
667 1931 856 2001 enim
880 1928 1419 2026 deprecationes»
1441 1929 1773 2017 deorum,
1789 1956 1941 2003 uon
1965 1933 2429 2003 conscientiae‘
2444 1929 2587 2001 fide

469 2039 1014 2113 commovetur?
1037 2044 1430 2136 Propterea
1454 2064 1615 2136 quae
1646 2066 1862 2138 poena
1889 2042 1982 2113 ab
2030 2043 2169 2114 diis
2216 2044 2589 2113 immorta-

463 2152 655 2224 libus
677 2151 972 2249 perjuro
992 2204 1013 2238 ,
1035 2148 1189 2220 haec
1215 2148 1464 2221 eadem
1485 2150 1815 2223 mendaci
1838 2138 2223 2225 con'stituta
2252 2167 2383 2225 est.
2416 2156 2590 2225 Non

469 2262 663 2335 enim
717 2285 808 2330 ex
859 2256 1235 2358 pactione⁵
1285 2259 1673 2331 verborum
1696 2316 1717 2349 ,
1772 2262 2037 2360 quibus
2078 2263 2589 2359 jusjurandum

461 2368 1137 2486 comprehenditur,
1172 2368 1301 2442 sed
1333 2394 1420 2441 ex
1450 2369 1751 2469 perfidia
1777 2388 1851 2444 et
1876 2374 2173 2463 malitia,
2207 2397 2339 2473 per
2364 2398 2585 2473 quarn

463 2570 560 2620 bat.
579 2570 716 2620 Idem
749 2570 876 2617 enim
911 2578 1054 2623 conat
1091 2584 1148 2627 ae
1185 2567 1326 2616 valde
1355 2584 1476 2659 pen-

458 2650 719 2700 uitandum.
776 2652 824 2698 Δ
857 2646 1111 2698 stomacho
1167 2622 1474 2709 translatum,

460 2730 516 2779 in
539 2746 639 2795 quo
671 2744 775 2778 non
811 2729 960 2792 coqui
997 2725 1094 2776 cibi
1119 2727 1367 2789 dicuutur,
1391 2685 1475 2775 aed

1562 2580 1877 2629 sacramento3
1894 2532 2046 2635 ⁴quum
2062 2579 2233 2619 testem
2245 2570 2463 2632 jur-mm
2483 2586 2589 2619 eene

1564 2659 1801 2713 oporteat.

1640 2744 1687 2777 2.
1714 2726 1969 2793 Peq'urum
1994 2738 2045 2775 ee
2077 2726 2377 2776 mendaeem.
2410 2726 2589 2777 Cicero

458 2810 733 2874 concoqui3
761 2808 896 2872 quod
916 2818 990 2858 eat
1005 2817 1136 2855 oerte
1153 2810 1323 2869 majus,
1333 2818 1478 2871 atque
1564 2806 1616 2855 h.
1636 2806 1677 2857 1.
1698 2807 1959 2855 sententias
1986 2805 2053 2861 ad
2088 2822 2281 2855 cansam
2311 2822 2589 2855 accommo-

459 2904 653 2939 omuem
677 2888 778 2936 vim
797 2888 901 2953 ejus
925 2886 998 2937 rei
1021 2902 1078 2935 ae
1100 2886 1318 2935 laborem
1337 2885 1481 2951 signi.
1568 2885 1652 2933 dat
1671 2902 1687 2948 ;
1741 2897 1793 2935 et
1830 2884 1927 2933 hoe
1973 2901 2000 2933 a
2046 2886 2319 2935 stoicorum
2360 2885 2589 2935 doctriua

457 2966 591 3017 fient.

531 3044 582 3096 3.
603 3044 724 3110 Ejus
748 3044 895 3092 testis.
927 3042 1069 3092 Ordo
1096 3054 1202 3093 est:
1241 3046 1322 3093 An
1342 3043 1478 3094 infir·

459 3124 614 3175 mabit
645 3122 780 3188 apud
817 3122 1032 3185 judicem
1069 3122 1294 3171 Pisonem
1307 3100 1480 3175 fidem

459 3206 568 3266 ejus
595 3204 760 3261 testis,
801 3201 970 3266 eujus,
1004 3218 1155 3265 quum
1175 3200 1330 3261 iudex
1353 3201 1476 3259 fuit,

458 3285 526 3333 ob
565 3282 713 3333 fidem
751 3293 800 3330 et
837 3280 1150 3343 religionem,
1203 3281 1237 3330 i.
1279 3300 1322 3329 e.
1359 3282 1474 3345 quia

457 3360 646 3412 fidelem
687 3372 737 3409 et
779 3360 1056 3423 religionum
1109 3376 1219 3407 eum
1257 3360 1473 3421 judicem

452 3440 783 3501 existimabat,
807 3450 951 3489 testes
978 3438 1304 3503 comparabat.

529 3530 578 3577 4.
621 3520 827 3568 Fet-rem.
869 3518 1125 3567 Offerrem.
1174 3521 1236 3566 In
1275 3518 1474 3589 judiciis

453 3610 558 3647 tum
595 3600 834 3665 publicis,
870 3609 974 3649 tum
1017 3598 1222 3663 privatis
1254 3597 1470 3659 judicem

451 3690 604 3737 actor,
629 3695 773 3743 quem
791 3682 836 3726 ei
858 3677 1170 3725 commodum
1191 3688 1319 3737 erat,
1344 3678 1468 3725 offe·-

456 3755 592 3805 rebat
627 3774 738 3815 reo;
785 3774 894 3806 rena
943 3768 1028 3807 aut
1069 3756 1318 3806 recusabat
1333 3790 1348 3816 ,
1387 3768 1473 3807 aut

455 3835 820 3899 comprobabat.
839 3835 1170 3900 comprobato
1184 3837 1249 3884 ab
1269 3847 1472 3903 utraque

451 3925 588 3977 parte
609 3913 764 3975 judici
790 3928 969 3979 pretor
989 3916 1242 3977 iudicandi
1264 3927 1473 3981 potesta·

445 4004 546 4039 tem
567 3992 787 4053 faciebat,
815 3996 905 4043 hae
929 3996 1158 4053 formula,
1170 3995 1334 4061 judex
1353 4007 1468 4049 esto,

522 4073 660 4120 xvl.
695 4088 736 4120 1.
765 4072 1036 4138 Instar-acus.
1063 4074 1214 4123 Nullo
1248 4074 1472 4129 adhibito

1568 2965 1842 3032 depromit,
1880 2963 2013 3029 apud
2057 2982 2185 3029 quoa
2223 2964 2426 3029 aequalia
2470 2976 2589 3013 aunt

1565 3056 1763 3110 peecata
1788 3044 1969 3094 omnia.
1984 3042 2101 3093 vid.
2128 3045 2297 3093 Parad.
2318 3046 2408 3093 111.

1636 3126 1688 3174 3.
1714 3122 1893 3172 Schutz
1912 3122 2087 3182 verba,
2114 3124 2289 3187 utqui..
2354 3138 2590 3171 monsue-

1565 3205 1637 3252 νὴ
1653 3226 1707 3267 ιι,
1744 3220 1808 3251 ex
1843 3212 1959 3251 nota
2002 3202 2257 3265 marginali
2296 3203 2351 3249 in
2394 3212 2587 3250 textum

1560 3285 1749 3331 venisse
1769 3292 1929 3347 putat.
1952 3281 2088 3329 Idem
2115 3283 2291 3329 frustra
2310 3280 2478 3347 paullo
2496 3282 2584 3331 ins.

1562 3362 1764 3423 conjicit
1780 3396 1795 3421 ,
1840 3384 1867 3404 α
1895 3360 2018 3425 Quis
2059 3363 2189 3410 enim
2240 3361 2587 3425 deprecatione

1562 3440 1765 3489 deorum
1811 3452 2093 3502 moveatur,
2146 3440 2233 3504 qui
2274 3440 2587 3489 conscientiae

1560 3518 1659 3568 fide
1685 3535 1786 3568 non
1811 3520 2185 3569 commovetur?
2204 3541 2230 3561 ι·
2260 3520 2385 3567 J.v.
2405 3518 2460 3565 L.

1633 3606 1685 3657 4.
1710 3599 2073 3663 Deprecatione.
2099 3596 2457 3661 Imprecatione
2473 3596 2555 3645 illa
2570 3632 2587 3657 ,

1558 3694 1652 3743 qua
1678 3677 1721 3725 si
1742 3677 2053 3735 mentiamur,
2075 3676 2231 3723 divini
2250 3675 2463 3723 numinis
2482 3692 2587 3741 poe·

1558 3775 1671 3815 nam
1689 3756 2013 3823 deposcimus.
2042 3756 2165 3819 Quis
2188 3756 2319 3817 enim
2336 3754 2458 3805 deos
2476 3772 2589 3820 per·

1560 3835 1690 3885 fidiae
1706 3836 1922 3885 vindices
1939 3835 2202 3903 pejerando
2222 3846 2423 3897 metuat,
2432 3852 2587 3899 quum

1558 3915 1657 3964 fide
1684 3928 1733 3965 et
1758 3915 2057 3966 couscientia
2082 3932 2169 3964 sua
2188 3932 2289 3963 non
2315 3916 2593 3963 retinetur?

1558 4000 1701 4045 Errat
1723 3998 1924 4045 omnino
1950 3996 2000 4045 h.
2018 3996 2053 4045 Ι.
2071 3996 2337 4055 Manutius.

1632 4077 1663 4133 5,
1674 4112 1685 4124 .
1722 4075 1971 4135 Paceione.
2016 4078 2087 4125 Ex
2120 4075 2329 4137 formula,
2365 4085 2415 4123 et
2456 4085 2593 4123 certa
