2984 4684
653 394 760 465 IN
812 395 899 484 Q.
949 388 1487 471 CAECILIUM
1538 394 2103 468 DIVINATIO.
2314 400 2445 497 195

317 517 600 603 cedere,
651 542 766 589 an·
797 515 1244 615 optimorum
1302 513 2033 616 fidelissimorumque
2086 524 2449 594 sociorum

318 630 767 700 voluntatem
808 624 1006 724 apud
1040 622 1218 697 hos³
1257 650 1545 724 gravem
1584 650 1740 699 esse
1776 652 1926 700 non
1962 634 2347 728 oportere?
2384 638 2460 709 Si

316 738 383 809 id
433 738 739 811 audebis
785 736 1029 808 dicere
1050 790 1071 823 ,
1129 736 1335 833 quod
1367 742 1443 808 C.
1471 740 1767 825 Verres,
1804 740 1923 809 cui
1970 753 2039 811 te
2076 740 2453 816 inimicum

316 874 462 921 esse
501 848 832 935 simulam,
877 848 1189 919 maxime
1241 848 1636 919 existimari
1684 846 1873 938 vult,
1923 852 2201 924 Siculos
2237 854 2379 928 hoc
2414 882 2458 929 a

317 982 428 1029 me
459 984 614 1029 non
665 960 971 1057 petisse3
1029 959 1348 1055 primum
1393 980 1683 1029 eausam
1726 958 1995 1030 inimici
2042 962 2150 1031 tui
2206 963 2453 1037 suble·-

317 1069 576 1156 vabis⁴‚
614 1068 708 1139 de
739 1092 894 1166 quo
920 1092 1073 1137 non
1106 1067 1613 1166 praejudicium
1630 1064 1685 1157 ⁵,
1708 1068 1835 1140 sed
1863 1069 2078 1166 plane
2099 1072 2455 1166 judicium

311 1182 456 1275 jam
505 1176 776 1251 factum
834 1193 1161 1277 putatur,
1203 1178 1406 1275 quod
1455 1179 1557 1249 ita
1602 1177 2124 1277 percrebruit⁶‚
2176 1184 2459 1257 Siculos

318 1314 569 1362 omnes
597 1304 916 1361 actorem
941 1301 968 1346 ⁷
999 1312 1146 1361 suae
1182 1310 1410 1359 causae
1437 1302 1696 1360 contra
1723 1286 1912 1361 illius
1938 1292 2237 1386 injurias
2268 1316 2459 1391 quae·

319 1402 509 1473 sisse.
550 1406 708 1471 Hoc
739 1401 800 1470 si
837 1414 950 1488 tu,
989 1400 1329 1471 inimicus
1365 1400 1563 1493 ejuS,
1598 1397 1865 1471 sactum
1901 1400 2226 1498 negabis,
2256 1406 2488 1501 quod.

321 1512 471 1608 ipse
495 1564 512 1599 ,
551 1511 667 1581 cui
705 1511 1016 1581 maxime
1049 1508 1204 1580 haec
1238 1528 1358 1581 res
1393 1508 1679 1597 obstat,
1717 1532 1983 1607 negare
2019 1536 2168 1583 non
2208 1514 2461 1603 audet3

319 1622 591 1707 videm,
629 1645 724 1690 ne
761 1622 1070 1690 nimium
1119 1613 1610 1690 familiariter⁸
1664 1616 2072 1692 inimicitias
2126 1646 2459 1695 exercere

322 1731 630 1802 videare.
670 1730 951 1801 Deinde
983 1742 1160 1801 sunt
1193 1742 1446 1815 testes,
1487 1728 1625 1797 viri
1652 1726 2023 1799 clarissimi
2058 1744 2321 1803 nostrae
2354 1732 2461 1803 ci-

323 1839 554 1909 vitatis
577 1892 596 1925 ‚
631 1862 822 1936 quos
865 1862 1121 1909 omnes
1161 1862 1201 1908 a
1233 1861 1352 1907 me
1389 1838 1755 1908 nominari
1786 1862 1941 1909 non
1976 1853 2085 1909 est
2122 1864 2455 1915 necesse:

323 1970 480 2037 θος,
511 1950 644 2045 qui
677 1946 940 2019 adsunt
967 2000 986 2035 ‚
1018 1946 1442 2045 appellabo;
1479 1970 1703 2044 qum,
1746 1949 1804 2017 si
1834 1950 2210 2038 mentirer,
2244 1965 2459 2023 testes

223 2112 242 2129 .
325 2084 474 2131 esse
509 2058 978 2156 impudentiae
1009 2082 1186 2128 meze
1225 2058 1525 2128 minime
1552 2056 1835 2128 vellem.
1872 2058 2021 2127 Scit
2058 2059 2151 2146 is,
2188 2060 2315 2156 qui
2352 2076 2465 2133 est

325 2174 400 2241 in
437 2170 778 2257 consiste,
823 2172 903 2240 C.
933 2168 1352 2256 Marcellus3
1386 2171 1521 2239 scit
1557 2168 1649 2253 is,
1687 2190 1909 2264 quem
1940 2166 2187 2241 adesse
2218 2170 2467 2257 viden,

241 2346 250 2355 .
327 2284 460 2351 Cn.
491 2278 848 2351 Lentulus
875 2278 1332 2351 Marcellinus
1355 2290 1428 2349 9:
1463 2302 1785 2375 quorum
1808 2277 1953 2350 fide
1980 2292 2199 2377 atque
2226 2286 2465 2378 praesi·

327 2389 450 2461 dio
477 2388 700 2461 Siculi
749 2390 1058 2461 maxime
1099 2390 1460 2475 nituntur,
1493 2387 1698 2484 quod
1737 2390 2041 2460 omnino
2082 2392 2465 2463 Marcello-

327 2520 492 2570 rum
507 2500 786 2571 nomini
801 2512 954 2569 tota
967 2498 1088 2570 illa
1105 2500 1474 2597 provincia
1498 2498 1842 2591 adjuncta
1862 2510 1923 2543 ¹⁰
1944 2514 2073 2570 est.
2098 2498 2184 2570 Hi
2204 2503 2465 2591 sciunt,

329 2610 470 2683 hoc
503 2634 654 2681 non
683 2608 903 2715 mode
932 2634 973 2681 a
1001 2634 1118 2681 me
1158 2610 1469 2708 petitum
1506 2631 1662 2683 esse
1684 2662 1703 2697 ,
1746 2608 1871 2680 sed
1900 2610 1999 2680 ita
2034 2632 2224 2708 saepe
2260 2598 2333 2683 et
2368 2616 2499 2685 ita.

403 2782 457 2829 3.
485 2780 642 2844 Apud
661 2778 763 2828 hos.
792 2780 967 2829 Valere
993 2754 1126 2844 apud
1143 2778 1354 2839 indices.
1443 2780 1565 2826 nino
1612 2778 1859 2827 familiaris
1905 2778 2061 2843 reipsa
2106 2797 2209 2828 esse
2248 2782 2471 2834 videaris.

403 2866 454 2914 4.
474 2854 1030 2906 Sublembis.1.eviorem
1047 2858 1207 2907 facies.
1227 2858 1356 2907 Nam
1517 2875 1567 2921 9.
1594 2856 1923 2906 Marcellinus.
1960 2858 2050 2907 rue
2082 2874 2141 2909 ex
2178 2872 2319 2925 gente
2356 2862 2474 2912 Clo-

329 2937 374 2985 si
413 2936 603 2986 nullum
643 2947 856 2985 actorem
894 2939 1142 3001 petierunt
1173 2936 1356 2997 Siculi,

332 3032 435 3065 non
467 3018 620 3082 igitur
644 3018 709 3064 ita
736 3032 908 3080 graves
941 3026 1060 3064 sunt
1086 3032 1254 3065 eornm
1280 3016 1358 3064 in-

328 3096 500 3158 juria,
526 3112 684 3161 neque
717 3107 818 3143 tam
850 3112 1033 3144 nocens
1061 3106 1133 3144 est
1153 3098 1352 3154 Verres,

333 3190 484 3237 qnam
500 3174 726 3223 homines
741 3175 1056 3223 arbitrantur.

411 3253 460 3303 5.
490 3253 848 3319 Pru-judicium.
884 3253 1221 3319 Praesnmptio.
1256 3255 1358 3302 Ne·

333 3348 431 3395 que
464 3348 606 3380 cansa
639 3334 732 3380 ista
762 3332 1102 3399 praejudicata,
1139 3330 1225 3380 sed
1253 3348 1360 3381 om-

339 3412 464 3459 nino
506 3412 608 3473 jam
648 3411 864 3474 indicata
908 3422 960 3460 et
1003 3410 1226 3459 damnata
1270 3420 1360 3459 est.

341 3490 688 3551 ProeJ‘ndicimn
723 3490 966 3538 interdum
999 3500 1072 3538 est
1095 3490 1284 3553 signnm
1315 3498 1364 3537 et

335 3568 576 3619 indicium
617 3568 822 3630 judieii,
871 3579 930 3617 nt
977 3568 1076 3617 hoe
1117 3566 1252 3617 loco.
1288 3570 1364 3617 De

335 3648 638 3712 prejudiciis
657 3648 758 3696 vid.
779 3646 1069 3712 Quintil.V,
1089 3664 1140 3696 α.

407 3726 461 3775 6.
481 3726 608 3785 Alii,
632 3726 924 3792 percrebuit.
952 3730 1002 3777 J.
1012 3726 1075 3776 V.
1097 3728 1150 3775 1..

410 3820 458 3866 7.
483 3807 750 3855 meinardus
771 3802 909 3854 addit
932 3822 1024 3857 me.
1056 3808 1182 3857 JN.
1203 3806 1258 3854 L.

412 3888 462 3935 8.
486 3886 706 3935 Nimium
708 3884 1052 3951 juvenilior-iter.
1079 3886 1251 3933 Jocus.
1276 3884 1366 3933 Cn-

339 3974 456 4012 veto
507 3980 570 4013 ne
628 3965 833 4013 nimium
886 3965 1038 4012 amice
1089 3961 1367 4011 inimicitias

337 4057 595 4093 exercens:
621 4060 702 4106 nc,
719 4044 941 4107 quamvis
959 4042 1210 4091 initnicmn
1223 4040 1368 4091 Verri

339 4120 511 4173 haberi
547 4134 597 4172 te
623 4122 774 4187 velis,
797 4122 978 4172 amicus
1007 4132 1168 4171 tamen
1194 4134 1242 4172 et
1267 4138 1369 4171 oin-

1444 2938 1555 2999 din,
1581 2954 1693 3001 quoe
1720 2946 1793 2986 ent
1818 2938 2195 2999 Marcellorum,
2212 2942 2267 2988 in
2288 2942 2473 2991 Corne-

1442 3016 1559 3065 liam
1584 3016 1847 3081 adoptatus
1874 3019 2144 3069 transient.
2170 3020 2283 3069 Fuit
2308 3034 2473 3071 autem

1444 3096 1632 3144 romani
1656 3096 1806 3145 moris
1824 3108 1881 3145 nt
1899 3097 2120 3162 adoptati
2138 3098 2361 3147 homines
2383 3117 2477 3149 no-

1445 3190 1560 3224 men
1598 3174 1791 3223 familie
1824 3176 1930 3236 ein·
1966 3192 2031 3224 ex
2066 3192 2162 3240 qna
2190 3177 2475 3241 migrassent

1447 3270 1585 3301 novo
1626 3270 1717 3303 suo
1764 3255 1951 3303 nomini
1989 3256 2281 3320 jungerent,
2314 3259 2380 3305 ita
2418 3271 2478 3308 ut

1447 3332 1573 3379 iilud
1592 3333 1808 3396 paullum
1832 3332 2163 3393 deflecterent3
2193 3335 2263 3383 sic
2290 3354 2319 3385 a
2341 3340 2477 3386 Mar-

1451 3410 1587 3458 cellis
1620 3411 1959 3469 Marcellinus,
1984 3412 2047 3461 ab
2088 3416 2292 3463 AEmiliis
2322 3418 2477 3465 AEmi-

1449 3488 1609 3537 lienus
1623 3525 1639 3550 ,
1676 3488 1739 3539 ab
1772 3490 1989 3539 Octaviis
2024 3492 2320 3543 Octavianus
2347 3495 2476 3544 dice-

1450 3567 1615 3617 batur.

1486 3692 1497 3701 ,
1530 3660 1607 3695 10.
1644 3646 1878 3696 Gulielm.
1927 3646 2106 3713 aliique
2154 3660 2345 3699 tentant
2388 3654 2481 3703 ad-

1453 3726 1604 3793 dicta,
1622 3724 1871 3774 adcincta.
1886 3727 2082 3774 Gruter.
2102 3728 2269 3777 mallet
2286 3730 2481 3793 σὶἰεηια,

1379 3826 1388 3835 ·
1447 3818 1623 3853 vocem
1644 3820 1671 3851 a
1693 3803 1947 3869 Cicerone,
1964 3814 2020 3853 ut
2038 3804 2247 3867 videtur,
2258 3808 2481 3862 alienam.

1451 3883 1593 3933 Nihil
1618 3881 1925 3933 mutandum.
1956 3884 2151 3936 Terent.
2184 3888 2399 3954 Adelph.
2430 3894 2480 3955 Ϊ,

1461 3979 1507 4019 1,
1534 3971 1637 4024 47:
1679 3958 1831 4024 «ille,
1866 3976 2011 4027 quem
2040 3962 2280 4017 beneficio
2310 3970 2486 4032 adjun-

1457 4058 1608 4109 gas»,
1634 4052 1811 4106 nempe
1830 4040 1921 4090 tibi
1942 4052 2007 4092 nt
2020 4042 2104 4095 hic
2130 4047 2342 4107 nomini,
2367 4049 2417 4100 h.
2440 4068 2486 4101 e.

1457 4123 1697 4173 universe
1725 4122 1935 4171 familiae.

2134 4235 2157 4279 ι
2178 4212 2241 4283 3.
