2984 4684
389 324 400 334 ’
481 369 626 416 xxx
1283 346 1791 415 PRAEFATIO

481 470 922 538 imitatores»
942 487 1098 536 esse
1125 465 1470 538 dicerent.
1496 468 1585 536 Hi
1610 491 1841 563 quum
1870 467 2357 563 eloquentiam
2386 466 2607 540 imbe-

481 575 772 648 cillitate
795 598 926 668 sua
949 579 1404 662 metirentur,
1419 590 1494 647 et
1520 590 1803 649 tantum
1829 575 2601 675 laudarent‚quantum

477 713 554 762 se
599 711 810 784 posse
857 700 1227 782 sperarent
1277 688 1587 772 imitari3
1640 687 2131 784 eloquentiam
2182 688 2553 758 Ciceronis
2580 740 2603 773 ,

477 823 628 870 non
665 797 854 869 illam
883 795 1106 892 Lysia:
1137 809 1432 866 tenuem
1458 811 1533 868 et
1565 795 1827 868 exilem
1846 851 1867 884 ‚
1901 795 1993 868 ad
2024 797 2233 892 cujus
2270 799 2607 868 imitatio-

479 933 648 980 nem
667 931 746 980 se
773 919 964 977 totos
997 902 1619 977 conformaveram
1634 961 1655 994 ,
1674 905 1801 978 sed
1826 904 2194 1002 grandem,
2219 905 2603 978 uberibus·

477 1044 624 1116 que
667 1017 1040 1090 sententiis
1072 1015 1567 1088 abundantem
1586 1071 1607 1104 ‚
1664 1033 2029 1114 tamquam
2082 1019 2559 1114 copiosiorem
2583 1069 2603 1101 ‚

477 1123 1124 1227 reprehenderunt.
1156 1128 1503 1216 Quamvis
1538 1141 1779 1199 autem
1814 1151 2041 1224 genus
2075 1126 2257 1199 illud
2286 1129 2604 1198 Atticum

479 1243 558 1310 in
599 1236 762 1310 foro
781 1290 800 1322 ,
835 1237 1212 1332 causisque
1249 1234 1663 1309 forensibus
1702 1263 1857 1308 non
1893 1253 2139 1335 posset
2174 1240 2603 1322 consistere,

477 1362 684 1420 erant
719 1346 1188 1418 nihilominus
1223 1347 1352 1443 qui
1393 1361 1635 1444 partes
1668 1347 1824 1442 ejus
1852 1363 2287 1436 tutarentur,
2326 1350 2605 1444 quique

474 1459 662 1530 hanc
697 1472 964 1530 sectam
1007 1457 1511 1560 rationemque
1555 1457 1839 1530 dicendi
1878 1457 2377 1532 defenderent.
2418 1462 2607 1528 Istos

477 1567 828 1666 significat
840 1566 1110 1639 Tullius
1131 1565 1240 1637 his
1261 1566 1499 1639 verbis
1518 1569 1833 1664 (Tuscul.
1850 1573 1943 1655 ΙΙ,
1976 1569 2037 1660 ι)
2058 1595 2073 1637 :
2098 1570 2216 1639 «si
2242 1569 2607 1638 orationes

474 1693 738 1752 nostrae
761 1679 838 1748 in
869 1675 1509 1774 reprehensionem
1538 1679 2041 1766 incurrerunt3
2070 1677 2131 1748 si
2154 1673 2607 1773 reperieban-

475 1805 598 1862 tur
631 1787 968 1861 nonnulli
993 1789 1124 1884 qui
1157 1786 1338 1858 nihil
1377 1787 1780 1874 laudarent,
1816 1789 1951 1860 nisi
1990 1785 2189 1884 quod
2226 1811 2303 1857 se
2340 1788 2605 1856 imitari

481 1923 694 2000 posse
739 1896 1234 1984 confiderent;
1277 1921 1643 1994 quemque
1678 1895 2013 1995 sperandi
2051 1896 2224 1984 sibi,
2266 1894 2607 1967 eumdem

483 2027 558 2086 et
581 2010 778 2082 bene
807 2007 1092 2080 dicendi
1130 2005 1352 2079 finem
1385 2023 1917 2106 proponerent3
1970 2023 2045 2080 et
2078 2030 2309 2104 quum
2346 2003 2645 2076 obrue-.

479 2137 734 2194 rentur
765 2121 974 2217 copia
1009 2120 1533 2190 sententiarum
1564 2133 1783 2216 atque
1824 2116 2213 2190 verborum
2232 2169 2253 2203 ‚
2276 2115 2605 2210 jejunita-

479 2247 628 2303 tem
664 2246 738 2302 et
775 2229 1035 2302 famem
1073 2253 1148 2298 se
1197 2227 1446 2316 malle,
1485 2231 1705 2324 quam
1744 2225 2153 2300 ubertatem
2200 2240 2273 2297 et
2320 2226 2608 2322 copiam

479 2343 841 2430 dicerent,
899 2339 1096 2410 unde
1157 2353 1314 2410 erat
1365 2354 1701 2410 exortum
1754 2364 1983 2435 genus
2034 2339 2474 2422 Atticorum,
2520 2336 2607 2406 iis

479 2455 653 2552 ipsis
685 2454 814 2550 qui
847 2449 924 2522 id
959 2451 1166 2548 sequi
1203 2474 1278 2522 se
1315 2448 1867 2547 profitebantur,
1894 2451 2263 2546 ignotum3
2288 2449 2414 2542 qui
2454 2445 2605 2538 jam

477 2563 932 2648 conticuere,
975 2584 1181 2658 paene
1223 2559 1316 2630 ab
1365 2562 1525 2657 ipso
1572 2557 1732 2630 foro
1772 2561 2001 2630 irrisi:
2046 2557 2225 2656 quid
2275 2557 2605 2628 futurum

477 2687 816 2770 putamus
837 2727 857 2760 ‚
885 2693 1152 2768 quum,
1187 2685 1320 2742 etc.
1343 2700 1376 2736 n
1411 2673 1545 2741 Hic
1576 2667 1739 2740 fons
1770 2671 1991 2766 igitur
2016 2683 2087 2740 et
2122 2670 2329 2766 origo
2358 2679 2466 2739 est
2494 2689 2605 2736 ca-

475 2782 914 2854 lumniarum
951 2779 1220 2878 quibus
1253 2781 1528 2852 Tullius
1562 2805 1605 2852 a
1638 2781 1785 2852 suis
1824 2777 2221 2876 aequalibus
2264 2802 2451 2874 saepe
2496 2792 2609 2848 est

475 2894 800 2988 agitatus.
820 2893 1066 2980 Quum
1091 2888 1621 2986 eloquentiam,
1654 2915 1815 2987 quae
1852 2911 2021 2960 vera
2054 2889 2208 2960 laus
2242 2888 2429 2958 illius
2458 2900 2604 2974 est,

475 3005 576 3072 ita
607 2997 898 3072 ductam
923 2997 1016 3069 ab
1044 2997 1298 3070 humili
1334 2998 1789 3096 perduxisset
1814 2999 1902 3069 ad
1930 3023 2297 3070 summum
2315 3053 2333 3081 ‚
2358 3013 2441 3070 ut
2456 2998 2601 3092 jam

474 3111 696 3182 ceteri
743 3112 872 3205 qui
915 3105 1250 3180 vivebant
1299 3121 1621 3179 oratores
1641 3163 1662 3195 ,
1704 3133 1795 3180 eo
1844 3133 1921 3180 se
1968 3111 2343 3206 pervenire
2392 3131 2605 3205 posse

475 3245 630 3292 non
661 3218 1202 3304 arbitrarentur,
1231 3217 1321 3288 ad
1367 3217 1925 3290 malivolentiam
1958 3219 2323 3306 conversi,
2362 3215 2605 3288 obtre-

481 3331 796 3402 ctatione
833 3328 1114 3406 invidiae
1155 3352 1326 3400 eum
1373 3327 1895 3417 laceraverunt,
1940 3329 2145 3424 cujus
2184 3329 2605 3424 gravitatem

476 3443 550 3510 in
575 3437 918 3526 dicendo,
939 3440 1111 3526 vim,
1140 3453 1210 3510 et
1239 3442 1521 3536 copiam
1542 3463 1824 3535 aequare
1853 3438 2337 3536 desperarent.
2364 3443 2605 3534 Atque

475 3548 738 3620 deinde
777 3549 1110 3642 homines
1141 3551 1368 3644 ignari
1404 3548 1577 3644 quid
1608 3553 1839 3620 oratio
1874 3549 2177 3635 valeret,
2217 3564 2293 3619 et
2324 3573 2485 3645 quae
2512 3549 2607 3618 sit

476 3683 645 3730 vera
677 3660 902 3730 virtus
945 3658 1405 3756 eloquentiae,
1446 3663 1521 3729 in
1559 3663 1861 3730 istorum
1898 3663 2321 3733 auctoritate
2345 3713 2363 3745 ,
2408 3673 2481 3752 et
2524 3662 2602 3728 in

478 3767 614 3840 hac
633 3781 776 3838 tam
807 3766 1060 3865 frigida
1091 3768 1448 3839 calumnia
1482 3767 1947 3840 delituerunt.
1990 3771 2148 3840 Istis
2172 3770 2605 3865 eloquentia·

479 3903 623 3948 suae
654 3876 1262 3975 vituperatoribus
1298 3879 1691 3976 respondet
1720 3883 1970 3951 Cicero
2014 3881 2167 3978 ipse
2200 3905 2349 3950 non
2386 3903 2601 3974 argu-

479 3988 910 4074 mentand0,
973 4003 1098 4058 aut
1155 3987 1557 4060 rationibus
1616 3991 2039 4086 conquisitis
2104 3989 2195 4061 de
2256 3991 2601 4060 orationis
