2984 4684
493 329 628 429 ηδ
1123 328 1880 417 xExcmtsusi.

483 466 629 553 plus
655 460 943 525 veritatis
971 482 1169 548 quam
1193 457 1547 547 disciplinae
1574 458 1946 547 possidebat
1970 458 2041 523 in
2068 478 2175 524 se:
2213 480 2367 523 eum
2402 480 2620 548 popu-

481 571 583 634 lus
625 588 934 632 romanus
966 565 1300 629 meliorem
1329 565 1579 641 virum,
1620 588 1819 654 quam
1852 564 2235 629 histrionem
2268 588 2406 629 esse
2444 566 2622 629 arbi-

487 676 818 740 trabatur:
854 673 941 735 ita
977 670 1393 760 dignissimus
1430 688 1569 735 erat
1606 693 1795 735 scena
1830 686 2097 759 propter
2134 670 2509 753 artificium,
2545 686 2623 735 ut

483 782 900 873 dignissimus
934 795 1104 843 esset
1139 778 1315 843 curia
1348 795 1617 867 propter
1642 778 2161 843 abstinentiam».
2208 779 2338 843 Pro
2364 780 2623 843 Comoe-

487 889 610 971 dc,
648 910 787 975 cap.
808 887 869 951 6.

576 993 746 1058 Talis
787 991 950 1075 fuit,
1011 990 1065 1055 si
1102 990 1317 1054 Tullio
1357 989 1609 1074 credis,
1665 991 1750 1074 Q.
1788 990 2092 1072 Roscius,
2130 990 2325 1054 Tullii
2370 1011 2625 1054 amores

489 1119 554 1166 et
611 1099 885 1180 deliciae,
944 1120 1142 1185 quem
1205 1098 1344 1185 ipse
1389 1114 1617 1162 contra
1652 1098 1975 1162 Fannium
2014 1097 2343 1161 Chaeream
2397 1096 2626 1161 defen-

491 1207 617 1287 dit,
673 1220 741 1268 et
792 1203 977 1284 cujus
1041 1202 1306 1266 hortatu
1366 1202 1719 1285 Quintium
1781 1218 1972 1267 antea
2031 1200 2412 1267 defenderat
2468 1202 2629 1290 (pro

497 1310 814 1395 Quinti0,
847 1332 982 1397 cap.
1021 1307 1162 1396 24);
1193 1308 1378 1387 cujus
1417 1308 1485 1371 in
1529 1308 1933 1398 disciplinam
1968 1331 2263 1372 summus
2297 1308 2403 1371 ille
2433 1308 2531 1370 vir
2561 1330 2633 1371 se

494 1415 843 1481 tradiderat
873 1413 1272 1495 adolescens,
1299 1429 1377 1477 ut
1411 1413 1493 1477 ab
1531 1414 1643 1507 illo
1663 1415 1730 1478 in
1751 1415 2040 1497 actione,
2075 1437 2219 1503 quae
2247 1414 2314 1477 in
2350 1412 2631 1478 dicendo

497 1546 630 1587 una
657 1520 1054 1601 dominatur,
1089 1535 1155 1584 et
1181 1520 1248 1583 in
1282 1542 1410 1608 qua
1438 1520 1575 1609 ipse
1608 1520 1973 1601 laborabat,
2011 1535 2416 1583 exerceretur
2452 1518 2634 1607 (Plu-

499 1629 703 1694 tarch.
737 1628 804 1691 in
853 1626 986 1691 Cic.
1025 1649 1163 1714 cap.
1197 1625 1294 1714 5):
1331 1649 1484 1690 cum
1524 1650 1658 1715 quo
1690 1626 1917 1691 ludere
1952 1642 2177 1715 postea
2206 1626 2435 1697 solitus
2472 1624 2635 1705 fuit,

499 1751 598 1817 et,
632 1731 790 1797 dum
828 1732 1120 1796 animum
1153 1730 1521 1796 forensibus
1552 1733 1885 1797 laboribus
1919 1732 2258 1821 fatigatum
2288 1745 2636 1811 recrearet,

503 1837 898 1906 contendere
940 1855 1164 1902 utrum
1219 1838 1326 1902 ille
1373 1840 1605 1928 saepius
1658 1837 1951 1904 eamdem
2002 1840 2389 1903 sententiam
2446 1836 2638 1901 variis

503 1946 792 2037 gestibus
826 1943 1133 2027 efficeret,
1175 1968 1258 2008 an
1292 1946 1429 2035 ipse
1467 1968 1583 2033 per
1618 1945 2003 2035 eloquentiae
2045 1946 2297 2035 copiam
2337 1964 2641 2008 sermone

504 2052 762 2117 diverso
790 2052 1261 2139 pronuntiaret.
1304 2051 1468 2132 Quae
1510 2074 1611 2115 res
1646 2050 1729 2114 ad
1766 2050 1937 2115 hanc
1968 2051 2121 2115 artis
2164 2074 2297 2115 suae
2335 2047 2641 2114 fiduciam

504 2158 812 2221 Roscium
856 2156 1197 2237 abstraxit,
1247 2173 1325 2219 ut
1354 2156 1595 2219 librum
1642 2156 2115 2233 conscriberet,
2162 2179 2296 2244 quo
2329 2156 2644 2242 eloquen-

507 2266 664 2327 tiam
709 2286 860 2325 cum
906 2261 1246 2325 histrionia
1296 2279 1717 2351 compararet.
1763 2262 2055 2327 Macrob.
2094 2264 2355 2326 Saturn.
2386 2260 2483 2341 11,
2538 2281 2639 2322 ιο.

505 2367 697 2433 Unde
747 2369 998 2432 doctum
1035 2392 1186 2431 eum
1231 2383 1420 2431 vocat
1471 2368 1817 2449 HoratiuS,
1858 2368 2057 2457 Epist.
2088 2368 2187 2449 II,
2231 2390 2286 2449 1,
2324 2364 2431 2429 81.

594 2473 723 2539 Sed
749 2490 989 2562 quanta
1018 2474 1214 2562 gratia
1246 2471 1537 2538 floruerit
1556 2491 1620 2537 et
1639 2474 1841 2564 gloria
1864 2474 2157 2555 Roscius,
2184 2471 2347 2537 illud
2367 2472 2645 2535 maxime

511 2580 773 2662 indicat,
805 2579 987 2668 quod
1017 2602 1167 2644 eum
1197 2580 1268 2643 L.
1297 2580 1472 2643 Sulla
1496 2580 1793 2662 dictator,
1815 2581 1921 2645 cui
1944 2579 2307 2644 carissimus
2339 2578 2494 2656 fuit,
2526 2599 2647 2640 an-

510 2689 670 2751 nulo
689 2709 888 2750 aureo
911 2683 1267 2768 donaverit,
1285 2700 1350 2748 et
1376 2684 1741 2749 mercedem
1765 2685 2065 2750 diurnam
2087 2684 2169 2749 de
2188 2684 2451 2773 publico
2476 2680 2649 2746 mille

512 2792 835 2874 denariOS,
861 2791 1005 2881 gall.
1022 2792 1152 2855 820
1173 2790 1249 2855 fr.
1269 2790 1407 2854 sine
1427 2790 1791 2879 gregalibus
1808 2790 1984 2855 solus
2004 2791 2340 2880 acceperit.
2357 2788 2649 2853 Macrob.

513 2902 600 2963 ib.
625 2895 826 2981 Quod
853 2914 1068 2960 tamen
1089 2894 1173 2960 de
1191 2896 1340 2959 solis
1359 2896 1479 2959 illis
1500 2895 1729 2961 diebus
1746 2898 2157 2987 interpretor,
2173 2897 2411 2985 quibus
2436 2894 2503 2957 in
2524 2916 2655 2957 see-

515 3028 664 3067 nam
699 3000 1036 3091 prodibat:
1071 3000 1354 3088 alioquin
1394 3003 1681 3091 portenti
1714 3003 1923 3067 simile
1948 3020 2148 3086 esset,
2184 3002 2483 3067 histrioni
2505 2998 2653 3063 data

519 3111 714 3173 fuisse
749 3104 1166 3171 denariorum
1203 3107 1484 3201 366,000
1526 3132 1777 3193 annua,
1827 3108 1970 3198 gall.
2004 3110 2205 3173 ferme
2242 3108 2523 3191 300,120
2572 3106 2652 3169 fr.

515 3211 841 3305 Equidem
889 3214 1240 3277 immanem
1293 3214 1482 3278 istam
1538 3214 1958 3281 denariorum
2012 3238 2333 3279 summam
2390 3212 2524 3276 fere
2568 3209 2657 3275 ad

519 3322 774 3385 tertiam
804 3322 905 3383 sui
943 3337 1190 3407 partem
1225 3318 1477 3384 Tullius
1516 3320 1805 3403 reducit,
1842 3339 1907 3386 et
1939 3338 2159 3411 aperte
2209 3318 2491 3384 ostendit
2518 3320 2661 3381 Ro-

520 3428 655 3491 scio
693 3441 992 3490 sexcenta
1018 3426 1384 3489 sestertium
1415 3426 1649 3509 millia,
1682 3427 1827 3516 gall.
1856 3426 2136 3509 123,ooo
2168 3428 2244 3489 fr.
2283 3447 2501 3489 annua
2538 3422 2658 3487 de·

521 3550 694 3597 creta
726 3532 921 3595 fuisse
951 3553 967 3593 :
1006 3553 1151 3619 quae
1190 3532 1296 3595 ille
1329 3532 1489 3622 reip.
1520 3532 1923 3615 remittebat,
1947 3549 2142 3621 atque
2165 3556 2286 3621 pro
2310 3555 2425 3594 sua
2452 3529 2659 3594 animi

524 3632 972 3726 magnitudine
1028 3634 1464 3700 condonabat.
1523 3638 1756 3725 Neque
1808 3638 1981 3702 enim
2033 3638 2233 3702 ullam
2292 3632 2661 3699 mercedem

525 3744 811 3807 excelsus
861 3758 926 3805 et
964 3758 1216 3806 erectus
1247 3742 1538 3823 animus,
1582 3760 1814 3831 praeter
1858 3745 2027 3807 hanc
2068 3742 2275 3806 laudis
2311 3741 2663 3831 gloriaeque

525 3847 865 3911 desiderat.
913 3849 1067 3931 Quo
1102 3866 1394 3939 tempore
1425 3846 1721 3914 defendit
1766 3852 1847 3933 Q.
1875 3850 2183 3913 Roscium
2218 3850 2483 3929 Cicer0,
2532 3846 2665 3910 hoc

526 3971 656 4035 est,
703 3976 877 4017 anno
909 3952 1075 4043 677,
1123 3954 1256 4034 jam
1289 3956 1442 4019 anni
1481 3973 1665 4020 erant
1698 3956 1959 4041 decem,
2006 3980 2085 4021 ex
2132 3978 2267 4045 quo
2314 3954 2663 4045 gratuitam
