2984 4684
697 370 837 439 DE
885 370 1697 441 VECTIGALIBUS
1747 367 2016 441 REIP.
2073 385 2205 441 etc.
2386 366 2526 443 553

387 492 738 559 fidebatur.
775 490 940 557 Inde
970 492 1164 556 etiam
1199 513 1371 581 ager,
1397 491 1531 557 sive
1560 514 1877 579 pascuum
1899 493 2115 581 ipsum
2134 540 2153 575 ,
2186 491 2525 557 dicebatur

385 620 537 690 ager
567 597 1010 687 scriptuarius.
1027 596 1278 661 Festus.

474 705 608 789 Qui
643 727 797 769 vero
837 704 1155 794 pecudes,
1191 726 1350 792 quas
1389 725 1524 768 non
1564 721 1701 771 erat
1740 705 2106 794 professus,
2151 721 2270 770 aut
2305 705 2524 795 plures

385 833 582 899 quam
643 811 995 899 publicano
1050 807 1420 875 scribendas
1479 807 1782 892 dederat,
1838 811 2143 899 pavisset,
2194 812 2263 875 in
2315 812 2525 901 legem

385 915 744 981 censoriam
793 914 1140 979 incidebat.
1193 915 1402 979 Varro
1445 912 1530 977 de
1578 916 1675 978 Re
1722 918 1909 980 Rust.
1960 912 2073 979 lib.
2124 917 2189 979 11
2211 963 2231 998 ‚
2283 939 2421 1005 cap.
2467 939 2523 979 1.

387 1021 658 1087 Omissae
691 1022 1112 1111 professionis
1147 1044 1337 1110 poena
1372 1020 1635 1085 videtur
1664 1020 1901 1103 fuisse,
1962 1036 2039 1085 ut
2085 1044 2223 1085 non
2275 1022 2529 1110 scriptoe

384 1128 666 1217 pecudes
710 1129 1019 1195 caderem:¹
1065 1130 1132 1193 in
1180 1130 1603 1195 commissum
1640 1152 1655 1193 ε
1711 1144 1779 1194 et
1821 1146 1899 1194 ut
1944 1128 2359 1219 publicanus,
2406 1152 2529 1219 pro

383 1235 678 1324 vectigali
721 1234 1022 1300 fraudato
1041 1282 1061 1316 ,
1115 1258 1222 1299 eas
1273 1236 1398 1299 sibi
1445 1234 1825 1301 vindicaret.
1876 1237 2183 1301 Rixarum
2238 1248 2531 1324 pastores

381 1341 552 1405 inter
598 1358 666 1406 et
697 1340 1079 1430 publicanos
1115 1342 1537 1407 subortarum
1588 1343 1898 1431 frequens
1941 1340 2229 1406 occurrit
2278 1342 2529 1407 mentio

382 1444 557 1535 apud
589 1448 864 1515 Livium.
891 1447 1032 1512 Nec
1063 1449 1256 1513 etiam
1298 1448 1612 1513 continua
1650 1448 1771 1513 illis
1806 1463 1945 1513 erat
1974 1470 2127 1512 cum
2162 1446 2529 1513 aratoribus

383 1554 500 1639 qui
547 1576 736 1643 agros
777 1553 1073 1641 publicos
1123 1552 1573 1619 conduxerant
1588 1603 1607 1638 ,
1666 1552 2014 1619 concordia
2028 1601 2047 1635 ,
2104 1568 2181 1617 ut
2222 1569 2403 1643 patet
2449 1576 2529 1619 ex

383 1659 682 1748 Inscript.
709 1659 884 1749 apud
906 1659 1095 1725 Grut.
1120 1683 1266 1750 pag.
1304 1658 1456 1743 150,
1483 1660 1565 1723 n⁰
1599 1662 1673 1743 6,
1714 1684 1775 1748 7.
1800 1662 2005 1725 Erant
2031 1660 2207 1725 enim
2236 1677 2529 1749 pastores

384 1764 668 1829 silvestre
700 1787 905 1854 genus
938 1766 1318 1847 hominum,
1346 1782 1415 1831 et
1443 1766 1527 1831 ab
1562 1766 1967 1831 humanitate
1998 1764 2318 1831 alienum:
2348 1764 2525 1831 unde

273 1894 290 1913 ’
383 1885 448 1933 et
497 1870 630 1935 vias
685 1872 974 1962 publicas
1022 1873 1374 1937 latrociniis
1431 1896 1543 1937 eos
1596 1862 1931 1938 infestasse
2004 1888 2219 1939 narrat
2269 1872 2525 1953 Livius,

383 1977 711 2063 XXXIX,
747 2002 866 2066 29,
897 1995 962 2044 et
993 2003 1160 2069 saepe
1193 1996 1414 2045 motus
1450 1981 1827 2045 concitasse.

467 2083 622 2149 Haec
656 2102 828 2167 erat,
859 2085 1060 2151 libera
1095 2102 1162 2151 et
1186 2102 1398 2152 stante
1433 2086 1799 2176 republica,
1823 2086 1987 2151 ratio
2020 2086 2289 2175 triplicis
2324 2086 2523 2167 hujus

381 2190 738 2279 vectigalis,
772 2192 1082 2279 portorii,
1111 2191 1567 2276 decumarum,
1595 2210 1663 2259 et
1693 2194 2062 2283 scriptun&
2091 2191 2276 2281 quod
2302 2190 2525 2258 multis

381 2294 594 2361 modis
626 2298 837 2386 primo
863 2298 1286 2363 imminutum
1304 2347 1323 2379 ,
1349 2298 1587 2364 deinde
1614 2300 1888 2364 omnino
1914 2300 2245 2364 sublatum
2272 2315 2387 2363 est.

467 2404 568 2467 De
610 2403 918 2491 portoriis
956 2406 1090 2485 jam
1127 2402 1426 2467 diximus.
1475 2404 1791 2469 Eamdem
1833 2420 2075 2469 sortem
2116 2404 2406 2469 habuere
2456 2422 2525 2469 et

381 2507 517 2596 agri
551 2508 826 2597 publici,
862 2524 928 2572 et
965 2530 1202 2597 pascua
1231 2508 1537 2596 publica3
1586 2506 1769 2596 quod
1810 2508 2057 2571 factum
2104 2524 2203 2571 est
2237 2508 2519 2571 incredi-

380 2614 496 2679 bili
522 2613 924 2703 locupletum
953 2614 1247 2691 avaritia,
1282 2636 1410 2701 qua
1431 2612 1605 2702 pulsi
1631 2628 1787 2678 sunt
1808 2630 2090 2677 aratores
2126 2636 2203 2677 ex
2237 2613 2521 2701 antiquis

379 2721 933 2808 possessionibus,
968 2742 1130 2808 quas
1176 2718 1402 2785 divites
1437 2718 1578 2783 aliis
1610 2719 2015 2808 temporibus
2046 2719 2199 2785 alias
2232 2736 2520 2785 ementes

379 2827 852 2891 continuarunt
869 2874 888 2909 ,
934 2842 1002 2915 et
1045 2824 1366 2914 populum
1413 2847 1761 2889 romanum
1794 2826 2217 2916 vectigalibus
2250 2826 2521 2909 annuis,

378 2948 444 2995 et
483 2953 801 3019 pauperes
834 2931 1114 3019 propriis
1145 2930 1466 2995 alimentis
1498 2930 1961 3020 spoliaverunt.
1992 2932 2221 3020 ltaque
2255 2932 2361 2997 lex
2389 2931 2518 2997 fuit

379 3036 768 3119 necessaria,
820 3058 1016 3126 quam
1054 3038 1205 3102 tulit
1251 3039 1324 3102 C.
1364 3036 1651 3103 Licinius
1698 3038 1882 3102 Stolo
1927 3037 2235 3103 tribunus
2277 3037 2517 3126 plebis,

377 3164 552 3208 anno
591 3142 786 3207 Urbis
845 3142 970 3232 377
1004 3168 1019 3209 :
1081 3175 1107 3199 κ
1130 3144 1234 3209 Ne
1273 3143 1418 3231 quis
1471 3144 1621 3231 plus
1672 3144 2028 3232 quingenta
2066 3144 2294 3233 jugera
2342 3144 2519 3234 agri,

377 3266 642 3314 centum
670 3251 925 3338 pecoris
953 3249 1214 3330 majoris
1248 3249 1496 3339 capita,
1536 3250 1893 3339 quingenta
1922 3248 2195 3313 minoris
2229 3247 2521 3338 posside-

377 3370 536 3421 ret».
576 3354 858 3437 Liv.V1,
894 3352 998 3421 35.
1046 3354 1196 3437 Qua
1231 3376 1348 3421 sua
1392 3354 1535 3445 lege
1576 3355 1717 3443 ipse
1760 3356 2073 3445 vigesimo
2120 3377 2295 3419 anno
2330 3372 2517 3445 post,

376 3459 557 3548 quod
607 3461 781 3526 mille
817 3461 1123 3551 jugerum
1171 3461 1308 3551 agri
1363 3484 1515 3527 cum
1560 3460 1693 3525 filio
1736 3460 2128 3551 possideret,
2170 3460 2512 3529 damnatus

377 3582 493 3633 est.
529 3566 745 3651 Idem,
777 3568 936 3651 VII,
969 3568 1066 3633 16.
1105 3568 1331 3651 Quum
1363 3568 1791 3635 nihilominus
1816 3570 2059 3633 Licinia
2086 3570 2190 3633 lex
2221 3568 2511 3659 neglige-

374 3689 576 3757 retur,
607 3697 749 3739 eam
777 3674 929 3739 Tib.
961 3674 1388 3763 Sempronius
1416 3674 1751 3740 Gracchus
1775 3675 2080 3739 tribunus
2105 3676 2309 3764 plebis
2340 3699 2515 3741 anno

375 3780 570 3845 Urbis
599 3782 764 3863 620,
797 3803 964 3845 nova
997 3782 1136 3872 lege
1174 3782 1296 3845 sibi
1333 3780 1755 3847 muniendam
1789 3780 1994 3846 duxit.
2029 3782 2263 3869 Neque
2296 3784 2515 3849 minus

375 3904 594 3952 tamen
646 3886 907 3951 avaritia
963 3884 1292 3965 dominata
1337 3904 1454 3951 est.
1504 3886 1693 3977 Agri,
1750 3886 1933 3975 quod
1984 3887 2365 3976 Sempronia
2412 3890 2513 3953 lex

374 4009 699 4078 vetuerat,
731 4010 811 4059 ut
844 4009 1032 4058 antea
1065 3994 1258 4060 vendi
1295 4010 1665 4083 coeperunt,
1706 4012 1903 4083 atque
1936 3996 2025 4059 ita
2062 3996 2130 4059 in
2166 3994 2443 4061 divitum
2476 4020 2515 4061 a

376 4101 770 4188 pauperibus
817 4101 1174 4167 ementium
1225 4116 1612 4189 potestatem
1658 4101 1885 4191 redigi.
1927 4102 2050 4167 Cui
2092 4100 2517 4183 incommodo
