2984 4684
476 374 617 460 324
1118 368 1217 437 M.
1268 368 1347 437 Τ.
1400 368 1963 441 CICERONIS

474 520 639 593 quae
676 507 791 591 est
818 490 1069 589 opinio
1100 486 1485 561 hominum
1519 486 1612 561 de
1641 484 2004 562 Antonio⁵
2041 484 2216 561 falsa
2245 516 2262 561 ε
2303 512 2473 561 nam
2509 490 2616 565 fe-

474 608 577 677 cit
608 602 1150 701 diligentissime
1179 626 1198 669 ε
1238 624 1491 673 verum
1525 604 1620 673 sit
1654 597 1798 672 hoc
1825 624 2056 699 genus
2075 594 2107 641 ⁶
2153 600 2448 698 aliquod
2477 604 2616 673 mi-

473 716 673 787 nime
708 711 1195 812 probandum.
1254 710 1640 799 Audimus,
1671 710 1896 783 alium
1929 733 2082 782 non
2125 708 2220 782 ab
2257 712 2467 783 initio
2509 711 2615 783 se·

475 828 655 897 cisse
678 880 697 914 ,
738 822 867 897 sed
908 848 1001 895 ex
1050 838 1381 921 tempore
1431 822 1680 919 aliquo
1719 818 2126 893 confecisse·
2159 848 2178 891 :
2225 836 2334 895 est
2374 823 2618 920 aliqua

474 939 689 1009 etiam
730 934 1035 1031 hujusce
1070 932 1177 1005 rei
1220 932 1475 1024 ratioJ.
1519 936 1676 1002 Hoc
1711 955 1886 1003 vero
1927 955 2206 1002 novum
2242 945 2316 1003 et
2351 931 2616 1004 ridicu-

470 1044 626 1117 lum
646 1058 785 1133 est,
802 1041 1009 1141 quod
1028 1042 1150 1113 hic
1168 1040 1381 1114 nobis
1399 1040 1812 1139 respondit,
1840 1065 2074 1138 quum
2103 1038 2198 1112 ab
2225 1066 2314 1115 eo
2335 1040 2618 1114 tabulas

469 1154 1045 1254 postularemus:
1072 1176 1307 1250 usque
1338 1150 1431 1223 ad
1458 1154 1560 1222 M.
1587 1152 2006 1221 Terentium
2027 1146 2060 1196 ⁸
2086 1164 2162 1223 et
2183 1154 2262 1223 C.
2293 1154 2620 1225 Cassium

474 1265 811 1338 consules
850 1260 1284 1352 confecisse3
1322 1276 1578 1361 postea
1615 1260 1990 1334 destitisse.
2039 1260 2199 1333 Alio
2239 1263 2440 1350 loco,
2475 1261 2620 1335 hoc

473 1373 883 1474 cujusmodi
918 1374 1040 1463 sit,
1074 1370 1738 1446 considerabimus:
1771 1396 1972 1443 nunc
2007 1370 2190 1443 nihil
2228 1372 2321 1444 ad
2357 1397 2476 1446 me
2509 1388 2622 1446 at-

475 1488 689 1559 tinet:
710 1486 978 1556 horum
1006 1488 1201 1556 enim
1234 1499 1648 1582 temporum
1665 1536 1686 1571 ,
1727 1482 1806 1553 in
1830 1483 2102 1580 quibus
2129 1507 2329 1555 nunc
2350 1508 2620 1573 versor,

477 1596 715 1668 habeo
760 1594 1078 1690 tabulps‚
1120 1608 1195 1666 et
1230 1607 1423 1681 tuas,
1468 1608 1544 1665 et
1576 1592 1816 1692 patris.
1856 1592 2170 1664 Plurima
2205 1594 2410 1690 signa
2431 1594 2622 1693 ‚pul-

479 1706 837 1781 cherrima
856 1760 877 1795 ,
908 1705 1257 1803 plurimas
1282 1702 1562 1775 tabulas
1589 1704 1898 1801 optimas
1919 1702 2338 1803 deportasse
2362 1719 2435 1777 te
2455 1760 2476 1793 ,
2501 1730 2623 1777 ne·

476 1842 647 1915 gare
683 1842 837 1887 non
878 1829 1089 1913 potes
1122 1840 1139 1883 :
1178 1828 1398 1911 atque
1428 1814 1710 1884 utinam
1747 1813 1994 1912 neges!
2033 1818 2278 1886 Unum
2319 1814 2622 1889 ostende

476 1932 553 1999 in
581 1924 849 1999 tabulis
875 1939 1001 1996 aut
1038 1927 1181 1996 tuis
1214 1937 1338 1995 aut
1364 1924 1589 2022 patris
1616 1924 1724 1995 tui
1750 1939 2080 2023 emptum
2109 1950 2304 2016 esse3
2339 1928 2572 1999 vicisti
2597 1954 2620 1998 ε

476 2062 571 2109 ne
600 2036 753 2107 haec
790 2034 1087 2132 quidem
1125 2031 1275 2105 duo
1312 2034 1516 2131 signa
1555 2032 2082 2131 pulcherrima,
2107 2060 2270 2134 quae
2303 2062 2502 2109 nunc
2529 2036 2648 2133 ad⁸

478 2146 915 2245 impluvium
934 2156 967 2203 0
1002 2159 1217 2216 tuum
1246 2158 1471 2233 stant,
1503 2168 1668 2242 quae
1695 2144 1966 2215 multos
1990 2168 2226 2218 annos
2255 2146 2346 2218 ad
2383 2147 2626 2219 valvas

476 2260 785 2331 sunonis
834 2256 1087 2327 Samiae
1122 2268 1485 2327 steterunt
1506 2309 1527 2344 ‚
1567 2251 1872 2326 habes¹⁰
1913 2254 2292 2380 quomodo
2329 2258 2626 2347 emeris3

486 2370 716 2455 haec‚'
696 2390 1023 2464 mquam,
1050 2364 1225 2453 duo,
1254 2389 1419 2463 quae
1446 2366 1522 2435 in
1559 2362 1834 2435 aedibus
1871 2365 2014 2435 tuis
2049 2365 2256 2437 sola
2231 2391 2380 2462 Jam
2415 2381 2628 2455 sunt,

482 2502 647 2577 quae
682 2490 1039 2550 sectorem
1071 2486 1535 2574 exspectant,
1556 2472 1807 2546 relicta
1831 2497 1916 2546 ac
1941 2474 2284 2548 destituta
2307 2502 2350 2547 a
2369 2478 2628 2551 ceteris

484 2591 729 2689 signis.

580 2703 837 2771 XXIV.
882 2702 1010 2787 At,
1067 2696 1331 2769 credo¹
1343 2751 1363 2785 ‚
1400 2698 1478 2767 in
1531 2695 1724 2769 hisce
1767 2698 1938 2769 solis
1983 2696 2205 2771 rebus
2240 2698 2632 2772 indomitas

483 2806 913 2907 mpiditates
944 2821 1165 2905 atque
1191 2805 1578 2880 effrenatas
1605 2806 1922 2881 habebat
1951 2836 1968 2879 ε
2007 2826 2262 2882 ceterae
2291 2809 2632 2883 libidines

484 2982 802 3047 obsignandis
844 2984 1031 3043 literis,
1076 2996 1271 3032 reorum
1309 2998 1374 3033 ex
1412 2984 1518 3035 suis

489 3063 667 3112 tabuli-
708 3063 917 3129 quiaque
956 3062 1175 3111 damnari
1216 3064 1399 3129 ooepit,
1436 3076 1518 3113 to-

486 3152 585 3191 tum
608 3141 735 3190 hanc
753 3152 965 3191 veterem
984 3142 1389 3193 consuetudinem
1418 3160 1520 3194 oes-

486 3223 683 3271 savine.

560 3298 608 3351 5.
638 3303 713 3349 De
737 3298 974 3349 Antonio.
1002 3300 1238 3361 Oratore,
1270 3304 1327 3353 1..
1354 3303 1520 3354 Crasti

486 3380 667 3429 amulo
696 3389 748 3427 et
772 3378 965 3442 equali.
993 3378 1199 3428 Fallitur
1230 3383 1475 3433 Asconius
1494 3416 1516 3446 ‚

486 3458 577 3525 qui
602 3458 663 3506 de
692 3456 779 3506 illo
806 3457 1116 3505 M.Antonio
1144 3458 1341 3509 Cretico
1366 3464 1518 3513 iuter-

484 3549 721 3604 pretatur,
744 3535 831 3601 qui
856 3535 1066 3585 oratoris
1082 3535 1215 3585 filiu.
1232 3572 1247 3597 ‚
1277 3540 1519 3589 triumviri

487 3629 628 3683 pater
656 3617 767 3665 fuit.
794 3615 913 3665 Vid.
939 3615 1001 3665 de
1026 3618 1165 3665 Orat.
1184 3618 1264 3677 11,
1304 3620 1399 3678 23,
1428 3620 1518 3668 ubi

488 3696 595 3745 baec
618 3696 723 3760 ipsa
746 3695 808 3744 de
834 3712 885 3743 ae
913 3696 1038 3745 saluo
1056 3697 1238 3759 jactata
1258 3696 1333 3747 ait
1352 3700 1520 3747 Anto·

488 3776 602 3823 niun
634 3787 831 3824 orator:
852 3795 876 3818 ι
899 3786 1063 3825 tamen
1094 3792 1157 3833 ne
1193 3776 1383 3825 tabulas
1408 3776 1522 3840 qui-

486 3853 603 3901 dem
650 3852 891 3903 conficere
931 3854 1203 3905 existimor.
1232 3858 1417 3904 Verum
1470 3866 1524 3903 et

490 3932 545 3980 in
572 3932 669 3981 hoc
696 3950 759 3981 ex
786 3950 839 3982 re
860 3934 1083 3983 familiari
1102 3948 1237 3994 mea,
1256 3945 1307 3983 et
1334 3933 1389 3982 in
1406 3934 1524 3995 illo,

490 4028 556 4061 ex
572 4030 631 4061 eo
650 4012 785 4077 quod
808 4012 1229 4077 dicoflmmlum
1240 4012 1297 4061 id
1312 4030 1523 4079 cumque

488 4102 579 4151 est.
608 4092 744 4157 quod
763 4092 935 4140 faciam
952 4090 1165 4155 judicari
1184 4104 1351 4157 potent
1360 4114 1403 4143 ι..

1677 2987 1727 3035 6.
1754 2986 1828 3035 Sic
1865 2986 1960 3035 Ιιοσ
1993 3004 2164 3053 genus.
2201 2988 2311 3038 Sint
2347 2988 2633 3051 hujumodi

1605 3062 1829 3114 homiues
1853 3066 2007 3130 aliqui
2033 3066 2234 3115 mininie
2262 3067 2522 3131 probandi.

1682 3160 1730 3205 7.
1767 3144 1934 3193 flacio.
1959 3144 2212 3195 Defensio.
2233 3147 2402 3196 Potest
2421 3148 2519 3197 hoc
2543 3146 2634 3197 ali-

1605 3240 1704 3289 qua
1728 3224 1917 3272 ratione
1945 3224 2162 3274 defendi.

1679 3304 1728 3351 8.
1761 3302 1850 3352 Ad
1873 3306 1945 3352 M.
1974 3305 2264 3355 Terentium.
2292 3306 2481 3371 Nempe
2497 3322 2633 3375 auno

1607 3380 1710 3429 680
1727 3414 1744 3440 ,
1761 3396 1866 3445 quo
1881 3398 2014 3431 anno
2024 3386 2202 3432 Verres
2224 3400 2320 3449 pm
2343 3394 2556 3449 pretore
2576 3386 2634 3434 in

1605 3458 1820 3507 Siciliam
1859 3459 1995 3509 abiit.
2023 3462 2210 3511 Confer
2251 3464 2416 3530 Pighii
2446 3464 2632 3515 Amul.

1603 3540 1730 3589 XVI
1749 3538 1816 3588 ad
1839 3554 2020 3589 annum
2047 3542 2171 3592 680.

1677 3636 1732 3683 9.
1771 3618 2076 3683 Impluvae‘um.
2119 3621 2236 3671 Erat
2272 3638 2384 3671 area
2415 3621 2638 3673 aedificii»

1606 3698 1793 3758 cincta,
1812 3720 1839 3741 ι
1855 3714 1956 3763 quo
1981 3716 2108 3764 aqua
2133 3702 2404 3767 impluebat
2425 3702 2634 3753 collecta

1606 3794 1636 3825 e
1660 3788 1791 3826 tecto
1808 3798 1832 3821 a
1845 3812 1860 3837 ‚
1897 3778 1970 3827 ait
1987 3780 2175 3829 Festus.

1685 3870 1764 3905 ιο.
1800 3858 1985 3907 Habes.
2013 3859 2190 3907 Dicere
2223 3870 2394 3925 poten,
2427 3878 2524 3926 qua
2557 3876 2636 3910 ra-

1611 3936 1750 3984 tione
1772 3940 1965 3989 emeris.
1999 3940 2311 3989 Graecismun.

1681 4017 1875 4066 xm.
1909 4034 1955 4067 1.
1985 4022 2054 4069 Ae
2077 4020 2242 4068 credo.
2281 4020 2533 4070 Tranaitua
2569 4018 2634 4069 ud

1611 4092 1754 4145 aliam
1785 4096 2044 4149 criminum
2072 4099 2300 4165 speciem.
