2984 4684
700 356 1239 429 EXCURSUS
1297 358 1442 428 DE
1498 362 2153 432 PROVINCIIS.
2354 387 2489 459 227

365 487 742 556 Numidiam
789 488 1158 553 decreverat
1177 514 1234 572 »3
1281 488 1408 553 hoc
1445 504 1545 551 est
1558 537 1577 571 ,
1627 507 2085 579 prorogaverat
2105 500 2135 557 τ’
2172 490 2497 561 decretam

365 595 542 660 enirn
586 594 712 659 sibi
747 594 1000 657 consuli
1037 593 1169 673 jam
1211 615 1328 682 per
1373 593 1713 657 biennium
1766 595 2059 661 eamdem
2096 599 2515 685 provinciam·

366 700 756 765 obtinuerat.
792 696 984 787 Apud
1027 699 1450 764 Plutarchum
1500 700 1569 763 in
1609 700 1916 766 Gracchis
1946 724 1962 766 t
1999 733 2023 757 a
2039 704 2129 767 Ut
2162 705 2361 793 igitur
2386 705 2501 769 Pa-

365 823 496 871 tres
533 806 900 871 Gracchum
941 804 1188 870 diutius
1232 806 1302 868 in
1345 804 1637 869 Sardinia
1674 804 2073 890 detinerent,
2120 827 2199 873 ut
2237 812 2501 875 Orestes

367 912 598 977 consul
625 912 694 975 in
717 910 1012 975 Sardinia
1043 925 1362 993 maneret,
1395 909 1901 993 decreverunt»;
1925 933 2359 1003 prorogarunt
2381 918 2509 981 sci-

367 1018 516 1092 licet
561 1018 730 1081 ultra
777 1039 1026 1081 annum
1075 1016 1424 1105 imperium
1473 1018 1736 1099 Oresti,
1796 1019 1983 1100 cujus
2044 1037 2179 1084 erat
2224 1038 2517 1110 quaestor·

333 1152 341 1164 ·
371 1124 445 1186 C.
473 1123 822 1188 Gracchus.
859 1122 1058 1210 Apud
1096 1122 1460 1210 Appianum
1498 1122 1609 1187 lib.
1638 1125 1671 1188 I
1709 1120 1791 1187 de
1828 1124 2005 1189 Bello
2038 1125 2209 1189 civili
2240 1148 2257 1190 :
2305 1158 2332 1182 α
2356 1128 2504 1193 Sex.

369 1230 597 1309 Caesar,
637 1250 842 1316 quum
883 1227 1260 1316 deponendi
1299 1227 1589 1291 muneris
1640 1226 2069 1317 (consulatus)
2110 1247 2369 1320 tempus
2407 1257 2513 1297 ac-

369 1336 695 1415 cessisset,
723 1334 1080 1423 proconsul
1109 1356 1146 1396 a
1181 1348 1412 1399 senatu
1449 1333 1691 1398 electus
1726 1350 1824 1398 est
1844 1366 1889 1398 υ.
1922 1335 2021 1398 Ex
2060 1336 2301 1423 quibus
2344 1338 2505 1403 locis

369 1457 579 1529 patet,
605 1455 903 1505 senatum
939 1436 1287 1527 aliquando
1335 1439 1681 1528 imperium
1719 1462 2101 1529 prorogasse
2132 1442 2211 1506 iis
2248 1458 2507 1532 tempo-

369 1547 590 1635 ribus,
631 1548 770 1611 sine
804 1546 1030 1634 populi
1071 1546 1433 1634 rogatione.
1472 1546 1637 1629 Quae
1669 1569 1875 1633 quum
1908 1548 1997 1611 ita
2040 1570 2109 1611 se
2154 1548 2509 1631 haberent,

371 1654 496 1719 lata
531 1650 763 1715 deinde
795 1666 892 1715 est
915 1650 1019 1713 lex
1049 1650 1346 1714 Cornelia
1373 1648 1455 1715 de
1487 1650 1763 1739 imperio
1786 1642 1830 1715 ‘a
1860 1653 1933 1717 L.
1956 1652 2144 1715 Sulla?
2164 1651 2511 1720 dictatore:

376 1758 504 1821 -Ut
533 1758 646 1845 qui
678 1756 1078 1845 provinciam
1100 1754 1387 1837 haberet,
1423 1755 1478 1819 is
1508 1754 1761 1820 tamdiu
1784 1756 2111 1821 obtineret
2137 1758 2512 1848 imperium,

375 1860 592 1950 quoad
627 1860 694 1923 in
734 1860 978 1924 Urbem
1009 1860 1400 1924 introiisset»
1419 1907 1438 1939 ,
1463 1860 1787 1925 referente
1827 1860 2145 1927 Cicerone
2178 1863 2447 1950 epistola
2470 1888 2515 1951 9

375 1968 484 2032 lib.
505 1968 574 2031 I:
607 1988 736 2054 qua
764 1965 906 2053 lege
943 1965 1187 2029 factum
1223 1980 1358 2046 est,
1401 1979 1478 2029 ut
1509 1965 1757 2028 nemini
1792 1966 1859 2027 in
1906 1982 2243 2054 posterum
2280 1992 2511 2056 proro-

375 2087 634 2162 garetur
663 2070 1039 2158 imperium,
1077 2068 1257 2156 quod
1289 2092 1426 2133 non
1469 2068 1747 2156 amplius
1790 2068 1873 2133 ad
1916 2092 2165 2135 annum
2213 2069 2512 2157 daretur,

375 2177 487 2245 sed
523 2177 607 2242 ad
641 2193 900 2263 tempus
935 2173 1370 2239 indefinitum.
1401 2175 1663 2239 Etenim
1692 2198 1899 2264 quum
1926 2195 2235 2265 praetores
2259 2182 2519 2267 provin-

377 2286 622 2351 ciarum
651 2282 1024 2349 obtinerent
1051 2281 1400 2369 imperium
1419 2328 1436 2361 ‚
1486 2281 1707 2369 quoad
1741 2282 1810 2345 in
1850 2282 2099 2347 Urbem
2135 2284 2513 2371 rediissent,

377 2388 536 2477 quid
553 2411 722 2477 opus
749 2404 886 2452 erat
897 2409 1246 2475 prorogare
1259 2386 1414 2473 ipsis
1429 2386 1777 2473 imperium
1806 2402 1954 2455 ante
1975 2387 2259 2455 reditum
2282 2414 2514 2457 eorum

379 2497 447 2559 in
461 2492 747 2559 Urbem?
777 2494 1022 2557 Contra
1047 2506 1264 2555 tamen
1293 2490 1647 2577 quispiam:
1672 2492 1799 2571 An,
1822 2491 1875 2553 si
1902 2512 2263 2579 numquam
2291 2496 2518 2561 rediis-

305 2668 308 2671 ,
380 2617 557 2681 sent,
589 2599 935 2688 imperium
963 2617 1325 2683 numquam
1357 2594 1855 2683 deposuissent?
1877 2597 2185 2682 minime3
2220 2623 2373 2665 nam
2398 2602 2514 2665 ubi

380 2724 638 2773 senatus
665 2725 1104 2769 successorem
1131 2701 1439 2785 misisset,
1462 2700 1915 2773 decedendum
1949 2720 2085 2767 erat
2118 2705 2341 2770 eadem
2372 2708 2515 2795 lege

380 2813 710 2895 Cornelia,
737 2833 866 2900 qua
890 2809 1154 2898 triginta
1183 2822 1440 2873 tantum
1471 2806 1609 2871 dies
1632 2807 2157 2875 concedebantur
2182 2813 2517 2901 magistra-

381 2920 480 2985 tui
511 2918 596 2985 ad
639 2914 1119 2997 decedendum,
1153 2930 1499 3003 postquam
1530 2936 1973 2979 successorem
2006 2917 2075 2979 in
2112 2920 2513 3004 provinciam

381 3028 746 3116 ingressum
775 3038 1079 3105 noverat,
1118 3038 1278 3086 teste
1308 3021 1621 3087 Cicerone
1658 3022 1843 3109 epist.
1870 3044 1932 3109 7,
1970 3022 2077 3087 lib.
2114 3025 2244 3105 ΠΙ,
2277 3025 2361 3090 ad
2386 3028 2515 3114 Ap-

383 3134 592 3221 pium:
631 3130 804 3197 «sed
829 3152 908 3195 eo
940 3127 1282 3193 discessisti
1301 3177 1318 3203 ‚
1357 3149 1494 3215 quo
1527 3148 1648 3216 ego
1683 3142 1745 3191 te
1784 3148 1867 3192 ne
1906 3130 2212 3216 persequi
2247 3131 2513 3218 quidem

385 3260 643 3326 possem
685 3237 950 3327 triginta
988 3235 1250 3310 diebus,
1301 3236 1418 3323 qui
1453 3233 1575 3297 tibi
1609 3232 1691 3297 ad
1730 3231 2183 3299 decedendum
2221 3236 2361 3327 lege
2380 3287 2399 3319 ,
2444 3256 2519 3303 ut

387 3346 642 3433 opinor,
676 3342 972 3408 Cornelia
1023 3341 1363 3405 constituti
1408 3355 1625 3405 essent
1646 3370 1671 3395 n
1694 3363 1713 3420 ;
1735 3339 2052 3429 ..adeoque
2098 3344 2518 3431 perspicuum

387 3467 517 3533 est,
560 3448 918 3536 quemlibet
981 3445 1227 3511 tamdiu
1286 3446 1645 3511 obtinuisse
1682 3446 2081 3533 provinciam
2116 3470 2268 3511 cum
2308 3450 2521 3537 impe-

387 3556 486 3619 rio
538 3552 678 3617 sine
729 3551 1188 3640 prorogatione
1207 3598 1226 3629 ,
1275 3550 1593 3640 quamdiu
1652 3572 1985 3617 successor
2044 3551 2281 3615 missus
2335 3573 2522 3620 esset.

387 3658 878 3726 Advertendum
910 3673 1126 3721 tamen
1153 3670 1254 3721 est
1267 3702 1285 3737 ,
1323 3672 1390 3720 et
1424 3654 1693 3744 quidem
1724 3678 1803 3719 ex
1834 3676 2029 3744 supra
2056 3652 2241 3721 dictis
2256 3706 2278 3739 ,
2315 3660 2527 3749 legem

391 3768 758 3835 Corneliam
791 3766 1136 3856 gratiosam
1168 3764 1366 3829 fuisse
1399 3764 1877 3852 magistratibus
1895 3809 1914 3844 ,
1962 3786 2121 3835 non,
2142 3787 2523 3853 onerosam3

390 3892 500 3957 ut,
534 3876 589 3939 si
623 3874 784 3939 nihil
819 3872 976 3938 novi
1011 3886 1272 3937 senatus
1303 3871 1628 3952 statuisset
1644 3918 1663 3951 ,
1712 3869 1991 3939 retinere
2020 3889 2288 3959 possent
2318 3875 2529 3965 impe-

393 3985 600 4064 rium,
634 3984 751 4071 qui
775 3980 1050 4064 vellent3
1095 3978 1408 4047 decedere
1438 3978 1519 4047 de
1544 3978 1911 4067 provincia,
1942 3979 2055 4066 qui
2096 3980 2305 4045 otium
2334 3984 2528 4050 Urbis

397 4104 846 4176 praeoptarent.
2285 4174 2317 4201 Ρ

2239 4201 2259 4244 1
2280 4202 2343 4245 υ.
