2984 4684
814 384 1209 453 ORATIO
1246 384 1454 453 vno
1503 386 1571 453 s,
1611 384 2032 454 ROSCIO.
2395 366 2486 453 35

362 504 683 602 denique
705 518 983 602 patrem
1007 527 1161 576 esse
1186 528 1341 575 sese
1368 502 1946 575 oblivisceretur:
1976 526 2139 601 quae
2160 506 2315 574 sine
2343 528 2492 575 ma-

360 618 519 712 gnis
542 614 853 712 hujusce
876 618 1191 713 peccatis
1216 613 1544 687 accidere
1569 616 1890 712 potuisse
1918 637 2076 697 non
2102 611 2435 687 arbitror.

457 729 733 801 Verum
776 722 1104 796 concedo
1134 723 1267 797 tibi
1284 778 1305 813 ,
1348 738 1435 795 ut
1472 748 1558 797 ea
1586 737 1995 822 proetereaS,
2025 748 2225 822 quae,
2255 748 2490 822 quum

360 848 553 906 taces
584 888 605 923 ,
650 834 852 907 nulla
917 828 1071 907 esse
1136 832 1496 907 concedis.
1548 834 1766 907 Illum
1823 830 2122 931 quidem
2176 835 2490 919 voluisse

254 1008 261 1015 .
359 942 832 1032 exheredare,
870 958 1065 1018 certe
1097 959 1183 1029 tu
1210 947 1513 1045 planum
1544 942 1780 1015 facere
1811 942 2054 1016 debes.
2085 944 2282 1037 Quid
2313 972 2488 1043 ergo

358 1048 573 1133 affers
589 1106 610 1140 ,
640 1075 869 1148 quare
918 1052 997 1125 id
1050 1051 1323 1127 factum
1370 1056 1761 1154 putemus?
1817 1060 2000 1127 Vere
2048 1054 2230 1127 nihil
2277 1072 2487 1155 potes

358 1160 621 1235 dicere.
674 1166 893 1261 Finge
932 1163 1210 1264 aliquid
1252 1167 1503 1237 saltem
1542 1162 1924 1237 commode
1951 1218 1971 1252 ,
2015 1178 2100 1236 ut
2143 1190 2236 1237 ne
2275 1167 2490 1264 plane

358 1271 665 1347 videaris
687 1275 764 1346 id
794 1273 1053 1365 facere,
1080 1275 1285 1374 quod
1310 1290 1556 1375 aperte
1587 1274 1792 1363 faciS,
1825 1274 2045 1372 hujus
2079 1277 2318 1347 miseri
2347 1273 2492 1346 for-¹

362 1388 593 1473 tuuis,
642 1399 715 1456 et
752 1384 1020 1457 horum
1068 1390 1395 1459 virorum
1434 1383 1730 1458 talium³
1783 1384 2114 1484 dignitati
2162 1385 2487 1459 illudere.

359 1492 811 1567 Exheredare
852 1493 1089 1567 filium
1126 1497 1359 1603 voluit
1391 1523 1409 1566 ε
1444 1520 1668 1596 quam
1699 1495 1798 1568 ob
1830 1520 2118 1567 causam
2137 1494 2174 1564 '1‘-
2207 1499 2487 1569 Nescio,

359 1602 983 1677 Exheredavitne?
1014 1611 1205 1682 Non.
1228 1609 1412 1699 Quis
1437 1603 1868 1705 prohibui-t?
1907 1604 2310 1702 Cogitabat.
2347 1609 2488 1677 Co·

358 1714 678 1813 gitahat?
702 1720 823 1788 cui
856 1716 1083 1789 dixit?
1108 1720 1418 1791 Nemini.
1448 1716 1648 1809 Quid
1687 1732 1798 1789 est
1825 1714 2061 1803 aliud,
2080 1715 2385 1813 judicio,
2404 1738 2490 1786 ac

358 1826 641 1924 legibus
654 1883 677 1917 ,
712 1852 805 1900 ac
836 1830 1203 1926 majestate
1236 1844 1473 1903 vestra
1511 1828 1720 1901 abuti
1747 1828 1841 1901 ad
1873 1841 2230 1927 quaestum
2269 1842 2490 1924 atque

353 1934 449 2007 ad
478 1934 859 2009 libidinem
882 1991 902 2026 ,
937 1942 1075 2010 nisi
1106 1938 1251 2011 hoc
1283 1938 1506 2010 modo
1541 1963 1876 2011 accusare
1894 1993 1914 2028 ,
1942 1953 2164 2036 atque
2195 1936 2271 2008 id
2303 1937 2490 2034 obji-

358 2046 775 2149 cerenquod
804 2048 1104 2145 planum
1136 2046 1369 2121 facere
1396 2074 1549 2119 non
1596 2048 1818 2121 modo
1855 2073 2006 2120 non
2037 2044 2270 2147 possis
2287 2052 2342 2135 ⁴,
2369 2073 2490 2118 ve-

358 2180 527 2227 rum
568 2183 663 2229 ne
694 2162 977 2239 coneris
1018 2158 1363 2256 quidem?
1408 2162 1644 2231 Nemo
1685 2174 2016 2231 nostrum
2065 2172 2204 2245 est,
2237 2162 2494 2246 Eruci,

360 2270 547 2364 quin
602 2270 818 2357 sciat,
866 2268 999 2339 tibi
1044 2271 1457 2340 inimicitias
1511 2292 1677 2341 cum
1729 2274 1884 2342 Sex.
1933 2272 2195 2340 Roscio
2253 2269 2490 2340 nullas

360 2402 561 2449 esse:
604 2378 855 2450 vident
884 2404 1177 2467 omneS,
1219 2403 1365 2477 qua
1396 2379 1487 2451 de
1522 2404 1734 2451 causa
1774 2379 1948 2451 huic
1990 2382 2327 2451 inimicus
2371 2404 2492 2449 ve-

360 2491 551 2577 nias3
578 2492 821 2561 sciunt
848 2490 1153 2587 hujusce
1172 2486 1202 2533 ⁵
1225 2492 1540 2587 pecunia
1567 2503 1637 2560 te
1662 2488 2062 2560 adductum
2091 2512 2265 2559 esse.
2290 2486 2488 2577 Quid

360 2622 535 2695 ergo
562 2599 715 2671 est?
764 2602 864 2670 ita
894 2614 1135 2671 tamen
1169 2613 1485 2696 quaestus
1518 2613 1590 2670 te
1617 2597 1967 2698 cupidum
2009 2598 2162 2669 ess'e
2201 2610 2492 2693 oporte-

360 2706 486 2779 bat
506 2762 529 2797 ,
567 2722 653 2779 ut
680 2707 949 2779 horum
980 2712 1618 2797 existimationem,
1650 2723 1723 2780 et
1769 2708 2004 2805 legem
2044 2704 2490 2778 Remmiam⁶

360 2831 650 2915 putares
676 2816 961 2915 aliquid
990 2818 1620 2918 valere-oportere.

456 2930 614 2997 XX.
658 2929 1129 3000 Accusatores
1151 2938 1173 2970 ²
1214 2928 1483 2999 multos
1514 2951 1666 3007 esse
1699 2930 1776 2997 in
1809 2929 2095 2998 civitate
2139 2926 2314 2997 utile
2345 2940 2490 3015 est,

364 3050 447 3113 ut
470 3049 675 3107 metu
696 3040 1157 3111 contineatur
1180 3035 1485 3111 audacia
1511 3063 1529 3105 ε
1553 3049 2052 3109 verumtamen
2086 3034 2228 3105 hoc
2261 3036 2362 3103 ita
2383 3047 2492 3103 est

364 3145 575 3234 utile,
624 3158 709 3216 ut
738 3170 831 3217 ne
866 3146 1079 3260 plane
1122 3146 1516 3219 illudamur
1543 3146 1637 3219 ab
1667 3144 2227 3235 accusatoribus.
2263 3147 2488 3214 Inno-

432 3334 480 3383 ³.
511 3333 740 3382 Virorum
773 3333 962 3385 talium.
988 3334 1247 3396 Indicum,
1272 3337 1380 3401 qui·
1539 3338 1589 3386 ⁶.
1615 3337 1901 3386 Remmiam.
1939 3336 2015 3384 De
2042 3330 2492 3382 calumniatoribus.

366 3412 453 3461 bus
474 3412 681 3461 illudere
698 3410 897 3463 videris.
1466 3414 1596 3465 Vide
1611 3416 1722 3465 ind.
1741 3420 1940 3481 Legum.
1966 3413 2098 3464 Olim
2114 3434 2139 3454 a
2149 3408 2462 3460 Memminm·
2476 3442 2494 3467 ι

434 3502 481 3550 4.
502 3494 619 3540 Non
630 3488 805 3557 possit.
820 3492 1005 3542 Modus
1026 3492 1260 3543 efferendi
1283 3508 1379 3559 po-
1470 3494 1662 3544 vitiose.

366 3570 595 3630 tentiam,
622 3570 709 3635 qui
730 3586 837 3619 uon
872 3571 937 3621 ad
974 3574 1203 3621 Erucium
1235 3574 1381 3621 refer-
1539 3576 1659 3623 11.
1693 3590 1736 3623 ι.
1765 3577 2102 3623 Accusatores.
2137 3570 2492 3618 Accusator-um

366 3662 469 3708 mr,
500 3648 587 3698 aed
626 3650 891 3715 generatim
922 3662 1213 3716 usurpatur,
1244 3650 1383 3716 quani
1468 3655 1640 3702 Rome
1681 3652 1855 3718 triplex
1893 3664 2078 3716 genua:
2115 3664 2290 3712 nempe
2325 3646 2495 3694 adole-

369 3728 497 3778 dieat
538 3750 567 3772 c·
581 3744 683 3777 nou
718 3730 879 3794 poa-it
914 3731 1090 3796 aliquis
1104 3752 1148 3779 ιι.
1181 3730 1383 3780 Judicee
1468 3732 1734 3791 scentiam,
1763 3730 1851 3795 qui
1875 3729 2044 3794 glorie
2070 3744 2189 3793 ape,
2211 3725 2498 3791 potentie-i-

365 3808 488 3856 euim
514 3808 799 3873 alloquitur,
834 3821 894 3858 ut
914 3822 1115 3875 apparet
1139 3826 1200 3859 ex
1224 3809 1383 3858 verbis
1469 3826 1605 3857 mum
1641 3824 1884 3874 quemque
1922 3806 2229 3857 accusabant.
2269 3804 2492 3855 Alterum

369 3906 391 3927 ο·
410 3888 652 3950 majestate
674 3898 836 3937 vestra
851 3908 896 3937 ι.
1472 3904 1624 3953 genua
1648 3888 1746 3937 fuit
1769 3887 1986 3935 virorum
2013 3884 2212 3934 fortium
2243 3894 2293 3932 et
2311 3884 2365 3931 iu
2393 3894 2496 3930 arte

437 3967 486 4015 5.
512 3966 745 4033 Hujusce.
775 3966 837 4017 Τ.
862 3970 1031 4017 Roscii
1066 3968 1268 4032 Magni,
1296 3969 1383 4033 qui
1472 3967 1683 4015 oratoria
1709 3968 1807 4029 jam
1833 3963 2264 4020 'coufirmtomm‚
2292 3962 2378 4025 qui
2413 3970 2498 4009 aut

372 4043 449 4093 hie
486 4046 655 4107 adeat,
704 4047 913 4113 pecunia
963 4059 1281 4112 corruptum,
1320 4049 1385 4097 ad
1472 4046 1651 4111 privati
1691 4046 1797 4095 odii
1832 4060 2003 4101 causa,
2049 4054 2134 4091 aut
2175 4042 2296 4107 reip.
2329 4039 2498 4089 studio

368 4124 686 4175 accusandum
723 4124 778 4173 S.
798 4125 1029 4177 Roscium
1066 4126 1383 4178 desoeudiaee.
1472 4124 1702 4185 adducti,
1746 4124 1868 4175 alio·
1905 4122 2336 4191 persequebamur.
2379 4120 2502 4167 Ter·
