2984 4684
792 358 903 431 IN
950 352 1381 453 VERREM
1428 358 1643 427 AcT.
1688 358 1803 446 11,
1853 359 2042 429 Lm.
2092 359 2148 427 1.
2377 312 2536 430 '301

410 483 553 555 hoc
592 486 684 554 sit
718 505 1057 569 necesse3
1102 499 1355 551 verum
1390 492 1475 550 ut
1523 481 1873 577 experiar,
1909 494 2160 553 utrum
2203 478 2324 551 ille
2369 478 2551 552 ferat

408 593 820 679 molestius,
856 616 972 663 me
1008 604 1185 660 tunc
1222 591 1532 663 tacuisse
1553 642 1573 675 ‚
1613 612 1705 659 au
1753 612 1950 659 nunc
1985 588 2250 662 dicere.
2291 593 2426 678 Hic
2463 604 2546 661 tu

408 700 713 774 fortasse
754 704 897 773 eris
931 700 1267 798 diligens,
1313 724 1408 771 ne
1446 723 1670 797 quam
1712 723 1850 796 ego
1887 690 2141 771 horam
2178 698 2268 771 de
2289 698 2318 744 ⁵
2365 704 2544 772 meis

362 870 367 881 ,
408 812 749 910 legitimis
792 812 997 883 horis
1042 813 1459 882 remittam:
1511 811 1650 880 nisi
1695 812 1893 879 omni
1939 823 2303 908 tempore,
2341 808 2547 907 quod

410 925 587 995 mihi
626 923 781 1019 lege
819 944 1246 994 concessum
1276 933 1385 993 est
1406 974 1426 1009 ,
1450 919 1726 991 abusus
1751 944 1880 991 ero
1898 972 1918 1007 ,
1949 944 2298 1017 querere3
2323 920 2546 992 deum

409 1050 629 1133 atque
702 1033 1087 1105 hominum
1151 1028 1375 1101 fidem
1448 1028 1928 1128 implorabisr,
1989 1026 2550 1101 circumveniri⁶

409 1149 490 1219 C.
513 1150 854 1232 Verrem,
920 1138 1124 1240 quod
1170 1154 1544 1213 accusator
1603 1138 1790 1210 nolit
1839 1137 2150 1225 tamdiu,
2197 1139 2552 1236 quamdiu

410 1254 619 1325 liceat
640 1306 659 1341 ,
693 1252 957 1324 dicere.
997 1250 1217 1342 Quod
1250 1250 1427 1321 mihi
1450 1250 1568 1322 lex
1597 1274 1998 1322 meacausa
2016 1261 2042 1306 ⁷
2065 1249 2223 1336 det,
2251 1275 2340 1322 eo
2369 1251 2550 1323 mihi

408 1389 563 1435 non
598 1366 707 1434 uti
734 1386 887 1441 non
914 1360 1211 1433 licebit?
1244 1385 1416 1432 nam
1443 1359 1829 1431 accusandi
1865 1360 2044 1431 mihi
2071 1375 2358 1460 tempus
2387 1386 2550 1434 mea

408 1498 623 1545 causa
676 1471 927 1544 datum
976 1486 1125 1559 est,
1192 1485 1276 1543 ut
1326 1494 1616 1569 possem
1661 1474 1994 1544 oratione
2041 1496 2202 1543 mea
2248 1475 2550 1543 crimina

408 1608 843 1681 causamque
884 1582 1285 1680 explicare:
1328 1580 1472 1653 hoc
1505 1584 1566 1652 si
1599 1606 1754 1653 non
1793 1596 1984 1665 utor,
2005 1606 2162 1653 non
2199 1580 2331 1652 tibi
2364 1581 2554 1676 inju-

406 1698 583 1765 riam
623 1692 849 1781 facio‚
892 1691 1017 1764 sed
1064 1692 1157 1763 de
1192 1715 1358 1763 meo
1386 1692 1553 1787 jure
1582 1690 1858 1791 aliquid
1895 1706 1969 1763 et
1997 1694 2385 1764 commodo
2423 1692 2552 1764 de-

407 1804 639 1875 traho.
677 1807 979 1875 Causam
1014 1805 1207 1874 enim
1226 1796 1282 1889 ⁸,
1320 1804 1598 1899 inquit,
1625 1804 1964 1901 cognosci
1988 1818 2302 1901 oportet.
2333 1808 2432 1874 Ea
2467 1829 2548 1876 re

407 1914 746 2011 quidem,
784 1911 989 2011 quod
1042 1913 1249 1985 aliter
1292 1911 1766 1985 condemnari
1809 1935 1979 1983 reus
2003 1962 2024 2000 ,
2078 1916 2408 2008 quamvis
2450 1916 2548 1986 sit

408 2046 679 2095 nocens
706 2078 725 2113 ,
772 2048 927 2094 non
970 2038 1229 2125 potest.
1296 2022 1384 2094 Id
1434 2026 1659 2120 igitur
1699 2038 1784 2094 tu
1828 2022 2133 2095 moleste
2173 2024 2443 2124 tulisti,
2507 2050 2551 2097 a

406 2159 525 2205 me
563 2132 839 2231 aliquid
875 2132 1147 2205 factum
1182 2158 1336 2207 esse
1365 2187 1385 2222 ‚
1424 2159 1577 2230 quo
1611 2137 1854 2206 minus
1899 2137 2032 2206 iste
2076 2134 2550 2207 condemnari

407 2244 703 2339 posset?
731 2268 902 2314 nam
940 2267 1151 2315 causa
1175 2247 1467 2341 cognita
1494 2243 1708 2315 multi
1741 2260 2056 2343 possunt
2088 2244 2362 2318 absolvi
2395 2274 2411 2317 :
2439 2251 2548 2318 in·-

408 2356 695 2451 cognita
760 2353 1058 2451 quidem
1138 2353 1605 2423 condemnari
1676 2378 1893 2425 nemo
1956 2368 2218 2453 potest.
2287 2354 2544 2426 Adimo

408 2466 608 2535 enim
684 2462 1417 2562 comperendinatum
1440 2474 1496 2532 9.
1573 2461 1796 2555 Quod
1865 2461 2088 2535 habet
2149 2463 2264 2534 lex
2331 2467 2408 2535 in
2469 2489 2546 2537 se

1522 2656 1601 2689 me
1643 2656 1730 2689 reo
1775 2640 2338 2705 comperendinationem
2354 2674 2370 2699 ‚
2421 2640 2462 2690 ἰ.
2501 2658 2544 2692 e.

1523 2736 1680 2768 cause
1730 2720 1782 2767 in
1835 2720 2030 2769 tertium
2079 2718 2209 2766 diem
2257 2718 2545 2771 dilationem

1521 2796 1690 2865 (quam
1707 2800 1812 2863 lege
1831 2799 1892 2848 de
1909 2797 2193 2862 repetundis
2211 2800 2354 2860 jussit
2371 2800 2426 2849 C.
2437 2798 2549 2849 Ser-

1519 2878 1668 2926 vilius
1687 2878 1890 2929 Glaucia
1911 2878 1978 2927 A.
2002 2880 2064 2925 U.
2091 2878 2190 2927 653
2213 2876 2414 2943 pretor)
2429 2916 2447 2943 ‚
2463 2895 2546 2929 au-

406 2644 599 2693 actione
652 2648 848 2693 constat
899 2658 1037 2691 reum
1086 2639 1278 2690 absolvi
1330 2656 1435 2689 non

406 2740 571 2789 posse.
779 2720 786 2729 ⁸

480 2803 529 2850 5.
560 2805 636 2850 De
668 2802 807 2851 meis.
840 2805 915 2851 De
939 2816 999 2849 eo
1028 2810 1274 2863 tempore,
1295 2799 1433 2864 quod

406 2882 529 2929 mihi
542 2882 624 2929 lex
649 2881 716 2930 ed
734 2880 1061 2931 accusandum
1080 2878 1273 2928 tribuit.
1289 2880 1433 2927 Tem-

406 2978 500 3026 pus
548 2960 806 3010 definitum
832 2962 1022 3010 Tullius
1067 2961 1242 3009 horam
1286 2972 1434 3011 vocat

406 3058 568 3107 ssraeco
586 3058 739 3091 more.
752 3042 939 3107 Viginti
957 3041 1059 3091 dies
1076 3040 1233 3089 actori
1250 3040 1432 3089 daban-

408 3132 489 3169 tur
524 3121 588 3170 ad
617 3120 969 3179 accusandum,
1009 3119 1314 3184 totidemque
1345 3118 1431 3167 de·

408 3200 591 3248 sensori
617 3200 682 3249 ad
709 3200 1121 3264 respondendnm.
1162 3196 1298 3248 Nota
1330 3199 1431 3247 iro·

404 3279 537 3325 niam
566 3278 620 3325 in
643 3278 742 3326 hoc
768 3288 875 3327 toto
903 3279 1036 3329 loco.

479 3356 529 3405 6.
552 3354 907 3405 circumveniri.
932 3356 1148 3407 subaud.
1171 3358 1429 3407 clamabis.

482 3452 531 3497 7.
553 3437 673 3484 Mea
699 3450 870 3486 causa.
890 3438 1095 3501 Propter
1116 3453 1271 3486 meam
1296 3438 1433 3487 utili-

314 3537 321 3545 ·
408 3526 580 3581 mem.

480 3596 528 3643 8.
563 3593 775 3643 Causam
807 3592 953 3643 enim.
990 3594 1269 3658 Pmpositio
1306 3598 1433 3647 Hor-

408 3674 549 3723 tensii
569 3687 584 3721 :
611 3672 693 3721 eui
714 3672 981 3737 respondet
1004 3672 1180 3721 Cicero
1210 3673 1351 3722 fateri
1379 3691 1433 3723 se

342 3744 345 3749 ¹
406 3768 599 3801 cansam
646 3752 878 3816 cognosci
926 3763 1155 3815 oportere
1204 3766 1309 3801 eam
1362 3753 1429 3802 ob

406 3848 505 3881 rem
518 3868 532 3892 ‚
556 3831 694 3897 quod
708 3832 865 3891 aliter,
881 3840 974 3880 etc.
1014 3884 1023 3887 ,

478 3928 530 3975 9.
550 3911 631 3960 ΔΙ.
652 3910 1143 3978 comperendinatum
1157 3945 1173 3969 ,
1203 3928 1253 3976 q.
1288 3912 1343 3961 J.
1361 3914 1430 3963 V.

408 3992 465 4038 1..
493 4018 565 4027 —
600 3992 799 4041 Adime.
826 3990 993 4040 Verba
1029 3990 1135 4039 baec
1178 3984 1434 4040 Hortensii

408 4070 605 4121 nomine
634 4071 900 4137 dicuntur;
921 4070 1059 4137 quasi
1082 4081 1225 4133 esset,
1237 4081 1288 4121 at
1310 4070 1434 4121 dieis

1521 2958 1660 3008 ferre.
1706 2958 1863 3007 Notat
1899 2958 2145 3006 Asconius
2159 2992 2174 3017 ,
2216 2961 2551 3023 competendi*

1521 3048 1636 3087 nato
1655 3038 1872 3101 judicio,
1891 3037 2052 3087 dicere
2075 3038 2294 3103 priorem
2321 3038 2550 3087 defenso-

1520 3134 1622 3166 rem
1637 3154 1652 3182 ,
1697 3120 2018 3183 posteriorem
2049 3134 2166 3165 vero
2202 3128 2549 3166 accusatorem.

1518 3209 1567 3246 et
1589 3198 1916 3247 defensionem
1941 3209 2186 3261 tamquam
2208 3198 2262 3244 in
2281 3197 2444 3245 medio
2457 3214 2550 3262 po-

1519 3278 1660 3325 sitam
1685 3278 1748 3327 ab
1775 3277 1950 3351 ultimo
1971 3278 2116 3327 obrui
2136 3287 2432 3326 accusatore.
2453 3278 2544 3325 Ce-

1521 3368 1679 3405 terum
1729 3356 1853 3405 illud
1901 3373 2006 3405 non
2062 3357 2177 3405 satis
2219 3366 2412 3404 constat
2428 3389 2445 3415 ,
2497 3366 2547 3404 et

1519 3437 1740 3500 quamvis
1765 3436 1900 3485 docti
1925 3437 2021 3483 viri
2047 3436 2266 3500 plerique
2299 3434 2513 3499 probent
2527 3468 2544 3494 ,

1519 3530 1623 3563 non
1669 3515 1794 3564 male
1844 3516 2122 3563 adversatur
2169 3514 2408 3561 Ferratius
2435 3549 2452 3576 ,
2498 3526 2550 3564 et

1521 3605 1779 3659 postquam
1807 3596 2044 3643 rationem
2068 3594 2212 3642 istam
2243 3593 2326 3639 isti
2353 3592 2450 3657 legi
2475 3610 2551 3642 re·

1519 3688 1738 3738 pugnare
1794 3673 1966 3723 docuit
1979 3708 1995 3733 ,
2042 3674 2206 3738 ipsum
2260 3672 2548 3721 Ciceronem

1520 3752 1739 3801 Asconio
1755 3753 1984 3818 opponit.
2001 3753 2192 3815 Nempe
2205 3766 2299 3815 pro
2315 3752 2522 3801 Fonteio
2533 3786 2549 3813 ,

1529 3834 1623 3882 13:
1644 3854 1671 3873 ι
1690 3832 1767 3881 Μ.
1793 3832 2022 3880 Fonteius
2041 3832 2110 3880 ita
2129 3829 2320 3879 duabus
2346 3830 2551 3879 actioni-

1523 3913 1618 3961 bus
1642 3922 1894 3961 accusatus
1919 3921 1992 3959 est
2009 3944 2026 3969 ,
2061 3919 2117 3958 ut
2151 3910 2398 3972 obiectum
2425 3910 2550 3958 nihil

1521 3992 1614 4050 sit,
1644 4006 1746 4056 quo
1787 3988 2051 4056 significari
2089 3989 2347 4054 vestigium
2383 3988 2551 4037 libidi-

1523 4070 1600 4119 nis
1621 4104 1636 4131 ,
1685 4081 1769 4118 aut
1813 4068 2028 4119 andacia
2071 4070 2230 4135 possit
2249 4091 2293 4117 υ.
2349 4066 2552 4118 Duabus
