<?xml version="1.0" encoding="UTF-8"?>
<!DOCTYPE html PUBLIC "-//W3C//DTD XHTML 1.0 Transitional//EN"
    "http://www.w3.org/TR/xhtml1/DTD/xhtml1-transitional.dtd">
<html xmlns="http://www.w3.org/1999/xhtml" xml:lang="en" lang="en">
 <head>
  <title>
</title>
<meta http-equiv="Content-Type" content="text/html;charset=utf-8" />
  <meta name='ocr-system' content='tesseract 3.04.00' />
  <meta name='ocr-capabilities' content='ocr_page ocr_carea ocr_par ocr_line ocrx_word'/>
</head>
<body>
  <div class='ocr_page' id='page_1' title='image "./mtciceronisquae03lemagoog_0119.png"; bbox 0 0 2984 4684; ppageno 0'>
   <div class='ocr_carea' id='block_1_1' title="bbox 806 368 2474 474">
    <p class='ocr_par' dir='ltr' id='par_1_1' title="bbox 806 368 2474 474">
     <span class='ocr_line' id='line_1_1' title="bbox 806 368 2474 474; baseline 0.007 -39"><span class='ocrx_word' id='word_1_1' title='bbox 806 368 1177 437; x_wconf 81' lang='lat' dir='ltr'><strong>ORATIO</strong></span> <span class='ocrx_word' id='word_1_2' title='bbox 1230 370 1431 437; x_wconf 86' lang='lat' dir='ltr'><strong>PRO</strong></span> <span class='ocrx_word' id='word_1_3' title='bbox 1480 370 1548 437; x_wconf 83' lang='lat' dir='ltr'><strong>s</strong></span> <span class='ocrx_word' id='word_1_4' title='bbox 1603 372 2005 443; x_wconf 80' lang='lat' dir='ltr'><strong>Roscm.</strong></span> <span class='ocrx_word' id='word_1_5' title='bbox 2379 400 2474 474; x_wconf 87' lang='lat'><strong>79</strong></span> 
     </span>
    </p>
   </div>
   <div class='ocr_carea' id='block_1_2' title="bbox 320 486 2578 3369">
    <p class='ocr_par' dir='ltr' id='par_1_2' title="bbox 345 486 2476 698">
     <span class='ocr_line' id='line_1_2' title="bbox 347 486 2476 588; baseline 0.004 -27"><span class='ocrx_word' id='word_1_6' title='bbox 347 486 535 587; x_wconf 78' lang='lat' dir='ltr'><strong>gata⁶</strong></span> <span class='ocrx_word' id='word_1_7' title='bbox 566 503 791 586; x_wconf 86' lang='lat' dir='ltr'><strong>atque</strong></span> <span class='ocrx_word' id='word_1_8' title='bbox 816 488 1147 587; x_wconf 78' lang='lat' dir='ltr'><strong>perdita?</strong></span> <span class='ocrx_word' id='word_1_9' title='bbox 1172 514 1491 588; x_wconf 86' lang='lat' dir='ltr'><strong>quorum</strong></span> <span class='ocrx_word' id='word_1_10' title='bbox 1519 507 1598 561; x_wconf 88' lang='lat' dir='ltr'><strong>tu</strong></span> <span class='ocrx_word' id='word_1_11' title='bbox 1619 494 1800 564; x_wconf 90' lang='lat' dir='ltr'><strong>nihil</strong></span> <span class='ocrx_word' id='word_1_12' title='bbox 1823 498 1900 565; x_wconf 92' lang='lat' dir='ltr'><strong>in</strong></span> <span class='ocrx_word' id='word_1_13' title='bbox 1922 499 2081 567; x_wconf 79' lang='lat' dir='ltr'><strong>Sex,</strong></span> <span class='ocrx_word' id='word_1_14' title='bbox 2107 500 2476 587; x_wconf 84' lang='lat' dir='ltr'><strong>Roscium,</strong></span> 
     </span>
     <span class='ocr_line' id='line_1_3' title="bbox 345 598 1888 698; baseline 0.004 -28"><span class='ocrx_word' id='word_1_15' title='bbox 345 626 425 673; x_wconf 87' lang='lat' dir='ltr'><strong>ne</strong></span> <span class='ocrx_word' id='word_1_16' title='bbox 453 598 855 698; x_wconf 84' lang='lat' dir='ltr'><strong>objiciendi</strong></span> <span class='ocrx_word' id='word_1_17' title='bbox 882 600 1183 697; x_wconf 89' lang='lat' dir='ltr'><strong>quidem</strong></span> <span class='ocrx_word' id='word_1_18' title='bbox 1212 625 1425 672; x_wconf 89' lang='lat' dir='ltr'><strong>causa</strong></span> <span class='ocrx_word' id='word_1_19' title='bbox 1442 655 1461 689; x_wconf 93' lang='lat'><strong>,</strong></span> <span class='ocrx_word' id='word_1_20' title='bbox 1494 605 1888 676; x_wconf 83' lang='lat' dir='ltr'><strong>contulisti.</strong></span> 
     </span>
    </p>

    <p class='ocr_par' dir='ltr' id='par_1_3' title="bbox 331 710 2578 2136">
     <span class='ocr_line' id='line_1_4' title="bbox 424 710 2474 806; baseline 0.003 -25"><span class='ocrx_word' id='word_1_21' title='bbox 424 716 611 781; x_wconf 80' lang='lat' dir='ltr'><strong>xlv.</strong></span> <span class='ocrx_word' id='word_1_22' title='bbox 661 716 943 782; x_wconf 88' lang='lat' dir='ltr'><strong>Patrem</strong></span> <span class='ocrx_word' id='word_1_23' title='bbox 970 710 1239 782; x_wconf 88' lang='lat' dir='ltr'><strong>occidit</strong></span> <span class='ocrx_word' id='word_1_24' title='bbox 1268 716 1425 783; x_wconf 69' lang='lat' dir='ltr'><strong>SeX.</strong></span> <span class='ocrx_word' id='word_1_25' title='bbox 1463 717 1788 785; x_wconf 76' lang='lat' dir='ltr'><strong>Roscius,</strong></span> <span class='ocrx_word' id='word_1_26' title='bbox 1813 718 1956 806; x_wconf 89' lang='lat' dir='ltr'><strong>Qui</strong></span> <span class='ocrx_word' id='word_1_27' title='bbox 1990 715 2259 788; x_wconf 85' lang='lat' dir='ltr'>homo?</span> <span class='ocrx_word' id='word_1_28' title='bbox 2279 717 2474 789; x_wconf 85' lang='lat' dir='ltr'><strong>Ado·</strong></span> 
     </span>
     <span class='ocr_line' id='line_1_5' title="bbox 342 821 2474 923; baseline 0.002 -30"><span class='ocrx_word' id='word_1_29' title='bbox 342 821 769 893; x_wconf 84' lang='lat' dir='ltr'><strong>lescentulus</strong></span> <span class='ocrx_word' id='word_1_30' title='bbox 812 836 1201 919; x_wconf 88' lang='lat' dir='ltr'><strong>corruptus</strong></span> <span class='ocrx_word' id='word_1_31' title='bbox 1222 874 1241 907; x_wconf 84' lang='lat'>‚</span> <span class='ocrx_word' id='word_1_32' title='bbox 1296 836 1371 893; x_wconf 89' lang='lat' dir='ltr'><strong>et</strong></span> <span class='ocrx_word' id='word_1_33' title='bbox 1404 822 1498 893; x_wconf 86' lang='lat' dir='ltr'><strong>ab</strong></span> <span class='ocrx_word' id='word_1_34' title='bbox 1531 822 1956 895; x_wconf 81' lang='lat' dir='ltr'><strong>hominibus</strong></span> <span class='ocrx_word' id='word_1_35' title='bbox 1997 850 2314 923; x_wconf 84' lang='lat' dir='ltr'><strong>nequam</strong></span> <span class='ocrx_word' id='word_1_36' title='bbox 2361 830 2474 898; x_wconf 83' lang='lat' dir='ltr'><strong>in-</strong></span> 
     </span>
     <span class='ocr_line' id='line_1_6' title="bbox 342 930 2476 1031; baseline 0.004 -30"><span class='ocrx_word' id='word_1_37' title='bbox 342 930 639 1001; x_wconf 75' lang='lat' dir='ltr'><strong>ductus?</strong></span> <span class='ocrx_word' id='word_1_38' title='bbox 660 934 910 1001; x_wconf 89' lang='lat' dir='ltr'><strong>Annos</strong></span> <span class='ocrx_word' id='word_1_39' title='bbox 934 935 1444 1029; x_wconf 68' lang='lat' dir='ltr'><strong>natus-magist</strong></span> <span class='ocrx_word' id='word_1_40' title='bbox 1484 932 1984 1031; x_wconf 87' lang='lat' dir='ltr'><strong>quadraginta.</strong></span> <span class='ocrx_word' id='word_1_41' title='bbox 2015 940 2241 1008; x_wconf 89' lang='lat' dir='ltr'><strong>Vetus</strong></span> <span class='ocrx_word' id='word_1_42' title='bbox 2273 938 2476 1009; x_wconf 80' lang='lat' dir='ltr'><strong>vide·</strong></span> 
     </span>
     <span class='ocr_line' id='line_1_7' title="bbox 339 1039 2479 1143; baseline 0.004 -32"><span class='ocrx_word' id='word_1_43' title='bbox 339 1042 496 1113; x_wconf 87' lang='lat' dir='ltr'><strong>licet</strong></span> <span class='ocrx_word' id='word_1_44' title='bbox 523 1044 857 1129; x_wconf 79' lang='lat' dir='ltr'><strong>sicarius,</strong></span> <span class='ocrx_word' id='word_1_45' title='bbox 890 1039 1115 1113; x_wconf 89' lang='lat' dir='ltr'>homo</span> <span class='ocrx_word' id='word_1_46' title='bbox 1142 1042 1414 1129; x_wconf 66' lang='lat' dir='ltr'><strong>audaX,</strong></span> <span class='ocrx_word' id='word_1_47' title='bbox 1447 1059 1521 1115; x_wconf 88' lang='lat' dir='ltr'><strong>et</strong></span> <span class='ocrx_word' id='word_1_48' title='bbox 1552 1068 1739 1143; x_wconf 83' lang='lat' dir='ltr'><strong>saepe</strong></span> <span class='ocrx_word' id='word_1_49' title='bbox 1773 1048 1846 1115; x_wconf 92' lang='lat' dir='ltr'><strong>in</strong></span> <span class='ocrx_word' id='word_1_50' title='bbox 1879 1044 2071 1119; x_wconf 84' lang='lat' dir='ltr'><strong>caede</strong></span> <span class='ocrx_word' id='word_1_51' title='bbox 2109 1050 2479 1119; x_wconf 75' lang='lat' dir='ltr'><strong>versatus?</strong></span> 
     </span>
     <span class='ocr_line' id='line_1_8' title="bbox 337 1151 2476 1253; baseline 0.004 -31"><span class='ocrx_word' id='word_1_52' title='bbox 337 1158 421 1223; x_wconf 87' lang='lat' dir='ltr'><strong>At</strong></span> <span class='ocrx_word' id='word_1_53' title='bbox 442 1152 583 1223; x_wconf 89' lang='lat' dir='ltr'><strong>hoc</strong></span> <span class='ocrx_word' id='word_1_54' title='bbox 604 1151 696 1223; x_wconf 87' lang='lat' dir='ltr'><strong>ab</strong></span> <span class='ocrx_word' id='word_1_55' title='bbox 714 1169 1134 1225; x_wconf 83' lang='lat' dir='ltr'><strong>accusatore</strong></span> <span class='ocrx_word' id='word_1_56' title='bbox 1152 1179 1245 1225; x_wconf 87' lang='lat' dir='ltr'><strong>ne</strong></span> <span class='ocrx_word' id='word_1_57' title='bbox 1274 1154 1415 1226; x_wconf 91' lang='lat' dir='ltr'><strong>dici</strong></span> <span class='ocrx_word' id='word_1_58' title='bbox 1446 1155 1750 1253; x_wconf 87' lang='lat' dir='ltr'><strong>quidem</strong></span> <span class='ocrx_word' id='word_1_59' title='bbox 1773 1155 2094 1227; x_wconf 88' lang='lat' dir='ltr'><strong>audistis.</strong></span> <span class='ocrx_word' id='word_1_60' title='bbox 2124 1162 2476 1231; x_wconf 76' lang='lat' dir='ltr'><strong>Luxuries</strong></span> 
     </span>
     <span class='ocr_line' id='line_1_9' title="bbox 338 1262 2578 1364; baseline 0.003 -29"><span class='ocrx_word' id='word_1_61' title='bbox 338 1266 551 1360; x_wconf 85' lang='lat' dir='ltr'><strong>igitur</strong></span> <span class='ocrx_word' id='word_1_62' title='bbox 577 1262 955 1337; x_wconf 84' lang='lat' dir='ltr'><strong>hominem</strong></span> <span class='ocrx_word' id='word_1_63' title='bbox 984 1268 1333 1336; x_wconf 88' lang='lat' dir='ltr'><strong>nimirum</strong></span> <span class='ocrx_word' id='word_1_64' title='bbox 1350 1320 1369 1353; x_wconf 85' lang='lat'>‚</span> <span class='ocrx_word' id='word_1_65' title='bbox 1400 1280 1475 1336; x_wconf 88' lang='lat' dir='ltr'><strong>et</strong></span> <span class='ocrx_word' id='word_1_66' title='bbox 1497 1270 1654 1337; x_wconf 84' lang='lat' dir='ltr'><strong>aeris</strong></span> <span class='ocrx_word' id='word_1_67' title='bbox 1681 1268 1898 1337; x_wconf 87' lang='lat' dir='ltr'><strong>alieni</strong></span> <span class='ocrx_word' id='word_1_68' title='bbox 1927 1269 2380 1364; x_wconf 85' lang='lat' dir='ltr'><strong>magnitudo,</strong></span> <span class='ocrx_word' id='word_1_69' title='bbox 2404 1286 2478 1341; x_wconf 90' lang='lat' dir='ltr'><strong>et</strong></span> <span class='ocrx_word' id='word_1_70' title='bbox 2565 1350 2578 1357; x_wconf 47' lang='grc'><strong>,</strong></span> 
     </span>
     <span class='ocr_line' id='line_1_10' title="bbox 338 1374 2471 1477; baseline 0.004 -33"><span class='ocrx_word' id='word_1_71' title='bbox 338 1374 703 1447; x_wconf 85' lang='lat' dir='ltr'><strong>indomitae</strong></span> <span class='ocrx_word' id='word_1_72' title='bbox 733 1379 955 1448; x_wconf 89' lang='lat' dir='ltr'><strong>animi</strong></span> <span class='ocrx_word' id='word_1_73' title='bbox 986 1376 1420 1476; x_wconf 84' lang='lat' dir='ltr'><strong>cupiditates</strong></span> <span class='ocrx_word' id='word_1_74' title='bbox 1444 1376 1536 1447; x_wconf 86' lang='lat' dir='ltr'><strong>ad</strong></span> <span class='ocrx_word' id='word_1_75' title='bbox 1565 1377 1707 1448; x_wconf 92' lang='lat' dir='ltr'><strong>hoc</strong></span> <span class='ocrx_word' id='word_1_76' title='bbox 1735 1379 1970 1449; x_wconf 90' lang='lat' dir='ltr'><strong>scelus</strong></span> <span class='ocrx_word' id='word_1_77' title='bbox 1996 1380 2471 1477; x_wconf 85' lang='lat' dir='ltr'><strong>impulerunt.</strong></span> 
     </span>
     <span class='ocr_line' id='line_1_11' title="bbox 338 1486 2472 1589; baseline 0.001 -33"><span class='ocrx_word' id='word_1_78' title='bbox 338 1491 439 1557; x_wconf 88' lang='lat' dir='ltr'><strong>De</strong></span> <span class='ocrx_word' id='word_1_79' title='bbox 470 1486 756 1558; x_wconf 84' lang='lat' dir='ltr'><strong>luxuria</strong></span> <span class='ocrx_word' id='word_1_80' title='bbox 786 1491 1124 1589; x_wconf 85' lang='lat' dir='ltr'><strong>purgavit</strong></span> <span class='ocrx_word' id='word_1_81' title='bbox 1172 1492 1514 1575; x_wconf 84' lang='lat' dir='ltr'><strong>Erucius,</strong></span> <span class='ocrx_word' id='word_1_82' title='bbox 1555 1512 1786 1585; x_wconf 90' lang='lat' dir='ltr'><strong>quum</strong></span> <span class='ocrx_word' id='word_1_83' title='bbox 1822 1487 2004 1559; x_wconf 83' lang='lat' dir='ltr'><strong>dixit</strong></span> <span class='ocrx_word' id='word_1_84' title='bbox 2041 1488 2240 1561; x_wconf 90' lang='lat' dir='ltr'><strong>hunc</strong></span> <span class='ocrx_word' id='word_1_85' title='bbox 2271 1515 2364 1559; x_wconf 90' lang='lat' dir='ltr'><strong>ne</strong></span> <span class='ocrx_word' id='word_1_86' title='bbox 2398 1493 2472 1559; x_wconf 90' lang='lat' dir='ltr'><strong>in</strong></span> 
     </span>
     <span class='ocr_line' id='line_1_12' title="bbox 339 1596 2472 1695; baseline 0.002 -28"><span class='ocrx_word' id='word_1_87' title='bbox 339 1599 718 1667; x_wconf 80' lang='lat' dir='ltr'><strong>convivio²</strong></span> <span class='ocrx_word' id='word_1_88' title='bbox 757 1597 1057 1695; x_wconf 89' lang='lat' dir='ltr'><strong>quidem</strong></span> <span class='ocrx_word' id='word_1_89' title='bbox 1089 1598 1243 1668; x_wconf 88' lang='lat' dir='ltr'><strong>ullo</strong></span> <span class='ocrx_word' id='word_1_90' title='bbox 1283 1596 1433 1669; x_wconf 87' lang='lat' dir='ltr'><strong>fere</strong></span> <span class='ocrx_word' id='word_1_91' title='bbox 1470 1597 1880 1670; x_wconf 84' lang='lat' dir='ltr'><strong>interfuisse</strong></span> <span class='ocrx_word' id='word_1_92' title='bbox 1918 1623 1933 1668; x_wconf 75' lang='grc' dir='ltr'><strong>ε</strong></span> <span class='ocrx_word' id='word_1_93' title='bbox 1987 1599 2172 1670; x_wconf 90' lang='lat' dir='ltr'><strong>nihil</strong></span> <span class='ocrx_word' id='word_1_94' title='bbox 2226 1608 2472 1672; x_wconf 84' lang='lat' dir='ltr'><strong>autem</strong></span> 
     </span>
     <span class='ocr_line' id='line_1_13' title="bbox 337 1706 2476 1809; baseline 0.002 -33"><span class='ocrx_word' id='word_1_95' title='bbox 337 1730 683 1803; x_wconf 87' lang='lat' dir='ltr'><strong>umquam</strong></span> <span class='ocrx_word' id='word_1_96' title='bbox 703 1706 995 1809; x_wconf 80' lang='lat' dir='ltr'><strong>debuit:</strong></span> <span class='ocrx_word' id='word_1_97' title='bbox 1023 1706 1457 1805; x_wconf 85' lang='lat' dir='ltr'><strong>cupiditates</strong></span> <span class='ocrx_word' id='word_1_98' title='bbox 1478 1732 1700 1805; x_wconf 86' lang='lat' dir='ltr'><strong>porro</strong></span> <span class='ocrx_word' id='word_1_99' title='bbox 1716 1734 1879 1806; x_wconf 82' lang='lat' dir='ltr'><strong>quae</strong></span> <span class='ocrx_word' id='word_1_100' title='bbox 1897 1724 2208 1808; x_wconf 87' lang='lat' dir='ltr'><strong>possunt</strong></span> <span class='ocrx_word' id='word_1_101' title='bbox 2231 1732 2384 1783; x_wconf 84' lang='lat' dir='ltr'><strong>esse</strong></span> <span class='ocrx_word' id='word_1_102' title='bbox 2400 1713 2476 1795; x_wconf 82' lang='lat' dir='ltr'><strong>in</strong></span> 
     </span>
     <span class='ocr_line' id='line_1_14' title="bbox 334 1817 2480 1919; baseline 0.001 -30"><span class='ocrx_word' id='word_1_103' title='bbox 334 1842 445 1903; x_wconf 81' lang='lat' dir='ltr'><strong>ec,</strong></span> <span class='ocrx_word' id='word_1_104' title='bbox 459 1820 713 1913; x_wconf 88' lang='lat' dir='ltr'><strong>qui‚ut</strong></span> <span class='ocrx_word' id='word_1_105' title='bbox 734 1820 889 1915; x_wconf 89' lang='lat' dir='ltr'><strong>ipse</strong></span> <span class='ocrx_word' id='word_1_106' title='bbox 910 1834 1287 1889; x_wconf 85' lang='lat' dir='ltr'><strong>accusator</strong></span> <span class='ocrx_word' id='word_1_107' title='bbox 1308 1817 1605 1914; x_wconf 85' lang='lat' dir='ltr'><strong>objecit,</strong></span> <span class='ocrx_word' id='word_1_108' title='bbox 1621 1822 1770 1889; x_wconf 87' lang='lat' dir='ltr'><strong>ruri</strong></span> <span class='ocrx_word' id='word_1_109' title='bbox 1802 1844 2092 1919; x_wconf 87' lang='lat' dir='ltr'><strong>semper-</strong></span> <span class='ocrx_word' id='word_1_110' title='bbox 2114 1820 2480 1906; x_wconf 85' lang='lat' dir='ltr'><strong>habitarit,</strong></span> 
     </span>
     <span class='ocr_line' id='line_1_15' title="bbox 334 1927 2484 2027; baseline 0.001 -29"><span class='ocrx_word' id='word_1_111' title='bbox 334 1931 507 1998; x_wconf 86' lang='lat' dir='ltr'><strong>etin</strong></span> <span class='ocrx_word' id='word_1_112' title='bbox 540 1951 717 2024; x_wconf 83' lang='lat' dir='ltr'><strong>agro</strong></span> <span class='ocrx_word' id='word_1_113' title='bbox 743 1927 1054 1999; x_wconf 87' lang='lat' dir='ltr'><strong>colendo</strong></span> <span class='ocrx_word' id='word_1_114' title='bbox 1081 1928 1384 1999; x_wconf 83' lang='lat' dir='ltr'><strong>vixerit?</strong></span> <span class='ocrx_word' id='word_1_115' title='bbox 1421 1953 1584 2025; x_wconf 88' lang='lat' dir='ltr'><strong>quae</strong></span> <span class='ocrx_word' id='word_1_116' title='bbox 1611 1931 1756 2000; x_wconf 81' lang='lat' dir='ltr'><strong>vita</strong></span> <span class='ocrx_word' id='word_1_117' title='bbox 1783 1933 2094 2001; x_wconf 81' lang='lat' dir='ltr'><strong>maxime</strong></span> <span class='ocrx_word' id='word_1_118' title='bbox 2121 1929 2484 2027; x_wconf 80' lang='lat' dir='ltr'><strong>disjuncta</strong></span> 
     </span>
     <span class='ocr_line' id='line_1_16' title="bbox 331 2036 1980 2136; baseline 0 -27"><span class='ocrx_word' id='word_1_119' title='bbox 331 2052 442 2109; x_wconf 89' lang='lat' dir='ltr'><strong>est</strong></span> <span class='ocrx_word' id='word_1_120' title='bbox 468 2063 511 2108; x_wconf 90' lang='lat' dir='ltr'><strong>a</strong></span> <span class='ocrx_word' id='word_1_121' title='bbox 539 2036 967 2136; x_wconf 83' lang='lat' dir='ltr'><strong>cupiditate,</strong></span> <span class='ocrx_word' id='word_1_122' title='bbox 994 2052 1069 2109; x_wconf 85' lang='lat' dir='ltr'><strong>et</strong></span> <span class='ocrx_word' id='word_1_123' title='bbox 1090 2062 1261 2109; x_wconf 87' lang='lat' dir='ltr'><strong>cum</strong></span> <span class='ocrx_word' id='word_1_124' title='bbox 1293 2036 1537 2111; x_wconf 87' lang='lat' dir='ltr'><strong>officio</strong></span> <span class='ocrx_word' id='word_1_125' title='bbox 1567 2040 1730 2135; x_wconf 87' lang='lat' dir='ltr'><strong>conj</strong></span> <span class='ocrx_word' id='word_1_126' title='bbox 1744 2052 1980 2110; x_wconf 86' lang='lat' dir='ltr'><strong>uncta.</strong></span> 
     </span>
    </p>

    <p class='ocr_par' dir='ltr' id='par_1_4' title="bbox 320 2148 2480 3019">
     <span class='ocr_line' id='line_1_17' title="bbox 424 2148 2478 2245; baseline -0 -26"><span class='ocrx_word' id='word_1_127' title='bbox 424 2151 609 2239; x_wconf 81' lang='lat' dir='ltr'><strong>Quae</strong></span> <span class='ocrx_word' id='word_1_128' title='bbox 659 2173 773 2221; x_wconf 83' lang='lat' dir='ltr'><strong>res</strong></span> <span class='ocrx_word' id='word_1_129' title='bbox 808 2151 1031 2245; x_wconf 86' lang='lat' dir='ltr'><strong>igitur</strong></span> <span class='ocrx_word' id='word_1_130' title='bbox 1062 2163 1346 2219; x_wconf 87' lang='lat' dir='ltr'><strong>tantum</strong></span> <span class='ocrx_word' id='word_1_131' title='bbox 1390 2153 1612 2219; x_wconf 81' lang='lat' dir='ltr'><strong>istum</strong></span> <span class='ocrx_word' id='word_1_132' title='bbox 1653 2148 1976 2220; x_wconf 88' lang='lat' dir='ltr'><strong>furorem</strong></span> <span class='ocrx_word' id='word_1_133' title='bbox 2024 2152 2178 2219; x_wconf 82' lang='lat' dir='ltr'><strong>Sex.</strong></span> <span class='ocrx_word' id='word_1_134' title='bbox 2212 2150 2478 2218; x_wconf 90' lang='lat' dir='ltr'><strong>Roscio</strong></span> 
     </span>
     <span class='ocr_line' id='line_1_18' title="bbox 330 2255 2479 2358; baseline 0 -29"><span class='ocrx_word' id='word_1_135' title='bbox 330 2258 604 2357; x_wconf 87' lang='lat' dir='ltr'><strong>objecit</strong></span> <span class='ocrx_word' id='word_1_136' title='bbox 622 2255 648 2301; x_wconf 78' lang='lat'>³</span> <span class='ocrx_word' id='word_1_137' title='bbox 668 2258 699 2329; x_wconf 69' lang='grc' dir='ltr'><em>Ρ</em></span> <span class='ocrx_word' id='word_1_138' title='bbox 720 2262 950 2346; x_wconf 83' lang='lat' dir='ltr'><strong>Patri,</strong></span> <span class='ocrx_word' id='word_1_139' title='bbox 974 2262 1252 2356; x_wconf 88' lang='lat' dir='ltr'><strong>inquit,</strong></span> <span class='ocrx_word' id='word_1_140' title='bbox 1278 2282 1427 2329; x_wconf 90' lang='lat' dir='ltr'><strong>non</strong></span> <span class='ocrx_word' id='word_1_141' title='bbox 1458 2258 1809 2358; x_wconf 87' lang='lat' dir='ltr'><strong>placebat.</strong></span> <span class='ocrx_word' id='word_1_142' title='bbox 1839 2262 2029 2332; x_wconf 88' lang='lat' dir='ltr'><strong>Patri</strong></span> <span class='ocrx_word' id='word_1_143' title='bbox 2063 2281 2214 2329; x_wconf 90' lang='lat' dir='ltr'><strong>non</strong></span> <span class='ocrx_word' id='word_1_144' title='bbox 2243 2260 2479 2357; x_wconf 87' lang='lat' dir='ltr'><strong>place-</strong></span> 
     </span>
     <span class='ocr_line' id='line_1_19' title="bbox 328 2370 2472 2468; baseline -0.001 -25"><span class='ocrx_word' id='word_1_145' title='bbox 328 2370 505 2443; x_wconf 76' lang='lat' dir='ltr'><strong>bat?</strong></span> <span class='ocrx_word' id='word_1_146' title='bbox 538 2373 780 2461; x_wconf 87' lang='lat' dir='ltr'><strong>Quam</strong></span> <span class='ocrx_word' id='word_1_147' title='bbox 806 2370 905 2441; x_wconf 90' lang='lat' dir='ltr'><strong>ob</strong></span> <span class='ocrx_word' id='word_1_148' title='bbox 936 2370 1269 2441; x_wconf 78' lang='lat' dir='ltr'><strong>causam?</strong></span> <span class='ocrx_word' id='word_1_149' title='bbox 1293 2394 1586 2441; x_wconf 86' lang='lat' dir='ltr'><strong>necesse</strong></span> <span class='ocrx_word' id='word_1_150' title='bbox 1607 2385 1716 2443; x_wconf 88' lang='lat' dir='ltr'><strong>est</strong></span> <span class='ocrx_word' id='word_1_151' title='bbox 1739 2373 1962 2456; x_wconf 89' lang='lat' dir='ltr'><strong>enim,</strong></span> <span class='ocrx_word' id='word_1_152' title='bbox 1985 2394 2144 2441; x_wconf 85' lang='lat' dir='ltr'><strong>eam</strong></span> <span class='ocrx_word' id='word_1_153' title='bbox 2172 2394 2472 2468; x_wconf 88' lang='lat' dir='ltr'><strong>quoque</strong></span> 
     </span>
     <span class='ocr_line' id='line_1_20' title="bbox 320 2479 2480 2578; baseline 0 -26"><span class='ocrx_word' id='word_1_154' title='bbox 320 2482 633 2577; x_wconf 83' lang='lat' dir='ltr'><strong>justam,</strong></span> <span class='ocrx_word' id='word_1_155' title='bbox 686 2496 763 2551; x_wconf 85' lang='lat' dir='ltr'><strong>et</strong></span> <span class='ocrx_word' id='word_1_156' title='bbox 803 2502 1178 2576; x_wconf 85' lang='lat' dir='ltr'><strong>magnam,</strong></span> <span class='ocrx_word' id='word_1_157' title='bbox 1218 2494 1293 2550; x_wconf 87' lang='lat' dir='ltr'><strong>et</strong></span> <span class='ocrx_word' id='word_1_158' title='bbox 1330 2484 1788 2578; x_wconf 82' lang='lat' dir='ltr'><strong>perspicuam</strong></span> <span class='ocrx_word' id='word_1_159' title='bbox 1831 2479 2074 2551; x_wconf 87' lang='lat' dir='ltr'><strong>fuisse.</strong></span> <span class='ocrx_word' id='word_1_160' title='bbox 2133 2484 2351 2569; x_wconf 86' lang='lat' dir='ltr'><strong>Nam,</strong></span> <span class='ocrx_word' id='word_1_161' title='bbox 2395 2497 2480 2552; x_wconf 90' lang='lat' dir='ltr'><strong>ut</strong></span> 
     </span>
     <span class='ocr_line' id='line_1_21' title="bbox 324 2588 2475 2688; baseline -0 -26"><span class='ocrx_word' id='word_1_162' title='bbox 324 2590 511 2664; x_wconf 90' lang='lat' dir='ltr'><strong>illud</strong></span> <span class='ocrx_word' id='word_1_163' title='bbox 568 2588 999 2662; x_wconf 84' lang='lat' dir='ltr'><strong>incredibile</strong></span> <span class='ocrx_word' id='word_1_164' title='bbox 1054 2605 1199 2677; x_wconf 86' lang='lat' dir='ltr'><strong>est,</strong></span> <span class='ocrx_word' id='word_1_165' title='bbox 1258 2604 1568 2661; x_wconf 88' lang='lat' dir='ltr'><strong>mortem</strong></span> <span class='ocrx_word' id='word_1_166' title='bbox 1619 2588 1936 2661; x_wconf 86' lang='lat' dir='ltr'><strong>oblatam</strong></span> <span class='ocrx_word' id='word_1_167' title='bbox 1987 2612 2141 2660; x_wconf 86' lang='lat' dir='ltr'><strong>esse</strong></span> <span class='ocrx_word' id='word_1_168' title='bbox 2193 2594 2380 2688; x_wconf 86' lang='lat' dir='ltr'><strong>patri</strong></span> <span class='ocrx_word' id='word_1_169' title='bbox 2432 2616 2475 2661; x_wconf 91' lang='lat' dir='ltr'><strong>a</strong></span> 
     </span>
     <span class='ocr_line' id='line_1_22' title="bbox 322 2698 2477 2800; baseline 0 -27"><span class='ocrx_word' id='word_1_170' title='bbox 322 2701 482 2774; x_wconf 84' lang='lat' dir='ltr'><strong>filio</strong></span> <span class='ocrx_word' id='word_1_171' title='bbox 514 2706 675 2773; x_wconf 82' lang='lat' dir='ltr'><strong>sine</strong></span> <span class='ocrx_word' id='word_1_172' title='bbox 697 2702 1027 2800; x_wconf 80' lang='lat' dir='ltr'><strong>plurimis</strong></span> <span class='ocrx_word' id='word_1_173' title='bbox 1050 2716 1124 2773; x_wconf 89' lang='lat' dir='ltr'><strong>et</strong></span> <span class='ocrx_word' id='word_1_174' title='bbox 1150 2703 1479 2773; x_wconf 84' lang='lat' dir='ltr'><strong>maximis</strong></span> <span class='ocrx_word' id='word_1_175' title='bbox 1502 2704 1733 2772; x_wconf 86' lang='lat' dir='ltr'><strong>causis</strong></span> <span class='ocrx_word' id='word_1_176' title='bbox 1752 2726 1771 2789; x_wconf 83' lang='lat'><em>3</em></span> <span class='ocrx_word' id='word_1_177' title='bbox 1799 2703 1900 2771; x_wconf 93' lang='lat' dir='ltr'><strong>sic</strong></span> <span class='ocrx_word' id='word_1_178' title='bbox 1921 2698 2065 2771; x_wconf 90' lang='lat' dir='ltr'><strong>hoc</strong></span> <span class='ocrx_word' id='word_1_179' title='bbox 2088 2701 2477 2773; x_wconf 84' lang='lat' dir='ltr'><strong>verisimile</strong></span> 
     </span>
     <span class='ocr_line' id='line_1_23' title="bbox 324 2809 2470 2908; baseline 0 -27"><span class='ocrx_word' id='word_1_180' title='bbox 324 2838 483 2883; x_wconf 87' lang='lat' dir='ltr'><strong>non</strong></span> <span class='ocrx_word' id='word_1_181' title='bbox 517 2825 667 2900; x_wconf 89' lang='lat' dir='ltr'><strong>est,</strong></span> <span class='ocrx_word' id='word_1_182' title='bbox 694 2810 867 2883; x_wconf 90' lang='lat' dir='ltr'><strong>odio</strong></span> <span class='ocrx_word' id='word_1_183' title='bbox 901 2810 1119 2883; x_wconf 83' lang='lat' dir='ltr'><strong>fuisse</strong></span> <span class='ocrx_word' id='word_1_184' title='bbox 1151 2813 1434 2908; x_wconf 87' lang='lat' dir='ltr'><strong>parenti</strong></span> <span class='ocrx_word' id='word_1_185' title='bbox 1464 2809 1701 2881; x_wconf 88' lang='lat' dir='ltr'><strong>filium</strong></span> <span class='ocrx_word' id='word_1_186' title='bbox 1731 2813 1888 2881; x_wconf 89' lang='lat' dir='ltr'><strong>sine</strong></span> <span class='ocrx_word' id='word_1_187' title='bbox 1920 2814 2152 2881; x_wconf 85' lang='lat' dir='ltr'><strong>causis</strong></span> <span class='ocrx_word' id='word_1_188' title='bbox 2183 2812 2432 2883; x_wconf 85' lang='lat' dir='ltr'><strong>multis</strong></span> <span class='ocrx_word' id='word_1_189' title='bbox 2451 2867 2470 2899; x_wconf 94' lang='lat'><strong>,</strong></span> 
     </span>
     <span class='ocr_line' id='line_1_24' title="bbox 323 2924 1323 3019; baseline -0.003 -24"><span class='ocrx_word' id='word_1_190' title='bbox 323 2938 403 2995; x_wconf 85' lang='lat' dir='ltr'><strong>et</strong></span> <span class='ocrx_word' id='word_1_191' title='bbox 428 2924 747 3019; x_wconf 84' lang='lat' dir='ltr'><strong>magnis,</strong></span> <span class='ocrx_word' id='word_1_192' title='bbox 774 2936 848 2993; x_wconf 85' lang='lat' dir='ltr'><strong>et</strong></span> <span class='ocrx_word' id='word_1_193' title='bbox 883 2925 1323 2994; x_wconf 87' lang='lat' dir='ltr'><strong>necessariis.</strong></span> 
     </span>
    </p>

    <p class='ocr_par' dir='ltr' id='par_1_5' title="bbox 322 3032 2478 3369">
     <span class='ocr_line' id='line_1_25' title="bbox 425 3032 2473 3131; baseline 0.001 -28"><span class='ocrx_word' id='word_1_194' title='bbox 425 3037 709 3105; x_wconf 86' lang='lat' dir='ltr'><strong>Rursus</strong></span> <span class='ocrx_word' id='word_1_195' title='bbox 726 3034 948 3129; x_wconf 85' lang='lat' dir='ltr'><strong>igitur</strong></span> <span class='ocrx_word' id='word_1_196' title='bbox 966 3032 1224 3103; x_wconf 86' lang='lat' dir='ltr'><strong>eodem</strong></span> <span class='ocrx_word' id='word_1_197' title='bbox 1255 3046 1726 3119; x_wconf 83' lang='lat' dir='ltr'><strong>revertamur,</strong></span> <span class='ocrx_word' id='word_1_198' title='bbox 1755 3046 1830 3103; x_wconf 89' lang='lat' dir='ltr'><strong>et</strong></span> <span class='ocrx_word' id='word_1_199' title='bbox 1852 3056 2285 3129; x_wconf 84' lang='lat' dir='ltr'><strong>quaeramus,</strong></span> <span class='ocrx_word' id='word_1_200' title='bbox 2311 3059 2473 3131; x_wconf 83' lang='lat' dir='ltr'><strong>quae</strong></span> 
     </span>
     <span class='ocr_line' id='line_1_26' title="bbox 323 3139 2478 3241; baseline -0 -25"><span class='ocrx_word' id='word_1_201' title='bbox 323 3158 533 3216; x_wconf 86' lang='lat' dir='ltr'><strong>tanta</strong></span> <span class='ocrx_word' id='word_1_202' title='bbox 562 3146 740 3214; x_wconf 87' lang='lat' dir='ltr'><strong>vitia</strong></span> <span class='ocrx_word' id='word_1_203' title='bbox 765 3139 1035 3215; x_wconf 84' lang='lat' dir='ltr'><strong>fuerint</strong></span> <span class='ocrx_word' id='word_1_204' title='bbox 1064 3146 1141 3213; x_wconf 89' lang='lat' dir='ltr'><strong>in</strong></span> <span class='ocrx_word' id='word_1_205' title='bbox 1174 3145 1445 3213; x_wconf 67' lang='lat' dir='ltr'><strong>unico4</strong></span> <span class='ocrx_word' id='word_1_206' title='bbox 1470 3141 1648 3225; x_wconf 77' lang='lat' dir='ltr'><strong>filio,</strong></span> <span class='ocrx_word' id='word_1_207' title='bbox 1675 3166 1899 3241; x_wconf 87' lang='lat' dir='ltr'><strong>quare</strong></span> <span class='ocrx_word' id='word_1_208' title='bbox 1933 3146 1991 3214; x_wconf 92' lang='lat' dir='ltr'><strong>is</strong></span> <span class='ocrx_word' id='word_1_209' title='bbox 2023 3146 2206 3240; x_wconf 87' lang='lat' dir='ltr'><strong>patri</strong></span> <span class='ocrx_word' id='word_1_210' title='bbox 2239 3143 2478 3241; x_wconf 88' lang='lat' dir='ltr'><strong>displi-</strong></span> 
     </span>
     <span class='ocr_line' id='line_1_27' title="bbox 322 3252 2478 3369; baseline 0 -44"><span class='ocrx_word' id='word_1_211' title='bbox 322 3270 547 3326; x_wconf 85' lang='lat' dir='ltr'><strong>ceret.</strong></span> <span class='ocrx_word' id='word_1_212' title='bbox 588 3257 683 3327; x_wconf 86' lang='lat' dir='ltr'><strong>At</strong></span> <span class='ocrx_word' id='word_1_213' title='bbox 714 3259 1180 3369; x_wconf 72' lang='lat' dir='ltr'><strong>perspicuum</strong></span> <span class='ocrx_word' id='word_1_214' title='bbox 1215 3270 1323 3326; x_wconf 88' lang='lat' dir='ltr'><strong>est</strong></span> <span class='ocrx_word' id='word_1_215' title='bbox 1345 3308 1364 3343; x_wconf 94' lang='lat'><strong>,</strong></span> <span class='ocrx_word' id='word_1_216' title='bbox 1414 3255 1700 3325; x_wconf 84' lang='lat' dir='ltr'><strong>nullum</strong></span> <span class='ocrx_word' id='word_1_217' title='bbox 1731 3252 1971 3325; x_wconf 87' lang='lat' dir='ltr'><strong>fuisse.</strong></span> <span class='ocrx_word' id='word_1_218' title='bbox 2008 3258 2218 3325; x_wconf 85' lang='lat' dir='ltr'><strong>Pater</strong></span> <span class='ocrx_word' id='word_1_219' title='bbox 2255 3256 2478 3351; x_wconf 87' lang='lat' dir='ltr'><strong>igitur</strong></span> 
     </span>
    </p>
   </div>
   <div class='ocr_carea' id='block_1_3' title="bbox 308 3460 2475 3699">
    <p class='ocr_par' dir='ltr' id='par_1_6' title="bbox 308 3460 2475 3699">
     <span class='ocr_line' id='line_1_28' title="bbox 396 3460 2475 3545; baseline -0.001 -19"><span class='ocrx_word' id='word_1_220' title='bbox 396 3477 451 3526; x_wconf 84' lang='grc'><strong>6.</strong></span> <span class='ocrx_word' id='word_1_221' title='bbox 483 3474 779 3545; x_wconf 65' lang='lat' dir='ltr'><strong>Prqfle&#39;gaca.</strong></span> <span class='ocrx_word' id='word_1_222' title='bbox 812 3475 1052 3525; x_wconf 74' lang='lat' dir='ltr'><strong>Deducta.</strong></span> <span class='ocrx_word' id='word_1_223' title='bbox 1094 3474 1169 3525; x_wconf 89' lang='lat' dir='ltr'><strong>De</strong></span> <span class='ocrx_word' id='word_1_224' title='bbox 1204 3474 1359 3527; x_wconf 77' lang='lat' dir='ltr'><strong>verbo</strong></span> <span class='ocrx_word' id='word_1_225' title='bbox 1520 3460 1570 3525; x_wconf 27' lang='lat' dir='ltr'><strong>a..</strong></span> <span class='ocrx_word' id='word_1_226' title='bbox 1591 3478 1654 3523; x_wconf 82' lang='lat' dir='ltr'><strong>In</strong></span> <span class='ocrx_word' id='word_1_227' title='bbox 1681 3475 1916 3524; x_wconf 73' lang='grc' dir='ltr'><strong>οοηνίόίο.</strong></span> <span class='ocrx_word' id='word_1_228' title='bbox 1940 3478 2018 3524; x_wconf 87' lang='lat' dir='ltr'><strong>De</strong></span> <span class='ocrx_word' id='word_1_229' title='bbox 2042 3476 2376 3524; x_wconf 67' lang='lat' dir='ltr'><strong>Romanorum</strong></span> <span class='ocrx_word' id='word_1_230' title='bbox 2401 3478 2475 3524; x_wconf 86' lang='lat' dir='ltr'><strong>in-</strong></span> 
     </span>
     <span class='ocr_line' id='line_1_29' title="bbox 308 3551 2223 3625; baseline -0.001 -20"><span class='ocrx_word' id='word_1_231' title='bbox 308 3557 605 3625; x_wconf 71' lang='lat' dir='ltr'><strong>pmffigare</strong></span> <span class='ocrx_word' id='word_1_232' title='bbox 651 3554 978 3603; x_wconf 71' lang='lat' dir='ltr'><strong>consulendus</strong></span> <span class='ocrx_word' id='word_1_233' title='bbox 1022 3559 1091 3605; x_wconf 73' lang='lat' dir='ltr'><strong>A.</strong></span> <span class='ocrx_word' id='word_1_234' title='bbox 1137 3551 1326 3605; x_wconf 77' lang='lat' dir='ltr'><strong>Gellius</strong></span> <span class='ocrx_word' id='word_1_235' title='bbox 1342 3590 1361 3615; x_wconf 77' lang='lat'><strong>,</strong></span> <span class='ocrx_word' id='word_1_236' title='bbox 1448 3556 1783 3619; x_wconf 78' lang='lat' dir='ltr'><strong>temperantia,</strong></span> <span class='ocrx_word' id='word_1_237' title='bbox 1803 3556 1916 3603; x_wconf 85' lang='lat' dir='ltr'><strong>vide</strong></span> <span class='ocrx_word' id='word_1_238' title='bbox 1932 3556 2115 3605; x_wconf 76' lang='lat' dir='ltr'><strong>Athen.</strong></span> <span class='ocrx_word' id='word_1_239' title='bbox 2135 3557 2223 3604; x_wconf 78' lang='lat' dir='ltr'><strong>IV.</strong></span> 
     </span>
     <span class='ocr_line' id='line_1_30' title="bbox 316 3634 2471 3699; baseline 0.001 -16"><span class='ocrx_word' id='word_1_240' title='bbox 316 3640 447 3695; x_wconf 75' lang='lat' dir='ltr'><strong>XV,</strong></span> <span class='ocrx_word' id='word_1_241' title='bbox 478 3637 528 3685; x_wconf 84' lang='grc'><strong>5.</strong></span> <span class='ocrx_word' id='word_1_242' title='bbox 1524 3636 1571 3683; x_wconf 84' lang='grc'><strong>3.</strong></span> <span class='ocrx_word' id='word_1_243' title='bbox 1601 3634 1804 3699; x_wconf 77' lang='lat' dir='ltr'><strong>Objecit.</strong></span> <span class='ocrx_word' id='word_1_244' title='bbox 1829 3637 1870 3683; x_wconf 92' lang='lat'><strong>1.</strong></span> <span class='ocrx_word' id='word_1_245' title='bbox 1889 3654 1933 3684; x_wconf 87' lang='lat' dir='ltr'><strong>e.</strong></span> <span class='ocrx_word' id='word_1_246' title='bbox 1955 3636 2138 3697; x_wconf 84' lang='lat' dir='ltr'><strong>injecit.</strong></span> <span class='ocrx_word' id='word_1_247' title='bbox 2163 3634 2245 3683; x_wconf 79' lang='lat' dir='ltr'><strong>Sic</strong></span> <span class='ocrx_word' id='word_1_248' title='bbox 2279 3637 2338 3686; x_wconf 87' lang='grc' dir='ltr'><strong>Τ.</strong></span> <span class='ocrx_word' id='word_1_249' title='bbox 2366 3636 2471 3686; x_wconf 78' lang='lat' dir='ltr'><strong>Liv.</strong></span> 
     </span>
    </p>
   </div>
   <div class='ocr_carea' id='block_1_4' title="bbox 312 3710 2474 4179">
    <p class='ocr_par' dir='ltr' id='par_1_7' title="bbox 312 3710 2474 4179">
     <span class='ocr_line' id='line_1_31' title="bbox 394 3710 2474 3779; baseline 0.001 -16"><span class='ocrx_word' id='word_1_250' title='bbox 394 3712 544 3763; x_wconf 67' lang='lat' dir='ltr'><strong>XIV.</strong></span> <span class='ocrx_word' id='word_1_251' title='bbox 570 3730 615 3761; x_wconf 83' lang='lat'><strong>1.</strong></span> <span class='ocrx_word' id='word_1_252' title='bbox 638 3713 817 3779; x_wconf 69' lang='lat' dir='ltr'><strong>Magis.</strong></span> <span class='ocrx_word' id='word_1_253' title='bbox 836 3714 915 3762; x_wconf 86' lang='lat' dir='ltr'><strong>Sic</strong></span> <span class='ocrx_word' id='word_1_254' title='bbox 932 3713 1082 3763; x_wconf 73' lang='lat' dir='ltr'><strong>latine</strong></span> <span class='ocrx_word' id='word_1_255' title='bbox 1102 3713 1201 3762; x_wconf 84' lang='lat' dir='ltr'><strong>dici</strong></span> <span class='ocrx_word' id='word_1_256' title='bbox 1216 3724 1361 3777; x_wconf 78' lang='lat' dir='ltr'><strong>negat</strong></span> <span class='ocrx_word' id='word_1_257' title='bbox 1447 3714 1654 3773; x_wconf 76' lang='lat' dir='ltr'><strong>XXIX,</strong></span> <span class='ocrx_word' id='word_1_258' title='bbox 1690 3716 1740 3763; x_wconf 89' lang='grc'><strong>8.</strong></span> <span class='ocrx_word' id='word_1_259' title='bbox 1781 3710 1864 3763; x_wconf 90' lang='lat' dir='ltr'><strong>Sic</strong></span> <span class='ocrx_word' id='word_1_260' title='bbox 1899 3737 1924 3756; x_wconf 73' lang='grc' dir='ltr'><strong>α</strong></span> <span class='ocrx_word' id='word_1_261' title='bbox 1939 3717 2144 3763; x_wconf 75' lang='lat' dir='ltr'><strong>u&#39;iortem</strong></span> <span class='ocrx_word' id='word_1_262' title='bbox 2182 3714 2393 3764; x_wconf 80' lang='lat' dir='ltr'><strong>offerre»</strong></span> <span class='ocrx_word' id='word_1_263' title='bbox 2420 3718 2474 3765; x_wconf 87' lang='lat' dir='ltr'><strong>in</strong></span> 
     </span>
     <span class='ocr_line' id='line_1_32' title="bbox 312 3793 1614 3859; baseline -0.001 -18"><span class='ocrx_word' id='word_1_264' title='bbox 312 3796 499 3843; x_wconf 73' lang='lat' dir='ltr'><strong>Graev.</strong></span> <span class='ocrx_word' id='word_1_265' title='bbox 521 3794 625 3842; x_wconf 88' lang='lat' dir='ltr'><strong>Cm·</strong></span> <span class='ocrx_word' id='word_1_266' title='bbox 644 3804 807 3857; x_wconf 76' lang='lat' dir='ltr'><strong>neget,</strong></span> <span class='ocrx_word' id='word_1_267' title='bbox 826 3795 1014 3843; x_wconf 75' lang='lat' dir='ltr'><strong>neseio.</strong></span> <span class='ocrx_word' id='word_1_268' title='bbox 1032 3794 1209 3859; x_wconf 83' lang='lat' dir='ltr'><strong>Neque</strong></span> <span class='ocrx_word' id='word_1_269' title='bbox 1230 3796 1359 3843; x_wconf 88' lang='lat' dir='ltr'><strong>enim</strong></span> <span class='ocrx_word' id='word_1_270' title='bbox 1447 3793 1614 3841; x_wconf 78' lang='lat' dir='ltr'><strong>vatin.</strong></span> 
     </span>
     <span class='ocr_line' id='line_1_33' title="bbox 314 3870 2472 3938; baseline 0.002 -19"><span class='ocrx_word' id='word_1_271' title='bbox 314 3875 495 3937; x_wconf 73' lang='lat' dir='ltr'><strong>magis</strong></span> <span class='ocrx_word' id='word_1_272' title='bbox 520 3884 669 3921; x_wconf 77' lang='lat' dir='ltr'><strong>natus</strong></span> <span class='ocrx_word' id='word_1_273' title='bbox 696 3874 901 3938; x_wconf 80' lang='lat' dir='ltr'><strong>intellig.</strong></span> <span class='ocrx_word' id='word_1_274' title='bbox 924 3885 1024 3934; x_wconf 82' lang='lat' dir='ltr'><strong>est,</strong></span> <span class='ocrx_word' id='word_1_275' title='bbox 1055 3874 1141 3923; x_wconf 78' lang='lat' dir='ltr'><strong>sed</strong></span> <span class='ocrx_word' id='word_1_276' title='bbox 1168 3890 1361 3922; x_wconf 75' lang='lat' dir='ltr'><strong>«annos</strong></span> <span class='ocrx_word' id='word_1_277' title='bbox 1524 3881 1576 3929; x_wconf 71' lang='grc'><strong>4.</strong></span> <span class='ocrx_word' id='word_1_278' title='bbox 1606 3870 1776 3920; x_wconf 76' lang='lat' dir='ltr'><strong>Unico.</strong></span> <span class='ocrx_word' id='word_1_279' title='bbox 1801 3870 1999 3919; x_wconf 76' lang='lat' dir='ltr'><strong>Pondus</strong></span> <span class='ocrx_word' id='word_1_280' title='bbox 2019 3884 2089 3920; x_wconf 83' lang='lat' dir='ltr'><strong>est</strong></span> <span class='ocrx_word' id='word_1_281' title='bbox 2107 3872 2203 3921; x_wconf 87' lang='lat' dir='ltr'><strong>hoc</strong></span> <span class='ocrx_word' id='word_1_282' title='bbox 2228 3874 2280 3920; x_wconf 86' lang='lat' dir='ltr'><strong>in</strong></span> <span class='ocrx_word' id='word_1_283' title='bbox 2304 3874 2472 3924; x_wconf 82' lang='lat' dir='ltr'><strong>verbo.</strong></span> 
     </span>
     <span class='ocr_line' id='line_1_34' title="bbox 312 3952 2472 4018; baseline 0.001 -21"><span class='ocrx_word' id='word_1_284' title='bbox 312 3964 473 4001; x_wconf 66' lang='lat' dir='ltr'><strong>natus</strong></span> <span class='ocrx_word' id='word_1_285' title='bbox 510 3956 663 4018; x_wconf 68' lang='lat' dir='ltr'><strong>magia</strong></span> <span class='ocrx_word' id='word_1_286' title='bbox 698 3970 844 4018; x_wconf 80' lang='lat' dir='ltr'><strong>quam</strong></span> <span class='ocrx_word' id='word_1_287' title='bbox 884 3956 975 4002; x_wconf 76' lang='lat' dir='ltr'><strong>XL</strong></span> <span class='ocrx_word' id='word_1_288' title='bbox 996 3974 1039 4001; x_wconf 74' lang='grc' dir='ltr'><strong>ιο.</strong></span> <span class='ocrx_word' id='word_1_289' title='bbox 1070 3954 1209 4003; x_wconf 86' lang='lat' dir='ltr'><strong>Idem</strong></span> <span class='ocrx_word' id='word_1_290' title='bbox 1243 3954 1294 4004; x_wconf 86' lang='lat' dir='ltr'><strong>h.</strong></span> <span class='ocrx_word' id='word_1_291' title='bbox 1318 3953 1357 4003; x_wconf 91' lang='lat' dir='ltr'><strong>l.</strong></span> <span class='ocrx_word' id='word_1_292' title='bbox 1447 3952 1656 4003; x_wconf 73' lang='lat' dir='ltr'><strong>Necesse</strong></span> <span class='ocrx_word' id='word_1_293' title='bbox 1709 3962 1782 3999; x_wconf 82' lang='lat' dir='ltr'><strong>est</strong></span> <span class='ocrx_word' id='word_1_294' title='bbox 1829 3952 1956 3998; x_wconf 91' lang='lat' dir='ltr'><strong>enim</strong></span> <span class='ocrx_word' id='word_1_295' title='bbox 2001 3952 2215 4016; x_wconf 80' lang='lat' dir='ltr'><strong>ingentia</strong></span> <span class='ocrx_word' id='word_1_296' title='bbox 2269 3955 2366 4001; x_wconf 79' lang='lat' dir='ltr'><strong>siut</strong></span> <span class='ocrx_word' id='word_1_297' title='bbox 2421 3954 2472 4000; x_wconf 87' lang='lat' dir='ltr'><strong>in</strong></span> 
     </span>
     <span class='ocr_line' id='line_1_35' title="bbox 312 4028 2472 4099; baseline -0 -20"><span class='ocrx_word' id='word_1_298' title='bbox 312 4046 475 4081; x_wconf 72' lang='lat' dir='ltr'><strong>sonat</strong></span> <span class='ocrx_word' id='word_1_299' title='bbox 502 4050 558 4083; x_wconf 77' lang='lat' dir='ltr'><strong>ae</strong></span> <span class='ocrx_word' id='word_1_300' title='bbox 585 4035 801 4099; x_wconf 76' lang='lat' dir='ltr'><strong>amplius</strong></span> <span class='ocrx_word' id='word_1_301' title='bbox 827 4049 993 4098; x_wconf 79' lang='lat' dir='ltr'><strong>quam.</strong></span> <span class='ocrx_word' id='word_1_302' title='bbox 1028 4037 1095 4083; x_wconf 81' lang='lat' dir='ltr'><strong>Et</strong></span> <span class='ocrx_word' id='word_1_303' title='bbox 1119 4034 1179 4082; x_wconf 85' lang='lat' dir='ltr'><strong>de</strong></span> <span class='ocrx_word' id='word_1_304' title='bbox 1206 4046 1361 4097; x_wconf 68' lang='lat' dir='ltr'><strong>quau·¹</strong></span> <span class='ocrx_word' id='word_1_305' title='bbox 1448 4033 1598 4079; x_wconf 81' lang='lat' dir='ltr'><strong>unico</strong></span> <span class='ocrx_word' id='word_1_306' title='bbox 1623 4028 1728 4078; x_wconf 81' lang='lat' dir='ltr'><strong>filio</strong></span> <span class='ocrx_word' id='word_1_307' title='bbox 1756 4031 1870 4077; x_wconf 77' lang='lat' dir='ltr'><strong>vitia</strong></span> <span class='ocrx_word' id='word_1_308' title='bbox 1886 4066 1900 4087; x_wconf 92' lang='lat'>‚</span> <span class='ocrx_word' id='word_1_309' title='bbox 1918 4042 1974 4078; x_wconf 83' lang='lat' dir='ltr'><strong>nt</strong></span> <span class='ocrx_word' id='word_1_310' title='bbox 1999 4044 2255 4095; x_wconf 80' lang='lat' dir='ltr'><strong>parentum</strong></span> <span class='ocrx_word' id='word_1_311' title='bbox 2274 4048 2472 4081; x_wconf 74' lang='lat' dir='ltr'><strong>auorum</strong></span> 
     </span>
     <span class='ocr_line' id='line_1_36' title="bbox 314 4108 1957 4179; baseline 0.001 -21"><span class='ocrx_word' id='word_1_312' title='bbox 314 4112 475 4161; x_wconf 69' lang='lat' dir='ltr'><strong>nitate</strong></span> <span class='ocrx_word' id='word_1_313' title='bbox 491 4124 769 4179; x_wconf 74' lang='lat' dir='ltr'><strong>usurpatur,</strong></span> <span class='ocrx_word' id='word_1_314' title='bbox 784 4124 843 4161; x_wconf 82' lang='lat' dir='ltr'><strong>ut</strong></span> <span class='ocrx_word' id='word_1_315' title='bbox 858 4130 989 4178; x_wconf 77' lang='lat' dir='ltr'><strong>saepe</strong></span> <span class='ocrx_word' id='word_1_316' title='bbox 999 4112 1360 4178; x_wconf 77' lang='lat' dir='ltr'><strong>plus‚amp11&#39;ees.</strong></span> <span class='ocrx_word' id='word_1_317' title='bbox 1451 4110 1504 4160; x_wconf 85' lang='lat' dir='ltr'><strong>in</strong></span> <span class='ocrx_word' id='word_1_318' title='bbox 1525 4110 1698 4160; x_wconf 83' lang='lat' dir='ltr'><strong>odium</strong></span> <span class='ocrx_word' id='word_1_319' title='bbox 1721 4108 1957 4159; x_wconf 79' lang='lat' dir='ltr'><strong>incurrat.</strong></span> 
     </span>
    </p>
   </div>
  </div>
 </body>
</html>
