2984 4684
871 388 1006 457 DE
1054 388 1493 457 JUDICllS
1544 387 2041 457 PUBLIGIS.
2378 384 2512 482 595

384 509 699 593 judicium
748 509 1003 595 capitis,
1042 524 1154 570 aut
1187 510 1631 595 pecuniarium
1675 510 1919 587 facere3
1964 510 2029 570 in
2070 508 2168 571 his
2213 508 2517 578 omnibus

397 619 490 679 lex
519 615 681 679 Iulia
715 616 970 677 vetabat
997 636 1078 677 ne
1108 615 1252 701 quis
1275 615 1619 702 pecuniam
1652 615 1986 701 acciperet.

480 721 720 784 Praeter
755 742 972 807 poenas
1017 720 1264 808 legibus
1306 720 1749 808 superioribus
1788 720 2095 809 irrogatas
2118 768 2133 799 ‚
2174 721 2335 785 Iulia
2383 722 2521 811 lege

396 828 778 903 damnatus,
827 826 1275 889 testimonium
1331 826 1589 914 publice
1631 824 1881 905 dicere,
1941 842 2056 890 aut
2094 826 2293 903 judex
2346 850 2523 911 esse,

397 933 802 1021 postulareve
844 932 1246 1019 prohibetur.
1300 932 1570 997 Addidit
1628 934 1835 996 Caesar
1891 948 1963 995 ut
2018 933 2526 1019 repetundarum

397 1038 673 1103 convicti
717 1038 912 1102 etiam
945 1036 1173 1102 ordine
1205 1040 1528 1102 senatorio
1564 1054 2011 1119 moverentur3
2044 1058 2110 1100 et
2141 1054 2216 1101 ut
2247 1062 2329 1102 ne
2352 1040 2527 1119 judi-

397 1167 571 1226 care,
605 1166 766 1209 neve
799 1144 1253 1208 testimonium
1283 1142 1497 1208 dicere
1526 1144 1749 1208 liceret
1782 1144 1871 1223 ei,
1905 1145 2019 1231 qui
2051 1143 2138 1207 ob
2176 1146 2530 1233 turpitudi-

385 1273 552 1315 nem
585 1266 814 1313 senatu
851 1267 1103 1328 motus,
1139 1273 1259 1314 nec
1287 1252 1622 1314 restitutus
1654 1266 1838 1314 esset.
1876 1250 2083 1314 Poenae
2114 1250 2235 1313 illae
2266 1251 2532 1315 fuerunt

400 1354 783 1434 ordinariae;
814 1352 927 1417 sed
976 1356 1230 1443 gravius
1271 1376 1775 1441 nonnumquam
1822 1370 1884 1419 et
1926 1355 2310 1443 plerumque
2356 1372 2531 1419 extra

403 1460 696 1525 ordinem
728 1462 796 1524 in
822 1459 888 1524 id
921 1456 1162 1525 crimen
1182 1510 1200 1544 ‚
1224 1484 1346 1549 pro
1368 1459 1580 1526 delicti
1610 1461 1809 1525 modo
1829 1508 1847 1543 ,
1869 1461 2391 1526 animadversum
2414 1479 2531 1526 est.

403 1568 640 1655 Legem
667 1567 900 1631 Juliam
931 1565 1012 1629 de
1029 1565 1404 1655 repetundis
1421 1568 1675 1632 Tullius
1693 1568 1761 1630 in
1786 1568 1997 1631 Vatin.
2028 1588 2167 1654 cap.
2194 1588 2310 1653 29,
2330 1590 2537 1631 «acer-

405 1673 674 1735 rimam»
697 1687 931 1753 vooet3
973 1688 1166 1757 atque
1201 1670 1402 1735 multa
1446 1673 1515 1734 in
1562 1694 1635 1735 ea
1668 1674 1949 1735 severius
1982 1673 2215 1759 scripta
2248 1694 2390 1735 esse⁴
2421 1674 2536 1753 ait,

405 1801 478 1842 ac
518 1778 844 1857 sanctius,
893 1800 1088 1862 quam
1125 1778 1194 1839 in
1235 1777 1519 1864 antiquis
1555 1777 1836 1867 legibus,
1888 1800 2007 1865 pro
2052 1780 2122 1841 C.
2165 1778 2323 1841 Rab.
2360 1779 2535 1841 Post.

403 1906 542 1971 cap.
574 1883 632 1947 8.

495 1988 722 2070 Quum
776 1987 884 2051 hic
928 1986 1010 2051 de
1037 1981 1236 2051 Verre
1273 1988 1468 2051 fuerit
1517 1989 1893 2075 quaesitum,
1940 1988 2149 2052 multo
2192 1990 2429 2055 certius
2460 1989 2541 2053 de

406 2094 534 2157 litis
565 2094 816 2157 ratione
845 2110 1094 2157 constat
1122 2116 1137 2156 z
1163 2090 1322 2156 illud
1355 2094 1640 2181 primum
1676 2093 1995 2182 singulare
2020 2096 2336 2176 occurrit,
2362 2097 2545 2183 quod
2600 2131 2611 2141 ·

406 2215 752 2287 postquam
803 2215 1140 2263 accusator
1183 2188 1563 2287 argumenta
1608 2222 1682 2261 ac
1725 2216 1915 2263 testes
1960 2200 2357 2287 produxerat
2374 2249 2392 2282 ,
2439 2224 2542 2265 re·

409 2304 892 2391 spondentque
952 2326 1100 2367 reus
1126 2351 1144 2384 ‚
1197 2306 1424 2365 tertius
1482 2320 1733 2366 tantum
1804 2320 1939 2367 erat
2004 2304 2308 2369 definitus
2372 2305 2543 2388 dies,

409 2430 546 2497 quo
589 2409 978 2472 sententiam
1021 2411 1267 2470 ferrent
1307 2406 1576 2485 judices.
1613 2411 1893 2495 Apparet
1930 2410 2123 2471 etiam
2168 2409 2303 2472 duo
2341 2410 2543 2475 fuisse

402 2514 684 2595 judicia,
727 2534 1010 2601 quorum
1051 2512 1285 2598 priori,
1335 2510 1630 2574 damnari
1674 2526 1929 2597 poterat
1974 2536 2155 2593 reus;
2202 2516 2544 2600 posteriori

413 2620 494 2685 dc
529 2620 658 2683 litis
693 2616 1115 2681 aestimatione
1153 2616 1575 2694 statuebatur,
1604 2619 1961 2679 Accusator
1986 2619 2183 2681 etiam
2212 2619 2293 2682 de
2328 2635 2545 2706 postu·

413 2726 534 2789 lata
579 2726 734 2789 olim
779 2745 1032 2787 summa
1070 2721 1410 2786 demittere
1442 2738 1727 2809 poterat,
1766 2740 1839 2784 ut
1872 2723 2101 2788 Cicero
2132 2727 2279 2811 qui,
2323 2744 2542 2791 antea-

413 2856 608 2919 quam
659 2833 728 2893 in
775 2812 1052 2893 Siciliam
1102 2844 1266 2892 esset
1319 2832 1683 2915 profectus,
1731 2830 1796 2891 in
1852 2830 2050 2917 priori
2098 2854 2215 2895 sua
2250 2834 2543 2898 oratione

414 2938 555 3001 H-S
583 2937 808 3000 millies
842 2934 1262 3023 (20,5oo‚ooo
1277 2933 1382 3020 fr.)
1404 2936 1763 3022 repetierat,
1785 2936 1849 2996 in
1876 2936 2329 3001 ceterisVerris
2352 2926 2543 3021 furta,

413 3043 682 3108 immani
733 3040 1200 3129 discrepantia,
1247 3038 1330 3104 ad
1391 3041 1525 3105 H-S
1580 3040 2103 3131 quadringenties
2159 3042 2545 3131 (8‚2oo,ooo

417 3151 522 3240 fr.)
555 3148 916 3225 reduxerit,
969 3172 1096 3235 qua
1141 3170 1391 3211 summa
1427 3148 1692 3211 Verrem
1724 3148 1977 3227 judices
2012 3150 2379 3215 multavere.
2412 3152 2547 3217 Hac

417 3279 571 3345 ergo
619 3258 836 3344 legum
881 3254 1282 3317 humanitate
1329 3276 1487 3317 usus
1526 3253 1757 3315 Verres
1805 3252 2021 3340 potuit
2066 3255 2253 3319 etiam
2306 3255 2557 3332 deliciis,

417 3362 596 3425 exsul
638 3360 1007 3449 indulgere,
1042 3360 1252 3423 donec
1292 3382 1444 3423 eum
1483 3359 1844 3438 Antonius,
1898 3382 2031 3422 non
2068 3362 2286 3425 minus
2315 3362 2545 3425 Corin-

417 3468 744 3547 thim-um,
799 3490 872 3531 ac
916 3468 1212 3553 pretiosae
1263 3466 1581 3553 cujusque
1631 3467 1721 3528 rei
1771 3467 2097 3547 curiosus,
2149 3467 2441 3555 quaedam
2488 3470 2548 3533 ei

415 3590 823 3637 recusantem
859 3572 1328 3659 proscriptione
1364 3572 1731 3633 involutum
1767 3571 2173 3635 interfecerit.

509 3680 820 3742 Ceterum
848 3678 1139 3763 quamvis
1167 3676 1519 3764 peculiares
1550 3698 1681 3739 suae
1706 3676 2045 3763 quaestioni
2072 3678 2309 3765 cuique
2334 3694 2547 3767 partes

421 3800 636 3849 essent
667 3782 1025 3861 attributae,
1067 3798 1132 3846 et
1179 3782 1318 3871 ipse
1363 3797 1621 3845 senatus
1669 3782 2016 3869 quotannis
2067 3806 2171 3847 eas
2214 3783 2549 3867 definiret,

421 3892 661 3955 mirum
695 3906 912 3952 tamen
949 3910 1142 3975 quam
1175 3889 1357 3953 facile
1393 3888 1515 3950 illae
1542 3887 1961 3950 interturbari
1988 3872 2272 3975 possent.
2298 3891 2551 3981 Nempe

423 3996 672 4060 Vatinia
703 3994 847 4083 lege
877 4014 1052 4057 anno
1083 3993 1212 4081 694
1249 4016 1365 4058 reo
1397 3990 1593 4073 illud,
1636 4014 1770 4080 quo
1809 3992 1889 4054 ab
1932 4009 2148 4058 actore
2178 3996 2551 4077 vocabatur,

415 4101 712 4167 *tribunal
743 4121 1036 4164 recusare
1067 4114 1133 4167 et
1164 4098 1337 4165 aliud
1369 4097 1494 4162 sibi
1528 4099 1761 4186 eligere
1794 4098 2044 4166 licebat.
2092 4102 2322 4190 Itaque
2364 4124 2555 4168 causa

2194 4210 2306 4281 38.
