2984 4684
689 391 802 460 m
848 391 1273 460 VERREM
1324 390 1540 461 Acr.
1598 389 1707 474 11,
1757 389 1946 457 mn.
2002 389 2100 456 11.
2321 385 2464 482 489

328 511 535 586 debis
556 511 650 584 ad
674 511 1033 584 h'ono'res’
1058 527 1279 610 atque
1316 509 1872 610 amplitudinem
1899 523 2098 580 tuam
2125 509 2470 608 pecunias

330 625 674 696 maximas
721 622 1095 696 voluntate
1142 645 1275 694 sua
1323 619 1770 694 contulisse?
1823 619 2072 707 cred0,
2119 620 2358 717 quite
2395 620 2470 689 in

330 749 457 806 tua
506 734 790 804 civitate
832 731 1277 805 incolumem
1312 757 1469 806 esse
1507 731 1790 804 nollent
1810 785 1829 819 ,
1881 730 1958 801 hi
2002 743 2476 802 monumenta

330 840 517 916 tuoe³
547 841 797 915 formae
822 869 906 916 ac
938 846 1255 917 nominis
1292 847 1371 916 in
1399 847 1550 918 suis
1577 841 1990 915 civitatibus
2030 865 2184 913 esse
2221 844 2472 939 cupie-

330 953 532 1026 bant.
577 959 717 1026 Res
752 953 1138 1027 declaravit
1159 960 1214 1044 ⁴,
1254 971 1338 1027 ut
1371 957 1736 1054 cupierint
1765 979 1782 1024 :
1807 951 2240 1050 jamdudum
2280 955 2471 1024 enim

331 1064 511 1136 mihi
554 1068 862 1136 nimium
906 1069 1224 1137 tenuiter
1279 1065 1688 1138 Siculorum
1734 1088 1902 1163 erga
1953 1079 2030 1136 te
2089 1063 2480 1136 voluntatis

332 1190 757 1271 argumenta
798 1174 1135 1274 colligere
1182 1175 1458 1263 videor,
1497 1191 1746 1247 utrum
1793 1189 2062 1247 statuas
2109 1157 2478 1246 voluerint

332 1283 467 1357 tibi
500 1297 852 1374 statuere,
898 1309 993 1358 an
1028 1287 1259 1359 coacti
1294 1291 1459 1358 sint.
1496 1292 1610 1359 De
1642 1311 1793 1383 quo
1831 1285 2128 1356 homine
2167 1283 2312 1356 hoc
2347 1307 2476 1355 au-

330 1395 565 1465 ditum
592 1411 703 1467 est
736 1413 1089 1494 umquam
1107 1451 1127 1485 ,
1168 1397 1369 1495 quod
1400 1397 1533 1468 tibi
1571 1396 1828 1469 accidit
1853 1451 1872 1484 ,
1897 1410 1984 1467 ut
2014 1395 2174 1491 ejus
2198 1398 2273 1464 in
2303 1418 2476 1493 pro-

328 1507 565 1590 vincia
604 1521 898 1596 statuae,
938 1508 1017 1578 in
1060 1507 1241 1580 locis
1278 1508 1590 1607 publicis
1630 1511 1918 1606 positae,
1961 1507 2223 1605 partim
2261 1507 2478 1576 etiam

331 1618 407 1688 in
438 1617 717 1690 aedibus
759 1619 975 1690 sacris
996 1672 1016 1706 ,
1054 1641 1189 1716 per
1218 1620 1363 1690 vim
1384 1673 1404 1707 ‚
1438 1643 1574 1718 per
1609 1620 2018 1691 universam
2063 1613 2478 1688 multitudi-

334 1753 499 1800 nem
538 1728 1073 1825 dejicerentur?
1105 1734 1245 1802 Tot
1276 1729 1613 1802 homines
1639 1731 1716 1800 in
1749 1731 1911 1801 Asia
1938 1743 2325 1816 nocenteS,
2368 1739 2482 1798 tot

330 1839 407 1908 in
446 1836 683 1912 Africa
701 1894 720 1928 ,
751 1853 863 1912 tot
890 1841 969 1910 in
995 1841 1367 1940 Hispania,
1394 1841 1624 1912 Gallia
1647 1895 1666 1928 ,
1694 1837 2018 1912 Sardinia
2038 1892 2057 1925 ,
2085 1851 2200 1908 tot
2221 1837 2298 1906 in
2323 1837 2482 1933 ipsa

296 2017 311 2030 ,
332 1948 563 2020 Sicilia
599 1947 936 2021 fuerunt:
984 1974 1221 2050 ecquo
1250 1950 1343 2023 de
1376 1951 1678 2023 homine
1716 1950 1858 2022 hoc
1894 1972 2240 2048 umquam
2277 1947 2478 2019 audi·

334 2059 611 2130 vimus?
634 2063 924 2132 Novum
972 2077 1074 2134 est
1097 2116 1119 2151 ,
1152 2061 1477 2158 judices;
1515 2064 1593 2132 in
1627 2061 1882 2133 Siculis
1919 2060 2256 2159 quidem,
2293 2074 2368 2130 et
2401 2059 2478 2129 in

333 2168 723 2242 omnibus⁵
752 2173 1055 2258 Graecis,
1089 2176 1398 2246 monstri
1435 2173 1672 2245 simile
1701 2199 1719 2243 t
1747 2199 1902 2243 non
1933 2169 2306 2243 crederem
2335 2167 2478 2240 hoc

334 2276 425 2350 de
468 2283 761 2369 statuis,
806 2285 943 2354 nisi
984 2283 1307 2378 jacentes
1354 2283 1822 2380 revulsasque
1875 2281 2256 2367 vidissem3
2301 2301 2472 2376 pro·

332 2405 582 2488 pterea
618 2391 817 2489 qnod
858 2391 1053 2490 apud
1092 2417 1346 2464 omnes
1382 2396 1672 2463 Graecos
1703 2392 1823 2463 hic
1860 2414 2018 2461 mos
2055 2403 2195 2476 est,
2221 2401 2306 2458 ut
2341 2384 2476 2456 ho-

334 2525 591 2572 norem
654 2499 1074 2574 hominibus
1135 2500 1467 2573 habitum
1531 2503 1605 2572 in
1671 2502 2170 2571 monumentis
2203 2495 2476 2590 „hujus-

338 2610 581 2696 modi,
622 2610 979 2682 nonnulla
1040 2610 1388 2706 religione
1441 2610 1747 2682 deorum
1802 2601 2260 2679 consecrari⁶
2295 2602 2483 2675 arbi-

336 2735 645 2793 trentur.
704 2727 963 2819 Itaque
1022 2745 1251 2820 quum
1310 2719 1580 2792 Rhodii
1624 2719 1904 2792 bellum
1960 2717 2180 2789 illud⁷
2247 2737 2481 2814 prope

339 2833 471 2904 soli
488 2833 825 2931 superius
844 2857 1009 2904 cum
1038 2831 1453 2904 Mithridate
1482 2857 1650 2928 rege
1682 2833 2057 2928 gesserint,
2078 2851 2484 2924 omnesque

339 3090 573 3139 tundente
596 3089 812 3138 naono.
840 3090 1125 3139 Probatus.
1150 3091 1203 3139 J.
1223 3090 1289 3139 V.
1313 3091 1368 3138 1..

411 3169 589 3219 afleta.
612 3171 798 3236 recepit
824 3169 1055 3220 Ῑωηοκιιι
1075 3187 1105 3219 e
1124 3169 1240 3220 cod.
1264 3173 1369 3220 lio-

340 3250 587 3308 tomanni,
612 3249 740 3298 dnos
764 3249 1021 3300 lambino.
1052 3253 1175 3301 J.'V.
1195 3251 1251 3298 1..

414 3323 464 3376 3.
496 3329 611 3375 Tuoe
630 3328 836 3392 somoe.
862 3331 986 3391 Qnae
1012 3331 1089 3378 tui
1120 3329 1287 3378 vultus
1308 3328 1369 3378 li·

341 3417 619 3464 monta,
636 3417 873 3471 tumque
898 3423 1081 3456 nomen
1106 3418 1365 3458 tmanat-

415 3495 465 3543 4.
482 3484 611 3537 cod.
630 3485 847 3544 Manlii,
868 3486 1155 3538 declarabit.
1172 3489 1291 3537 JN.
1306 3488 1367 3537 L.

416 3567 467 3616 5.
492 3563 725 3614 edida.
746 3563 1037 3613 mma-bnt
1060 3565 1363 3623 hominibus,

1456 3089 1670 3138 uas-idne
1690 3088 1871 3137 exarsit
1890 3103 2026 3136 anno
2043 3088 2176 3146 0053
2199 3097 2276 3135 tor
2297 3085 2482 3133 innan-

1458 3179 1616 3217 ratnm
1654 3183 1806 3233 quum
1844 3167 2044 3226 fuisset,
2094 3166 2251 3232 ipsius
2287 3163 2485 3214 Mithri·

1457 3248 1589 3298 datis
1631 3257 1786 3296 mone
1829 3245 2022 3296 finitum
2063 3257 2138 3296 ent
2183 3249 2248 3296 A.
2271 3245 2336 3294 Π.
2361 3243 2482 3305 690.

1454 3353 1532 3366 ——
1563 3327 1792 3394 &epea-ius
1827 3339 1994 3376 antem
2034 3325 2201 3374 habita
2249 3322 2486 3388 temporis

1454 3408 1676 3466 ratione,
1722 3408 1936 3472 primum
1967 3396 2094 3454 illud
2133 3415 2208 3454 est
2233 3404 2375 3465 cuins
2399 3417 2486 3452 an-

1456 3497 1567 3536 οισι·
1591 3489 1686 3535 fnit
1715 3489 1789 3536 Μ.
1815 3485 2089 3550 Aquillius,
2115 3497 2165 3533 et
2197 3485 2278 3532 cni
2307 3481 2421 3530 finis
2458 3495 2487 3529 a

1454 3567 1508 3616 1..
1555 3565 1690 3616 soll·
1731 3575 1806 3616 ent
1845 3564 2122 3630 impositus.
2172 3565 2285 3611 noe
2322 3572 2486 3611 ant-

342 3644 481 3710 quod
516 3643 661 3692 valde
700 3643 959 3692 verisimile
1000 3659 1103 3694 ense
1139 3647 1284 3696 (δι-ιιι.
1318 3656 1369 3695 et
1444 3661 1608 3710 prope
1617 3646 1715 3693 sola·
1725 3645 2062 3694 sustinuerunt
2077 3641 2292 3699 Rhodii,
2309 3641 2488 3692 attriti·

342 3727 532 3776 Eruet.
554 3733 764 3789 putant3
800 3723 913 3774 Sch.
936 3735 1101 3788 negat.
1124 3727 1253 3776 LV.
1282 3727 1339 3774 1..

414 3807 464 3854 6.
492 3803 797 3855 Comma.
840 3805 913 3854 Ex
952 3804 1035 3854 ina
1078 3807 1367 3854 Grnoomm

342 3887 583 3954 opinione
604 3886 821 3936 manavit
846 3883 1153 3934 consuetudo
1181 3885 1245 3934 ad
1270 3896 1369 3934 sta·

346 3979 473 4029 tuan,
487 3979 733 4031 tamqnam
744 3965 808 4013 ad
822 3965 1011 4030 asylum
1032 3963 1367 4030 confugiendi.

347 4049 405 4095 T.
432 4049 537 4094 Liv.
556 4047 763 4107 xxm,
790 4061 867 4093 to.

421 4143 445 4186 '7
458 4163 471 4178 .
510 4125 699 4176 Bellum
726 4125 865 4175 illud.
896 4123 1083 4174 Bellum
1119 4141 1231 4174 cum
1272 4126 1369 4174 Mi-

1454 3725 1608 3774 multa
1633 3725 1772 3774 clade
1798 3725 1968 3776 Canio
1984 3757 2000 3782 ,
2026 3721 2275 3788 Aquinio,
2299 3721 2488 3786 Oppio,

1454 3817 1551 3856 etc.
1577 3805 1794 3854 rom-nt·
1835 3803 2059 3853 ducibus.
2091 3803 2194 3869 Ipsi
2231 3811 2390 3850 autem
2433 3800 2487 3850 in

1456 3901 1657 3934 ron-na
1686 3883 1786 3936 fide
1814 3893 2110 3950 permutes,
2145 3879 2484 3932 mithridatem

1458 3981 1560 4014 non
1585 3981 1687 4013 uno
1711 3964 1874 4014 navali
1903 3963 2072 4028 pra-lio
2097 3963 2306 4020 victum,
2331 3977 2358 4008 ι
2385 3977 2488 4008 ann

1460 4045 1596 4093 urbia
1634 4045 2002 4110 oppugnatione
2040 4044 2270 4093 decedere
2307 4055 2484 4104 coegex

1458 4137 1594 4176 nm.
