2984 4684
534 325 669 422 578
742 327 749 334 ·
1313 325 1865 392 APPENDIX

527 467 885 534 utcumque
932 469 1153 510 casura
1202 464 1371 530 erat,
1424 469 1676 512 morem
1723 461 2020 532 gesturos
2067 444 2520 533 approbarent.
2571 446 2666 506 Ea

524 572 705 620 erant
740 577 883 643 quae
916 553 1359 618 satisdationes
1389 553 1806 617 vocabantur.

932 719 965 794 S
1014 737 1073 776 2.
1134 715 1300 775 Ante
1324 726 1663 800 praetorem
1699 709 1822 774 litis
1860 713 2246 774 contestatio,

616 857 778 940 Quae
830 854 942 918 ubi
982 854 1334 918 constituta
1372 869 1595 934 erant,
1639 850 1984 916 formulam
2017 866 2256 940 praetor
2287 849 2512 916 ederet
2547 875 2666 914 ne-

526 985 700 1026 cesse
725 975 895 1038 erat,
928 981 1123 1046 quam
1140 957 1345 1037 judex
1376 958 1562 1047 sequi
1583 974 1950 1060 cogeretur,
1976 955 2152 1020 unde
2185 977 2382 1018 omne
2413 954 2663 1045 pende-

524 1083 623 1136 ret
668 1063 1002 1146 judicium.
1052 1063 1280 1152 Neque
1326 1086 1465 1126 eam
1505 1063 1686 1150 prius
1723 1045 1916 1126 edere
1947 1078 2238 1150 poterat,
2288 1085 2484 1148 quam
2527 1061 2666 1150 ipse

523 1173 605 1236 de
652 1172 781 1236 litis
832 1193 1023 1235 causa
1070 1185 1510 1257 cognosceret.
1564 1169 1726 1232 Inde
1777 1167 1969 1232 fiebat
2013 1185 2090 1232 ut
2135 1184 2325 1231 antea
2366 1166 2664 1255 quandam

525 1277 871 1342 summaria
923 1275 1052 1340 litis
1104 1276 1419 1362 expositio
1442 1323 1459 1355 ,
1515 1297 1660 1362 quae
1711 1275 2101 1362 interrogata
2149 1290 2428 1360 utraque
2481 1289 2666 1361 parte

524 1382 860 1447 constabat
880 1429 897 1462 ‚
953 1403 989 1444 a
1042 1396 1317 1468 praetore
1368 1395 1890 1468 cognosceretur.
1943 1380 2098 1442 Haec
2149 1395 2286 1442 erat
2331 1401 2484 1442 vera
2536 1379 2666 1442 litis

527 1487 943 1568 contestatio,
995 1483 1175 1572 quod
1225 1483 1489 1572 quidem
1537 1484 1698 1548 falso
1737 1507 1978 1548 nomen
2017 1483 2172 1548 olim
2217 1484 2670 1549 attribuebant

523 1596 579 1658 ei
614 1593 741 1658 litis
774 1593 939 1681 parti
968 1615 1095 1680 qua
1128 1607 1279 1654 ante
1306 1589 1593 1670 judicem
1621 1589 2062 1672 dissereretur,
2093 1591 2214 1654 rati
2240 1589 2487 1655 scilicet
2513 1592 2668 1655 nul-

522 1704 649 1764 lam
682 1700 943 1788 privatae
982 1721 1189 1762 causae
1233 1713 1479 1786 partem
1515 1713 1666 1760 ante
1711 1713 2053 1786 praetorem
2103 1697 2362 1785 exponi.
2409 1697 2542 1760 Sed
2569 1715 2666 1762 te—

524 1809 756 1872 nebras
783 1808 899 1870 has
931 1827 1159 1884 omnes
1178 1828 1385 1892 quum
1411 1803 1734 1868 discutere
1761 1805 2081 1892 potuisset
2095 1803 2430 1868 Ciceronis
2457 1804 2666 1884 locus,

524 1914 693 1978 Part.
726 1928 885 1976 orat.
914 1910 1033 1992 28,
1080 1911 1149 1974 in
1182 1932 1315 1996 quo
1362 1925 1512 1974 ante
1555 1907 1880 1990 judicium
1923 1911 2048 1990 ait,
2087 1909 2170 1974 de
2201 1909 2668 1974 constituendo

524 2021 666 2106 ipso
704 2016 951 2096 judicio
996 2015 1235 2096 solere,
1288 2037 1427 2080 esse
1476 2016 1964 2080 contentionem
2002 2017 2069 2080 in
2109 2016 2285 2096 jure,
2325 2017 2368 2078 i.
2421 2041 2476 2079 e.
2517 2033 2667 2080 ante

524 2139 906 2212 praetorem3
936 2122 1097 2202 mire
1137 2113 1305 2197 illud'
1334 2119 1743 2194 confirmavit
1777 2138 1843 2184 et
1885 2122 2228 2186 illustravit
2261 2121 2498 2202 Gaius,
2529 2124 2666 2200 111,

532 2229 688 2308 180,
726 2249 963 2334 nempe
992 2227 1381 2305 constitum,
1422 2243 1574 2290 ante
1599 2226 1786 2292 litem
1823 2244 2250 2294 contestatam
2287 2231 2442 2292 dare
2484 2227 2668 2292 debi-

526 2352 733 2398 torem
768 2349 1099 2420 oportere,
1143 2347 1291 2420 post
1322 2331 1502 2396 litem
1536 2329 1960 2411 contestatam
1991 2333 2284 2398 damnari
2317 2351 2664 2422 oportere,

524 2456 675 2528 post
731 2431 1342 2503 condemnationem
1396 2437 1760 2518 judicatum
1813 2441 2022 2504 facere
2084 2457 2410 2528 oportere.
2473 2441 2666 2506 Unde

526 2543 691 2609 illud
723 2544 1046 2631 sequitur,
1098 2560 1205 2625 ut,
1260 2565 1481 2630 quum
1505 2565 1642 2622 noa
1677 2544 1798 2608 nisi
1831 2560 1978 2632 post
2017 2546 2196 2612 litem
2235 2563 2664 2612 contestatam

528 2649 819 2714 damnari
844 2650 1050 2737 possit
1068 2647 1345 2729 debitor,
1374 2647 2065 2736 condemnationisque
2087 2649 2368 2714 formula
2397 2650 2480 2717 ad
2504 2676 2666 2740 prae-

525 2774 737 2821 torem
774 2779 983 2820 unum
1021 2757 1374 2845 pertineat,
1408 2756 1771 2836 necessario
1809 2774 2049 2845 praetor
2081 2757 2222 2846 ipse
2261 2757 2344 2822 de
2385 2783 2455 2823 re
2489 2762 2666 2848 prius

526 2878 891 2950 cognoscat.
931 2861 1073 2948 (ἶιειίτ
1107 2861 1221 2944 IV,
1256 2861 1361 2938 43.
1396 2861 1684 2948 Dupont.
1724 2884 1790 2950 p.
1831 2861 1981 2928 205.

614 2967 771 3064 Post
801 2965 979 3031 litem
1010 2981 1229 3028 autem
1258 2980 1714 3048 contestatam,
1739 2966 1792 3029 si
1817 2967 1885 3030 in
1913 2990 2050 3030 rem
2079 2986 2401 3057 ageretur,
2427 2989 2666 3060 praetor

522 3088 671 3137 uter
726 3093 1088 3160 possessor,
1140 3068 1465 3158 pendente
1510 3072 1660 3154 lite,
1722 3073 1984 3138 futurus
2038 3091 2208 3140 esset
2250 3073 2662 3164 designabat,

527 3177 738 3243 donec
781 3195 1011 3241 verum
1067 3200 1502 3266 possessorem
1541 3177 1768 3258 judicii
1813 3181 2022 3244 exitus
2073 3179 2392 3247 definiret.
2457 3184 2664 3249 Porro

529 3285 642 3373 qui
694 3281 1095 3366 vindicabat,
1136 3266 1446 3346 festucam
1497 3284 1788 3366 tenebat3
1836 3284 2072 3350 deinde
2110 3287 2314 3373 ipsam
2356 3311 2498 3352 rem
2519 3338 2538 3368 ,
2611 3292 2666 3352 si

528 3391 775 3454 moveri
808 3405 1063 3477 posset,
1096 3388 1649 3476 apprehendebat,
1672 3391 1850 3454 velut
1869 3389 2200 3456 hominem
2219 3441 2238 3474 ,
2273 3408 2342 3457 et
2367 3393 2454 3457 ita
2485 3393 2661 3458 dice·

526 3497 672 3560 hat:
708 3497 936 3560 «Hunc
964 3517 1092 3560 nco
1120 3517 1423 3558 nommant
1459 3519 1540 3559 nx
1565 3513 1728 3560 rnna
1757 3497 2134 3579 Qmarrttm
2169 3521 2357 3563 nsunt
2375 3522 2527 3564 nssn
2551 3524 2664 3566 uo

527 3623 871 3666 secui-mum
913 3622 1084 3664 stum
1134 3623 1416 3682 causant,
1466 3623 1650 3666 smus·
1700 3624 1872 3686 nm,
1920 3626 2076 3668 scca
2123 3626 2255 3668 ’ΠΜ
2301 3627 2660 3670 vmmcux

526 3728 799 3772 mrosm
827 3731 885 3788 »ς
936 3723 1001 3769 et
1049 3706 1244 3770 simul
1300 3705 1553 3770 homini
1615 3709 1928 3772 festucam
1965 3709 2362 3797 imponebat.
2411 3709 2662 3778 Adver-

522 3810 725 3873 sarius
754 3809 977 3874 eadem
1005 3810 1294 3874 similiter
1324 3826 1391 3873 et
1425 3809 1681 3876 dicebat
1712 3828 1778 3876 et
1803 3813 2092 3878 faciebat.
2121 3815 2346 3898 Quum
2377 3832 2661 3904 uterque

518 3913 942 3998 vindicasset,
975 3933 1214 4004 praetor
1250 3915 1531 3981 dicebat:
1562 3919 1884 3984 «Mrr‘rrrn
1919 3942 2094 3986 Auno
2133 3943 2445 3986 nomam:
2468 3947 2528 4001 ις
2567 3925 2655 3986 illi

516 4020 891 4101 mittebant3
921 4022 1033 4107 qui
1056 4023 1235 4110 prior
1256 4021 1688 4088 vindicaverat
1706 4073 1725 4104 ,
1759 4024 1844 4088 ita
1876 4025 2150 4090 alterum
2179 4027 2648 4118 interrogabat:
