2984 4684
739 389 844 456 IN
895 387 1328 454 VERREM
1375 385 1588 453 ACT.
1634 385 1745 470 11,
1796 385 1983 453 LIB.
2036 385 2139 452 ΙΙ.
2366 379 2509 477 439

377 505 705 602 amplius.
745 505 1096 603 Idemque
1129 503 1274 576 hoc
1308 505 1555 576 amicis
1592 506 1745 600 ejus
1772 519 1843 576 et
1878 501 2383 576 defensoribus
2410 506 2505 572 vi-

377 613 690 690 debatur
723 644 740 686 :
789 630 1014 712 atque
1049 641 1142 688 eo
1189 616 1404 686 etiam
1445 616 1703 712 magis,
1744 613 1949 712 quod
1983 617 2119 686 iste
2141 667 2161 702 ,
2203 637 2509 710 quoquo

375 724 594 798 modo
625 749 702 798 se
729 726 810 796 in
842 750 930 796 ea
951 726 1350 822 quaestione
1385 722 1789 822 praebebat,
1822 738 2067 794 tamen
2092 727 2175 795 in
2206 722 2504 794 consilio

375 833 688 908 habebat
726 835 1059 907 homines
1093 834 1443 906 honestos-
1475 859 1517 906 e
1562 837 1977 906 conventu‘·
2022 839 2507 930 Syracusano,

377 946 506 1042 qui
545 943 914 1018 Sacerdoti
947 970 1246 1043 quoque
1282 947 1360 1015 in
1395 945 1701 1016 consilio
1730 943 2019 1016 fuerant
2044 959 2239 1032 tum,
2276 968 2507 1040 quum

379 1071 569 1128 esset
609 1056 802 1128 idem
833 1054 958 1128 hie
987 1059 1290 1154 Sopater
1325 1054 1717 1127 absolutus.
1753 1059 1908 1125 Hoc
1948 1055 2240 1126 rationis
2286 1053 2509 1126 habe-

379 1162 632 1254 bant⁵‚
655 1165 890 1238 faeere
915 1191 1042 1240 eos
1067 1165 1276 1238 nullo
1299 1165 1525 1237 modo
1542 1189 1781 1264 posse,
1798 1181 1881 1236 ut
1900 1163 2159 1236 eodem
2185 1165 2511 1250 crimine,

379 1277 634 1350 iisdem
657 1277 987 1366 testibuS,
1011 1283 1398 1376 Sopatrum
1421 1276 1993 1364 condemnarent
2024 1274 2242 1346 iidem
2280 1274 2511 1345 homi—

379 1411 540 1470 nes,
595 1388 726 1484 qui
769 1401 984 1460 antea
1017 1385 1509 1458 absolvissent.
1570 1391 1823 1486 ltaque
1870 1386 2005 1458 hac
2049 1410 2195 1457 una
2236 1410 2365 1483 spe
2416 1384 2507 1456 ad

371 1495 724 1589 judicium
751 1498 1060 1570 venitur.
1081 1501 1250 1591 Quo
1281 1512 1755 1596 posteaquam
1778 1511 2079 1568 ventum
2108 1510 2249 1583 est,
2278 1519 2508 1592 quum

377 1611 454 1680 in
498 1606 882 1678 eonsilium
919 1605 1339 1704 frequentes
1381 1610 1891 1679 convenissent
1929 1605 2149 1678 iidem
2167 1659 2186 1687 ,
2226 1607 2351 1701 qui
2390 1629 2507 1675 so-

377 1712 660 1800 lebant,
685 1727 760 1788 et
785 1715 920 1788 bac
949 1741 1096 1786 una
1120 1741 1247 1814 spe
1273 1729 1424 1788 tota
1453 1714 1783 1788 defensio
1812 1719 2098 1814 Sopatri
2126 1716 2505 1801 niteretur,

375 1825 658 1898 consilii
709 1823 1118 1922 frequentia
1174 1840 1250 1897 et
1307 1825 1695 1924 dignitate,
1738 1841 1811 1896 et
1872 1825 2077 1921 quod
2127 1838 2369 1912 erant,
2426 1839 2511 1894 ut

380 1933 569 2022 dixi,
599 1933 852 2023 iidem,
897 1937 1026 2031 qui
1073 1949 1282 2006 antea
1323 1941 1711 2034 Sopatrum
1744 1933 2005 2006 eodem
2042 1930 2167 2006 illo
2208 1933 2511 2004 erimine

379 2043 768 2118 liberarant
791 2071 806 2114 :
839 2047 1258 2141 cognoscite
1279 2044 1595 2117 hominis
1614 2059 1937 2143 apertam
1954 2099 1973 2132 ,
1998 2068 2081 2116 ac
2103 2069 2251 2114 non
2290 2043 2511 2114 modo

379 2179 532 2228 non
581 2155 860 2227 ratione
883 2209 904 2238 ,
967 2154 1095 2226 sed
1133 2161 1234 2227 ne
1283 2154 1853 2242 dissimulatione
1900 2153 2199 2250 quidem
2250 2167 2511 2224 tectam

379 2265 918 2362 improbitatem
949 2279 1022 2338 et
1059 2265 1452 2336 audaciam.
1484 2269 1585 2334 M.
1616 2265 1955 2336 Petilium
1976 2319 1997 2349 ,
2036 2265 2353 2360 equitem
2392 2287 2511 2333 ro·

383 2397 712 2462 manum,
773 2399 996 2471 quem
1052 2373 1368 2446 habebat
1427 2377 1505 2444 in
1562 2374 1899 2460 consili0,
1951 2372 2165 2468 jubet
2220 2397 2517 2470 operam

383 2482 614 2571 dare⁶‚
637 2483 834 2582 quod
860 2487 964 2558 rei
988 2488 1280 2581 privatae
1305 2471 1531 2578 ju‘dex
1555 2497 1763 2554 esset.
1792 2482 2084 2554 Petilius
2109 2479 2513 2567 recusabat,

383 2595 588 2693 quod
623 2619 795 2668 suos
839 2597 1110 2666 amicos
1133 2606 1186 2678 7,
1223 2617 1410 2691 quos
1451 2591 1590 2664 sibi
1625 2593 1699 2664 in
1738 2592 2039 2664 oonsilio
2078 2615 2232 2662 esse
2266 2589 2519 2676 vellet,

383 2705 537 2804 ip'se
583 2711 842 2780 Verres
883 2705 1248 2776 retineret.
1295 2708 1477 2790 Iste,
1524 2703 1747 2774 homo
1796 2701 2131 2787 liberalis,
2172 2713 2389 2797 negat
2436 2723 2515 2784 se

385 2839 822 2913 quemquam
849 2815 1164 2888 retinere
1187 2837 1470 2900 eorum,
1500 2813 1630 2909 qui
1657 2811 1911 2882 Petilio
1949 2809 2221 2881 vellent
2248 2807 2517 2880 adesse.

387 2931 640 3023 ltaque
674 2924 1052 3000 discedunt
1091 2947 1346 2996 omnes
1391 2951 1406 2994 x
1462 2945 1631 2998 nam
1676 2921 1897 2992 ceteri
1937 2943 2236 3018 quoque
2284 2919 2515 3015 impe-

387 3050 580 3108 trant
603 3091 624 3124 ,
661 3061 752 3108 ne
799 3039 1283 3120 retineantur3
1325 3036 1454 3131 qui
1494 3059 1570 3104 se
1608 3031 1789 3104 vesse
1816 3030 2155 3103 dicebant
2195 3029 2525 3101 alterutri

457 3241 504 3292 4.
523 3234 565 3278 Ε
579 3244 832 3282 conventu.
850 3233 1080 3280 solebant
1099 3231 1402 3296 magistratus

387 3310 712 3375 provinciales
734 3311 788 3358 in
815 3311 958 3358 certis
990 3311 1284 3374 quibusdam
1317 3325 1404 3374 op·

385 3390 516 3454 pidia
542 3399 800 3436 conventus
835 3405 982 3453 agere
1015 3390 1176 3452 (Verr-
1193 3391 1259 3449 V,
1289 3387 1400 3453 11),

385 3469 440 3518 id
467 3479 544 3519 est
559 3503 578 3527 .
600 3467 762 3517 forum
789 3467 1108 3528 constituere,
1137 3470 1189 3516 in
1211 3483 1313 3532 quo
1325 3469 1406 3529 jn·

387 3546 720 3600 vindicationem
747 3557 1040 3596 eumont.
1057 3547 1253 3606 seilicet
1269 3559 1408 3598 certo

388 3627 468 3676 die
494 3627 846 3676 conveniebam
869 3627 921 3674 in
947 3628 1106 3675 forum
1133 3627 1296 3676 aelecti
1320 3628 1408 3676 bo·

389 3707 546 3758 minu
567 3721 654 3770 qm
673 3708 876 3769 praetori
901 3705 1148 3766 ades-ent,
1163 3719 1213 3755 et
1229 3706 1408 3770 quibus
1441 3719 1445 3722 ·

387 3790 574 3849 privata
587 3785 774 3847 indicia
790 3787 1126 3834 committeret.
1148 3785 1410 3834 consilinm

390 3880 506 3912 vero
547 3881 612 3914 ex
657 3865 850 3914 selectis
899 3863 956 3910 in
1002 3875 1250 3912 conventu
1291 3864 1410 3910 viris

389 3943 672 4001 cuz-nbat.
703 3958 914 4007 quorum
947 3941 1152 3991 consilio
1179 3941 1234 3990 in
1253 3942 1412 3992 camis

391 4021 600 4085 publicis
621 4023 850 4072 utebatur
871 4033 1072 4086 prator.

467 4102 514 4148 5.
543 4105 650 4152 Hoc
677 4102 886 4150 racionis
921 4101 1180 4148 habebant.
1218 4099 1412 4150 Scilicet

1489 3233 1559 3278 ita
1573 3231 1768 3295 Sopatri
1779 3229 1922 3278 amici
1940 3227 2367 3284 ratiocinabantur,
2380 3225 2521 3272 nullo

1491 3309 1643 3358 modo
1672 3327 1829 3374 neque
1850 3326 1878 3358 a
1897 3313 2075 3366 Verre,
2101 3323 2259 3371 neque
2284 3321 2313 3353 a
2340 3303 2517 3352 ceteris

1491 3391 1687 3454 Sopatri
1726 3389 2011 3437 adversariis
2055 3385 2183 3437 effici
2224 3401 2372 3451 posse
2396 3418 2412 3443 ,
2466 3394 2524 3430 m.

1490 3467 1555 3517 ab
1591 3469 1763 3518 iisdem
1804 3471 2009 3532 Sopater
2052 3465 2389 3524 damnaretur,
2436 3464 2523 3524 qui

1493 3557 1633 3596 antea
1650 3547 1979 3596 absolverant.

1565 3625 1615 3673 6.
1639 3626 1849 3688 Operam
1874 3625 2021 3691 dar-0.⁵
2040 3622 2193 3674 subet
2222 3637 2335 3670 enm
2358 3618 2517 3668 disee-

1498 3705 1637 3762 dere,
1679 3715 1729 3752 et
1771 3705 1843 3752 rei
1892 3703 2086 3752 cuidam
2130 3703 2261 3750 inter
2302 3701 2523 3764 privatos
2602 3765 2609 3770 .

1498 3782 1879 3845 componenda,
1906 3784 2049 3844 euim
2069 3781 2225 3843 judex
2260 3790 2415 3838 esset,
2442 3794 2525 3824 va·

1499 3876 1624 3910 care.

1573 3955 1619 3998 7.
1664 3941 1787 3988 Suos
1832 3938 2032 3988 amicos.
2075 3939 2263 4004 Nempe
2309 3938 2493 3985 amieos
2509 3969 2527 3994 ,

1500 4035 1625 4082 quos
1649 4018 1849 4068 Petilius
1879 4019 2117 4083 elegerat,
2158 4030 2214 4068 ut
2236 4017 2359 4078 sibi,
2386 4015 2529 4063 istim

1501 4098 1571 4146 rei
1588 4097 1791 4161 private
1803 4097 1979 4158 iudici,
1988 4097 2213 4149 adessent
2228 4099 2281 4150 in
2301 4087 2530 4144 commo.
