2984 4684
486 386 511 433 1
530 365 621 448 24
1128 366 1223 433 M.
1276 365 1353 433 T.
1408 360 1968 433 CICERONIS

470 510 559 556 ex
606 487 829 556 animi
862 487 1004 556 mei
1052 509 1271 557 sensu
1312 509 1399 557 ac
1441 483 1733 569 dolore,
1775 477 2178 579 pronuntio
2205 499 2222 543 z
2253 483 2462 571 quae⁷
2515 471 2612 545 ad

474 595 695 691 hujus
719 598 883 667 vitae
912 619 1153 667 casum
1172 650 1195 685 ,
1226 619 1664 693 causamque
1700 594 2148 691 pertineant,
2174 600 2248 657 et
2279 583 2463 683 quid
2491 583 2613 655 hic

474 728 612 803 pro
638 731 715 777 se
742 705 885 778 dici
911 707 1119 793 velit,
1164 722 1237 778 et
1262 730 1409 804 qua
1436 704 1863 779 conditione
1888 712 2276 773 contentus
2303 699 2400 767 sit
2418 750 2438 785 ,
2463 697 2614 792 jam

474 818 552 885 in
580 831 899 888 extrema
932 819 1261 887 oratione
1294 830 1568 903 nostra,
1593 812 1908 911 judiceS,
1939 808 2270 881 audietiS.

573 931 785 999 XLV.
824 930 979 1024 Ego
1010 926 1165 998 haec
1194 950 1239 997 a
1270 926 1748 1024 Chrysogono
1768 977 1787 1012 ,
1819 944 1980 993 mea
2009 930 2270 1017 sponte
2289 969 2308 1003 ,
2335 924 2620 985 remoto

478 1040 637 1109 Sex.
664 1042 952 1126 Rosci0,
983 1062 1267 1136 quaero:
1300 1040 1645 1135 primum,
1676 1057 1902 1132 quare
1937 1032 2110 1101 civis
2139 1027 2396 1127 optimi
2424 1021 2623 1094 bona

475 1152 869 1237 venierint3
896 1147 1162 1221 deinde
1182 1202 1201 1237 ,
1222 1173 1445 1245 quare
1472 1147 1794 1217 hominis
1823 1144 1981 1240 ejus
1998 1194 2018 1227 ,
2041 1140 2168 1237 qui
2191 1158 2430 1232 neque
2455 1156 2624 1231 pro-

478 1262 789 1357 scriptus
810 1270 862 1348 ¹,
904 1284 1145 1357 neque
1180 1257 1381 1357 apud
1418 1256 1868 1328 adversarios
1903 1252 2186 1322 occisus
2233 1257 2343 1315 est
2363 1297 2382 1331 ,
2424 1241 2626 1313 bona

480 1371 880 1457 venierint,
920 1394 1155 1466 quum
1220 1370 1297 1437 in
1354 1392 1480 1439 eos
1551 1366 1744 1437 solos
1795 1365 1914 1435 lex
1971 1362 2236 1457 scripta
2294 1358 2432 1442 sit3
2503 1350 2628 1422 de-

484 1474 658 1547 inde
683 1531 703 1564 ,
749 1502 973 1575 quare
1000 1480 1377 1576 aliquanto
1410 1492 1578 1576 post
1604 1500 1764 1547 eam
1804 1472 1997 1544 diem
2032 1469 2394 1541 venierint
2413 1518 2433 1552 ,
2463 1486 2627 1560 quae

488 1584 643 1656 dies
674 1589 751 1657 in
800 1589 955 1684 lege
987 1588 1341 1686 praefinita
1374 1602 1523 1676 est3
1561 1584 1826 1658 deinde
1848 1639 1868 1673 ,
1899 1607 2031 1653 cur
2062 1577 2346 1650 tantulo
2377 1577 2627 1645 venie-

485 1699 655 1767 rint.
691 1699 869 1786 Quae
896 1701 1141 1769 omnia
1167 1702 1265 1785 si,
1290 1694 1914 1795 quemadmodum
1953 1690 2190 1762 solent
2219 1686 2458 1758 liberti
2497 1706 2628 1753 ne-

486 1829 709 1903 quam
742 1820 815 1876 et
845 1805 1161 1904 improbi
1198 1806 1470 1894 facere,
1504 1810 1578 1876 in
1605 1812 2042 1903 patronum²
2073 1821 2290 1869 suum
2321 1793 2636 1863 voluerit

492 1914 861 2005 conferre3
907 1916 1088 1988 nihil
1135 1922 1407 2015 egerite
1450 1941 1672 1989 nemo
1715 1928 1826 1987 est
1870 1914 2111 1997 enim,
2143 1908 2272 2003 qui
2322 1906 2635 1989 nesciat,

491 2042 795 2125 propter
834 2028 1413 2125 magnitudinem
1443 2052 1692 2099 rerum
1735 2024 1966 2095 multa
2007 2018 2276 2091 multos
2321 2012 2634 2113 [partim

490 2136 993 2237 connivente³J
1008 2194 1029 2227 ,
1048 2142 1310 2237 partim
1336 2136 1802 2236 imprudente
1823 2141 1898 2206 L.
1917 2131 2136 2216 Sulla,
2161 2126 2630 2199 commisisse.

586 2250 825 2321 Placet
850 2253 1116 2346 igitur‘*
1144 2254 1225 2321 in
1247 2249 1363 2321 his
1391 2247 1612 2320 rebus
1635 2243 1914 2344 ahquid
1941 2237 2434 2338 imprudentia
2463 2258 2641 2333 prae-

493 2360 733 2431 teriri?
781 2365 945 2433 Non
975 2362 1211 2459 placet
1237 2416 1257 2450 ,
1287 2359 1570 2457 judices
1592 2412 1612 2448 ,
1656 2355 1785 2429 sed
1817 2376 2110 2427 necesse
2143 2363 2271 2421 est.
2314 2349 2641 2431 Etenim,

492 2472 551 2541 si
599 2474 881 2567 Jupiter
904 2466 933 2513 ⁵
964 2476 1285 2570 optimus
1321 2456 1710 2556 maximuS,
1742 2468 1952 2565 cujus
1995 2478 2184 2534 nutu
2227 2474 2302 2530 et
2341 2457 2640 2529 arbitrio

500 2582 755 2653 caelum
776 2636 797 2671 ,
842 2597 1031 2654 terra
1050 2636 1071 2672 ,
1105 2585 1474 2681 mariaque
1507 2593 1888 2678 reguntur,
1921 2598 2108 2673 saepe
2143 2572 2379 2641 ventis
2421 2566 2642 2638 vehe-

569 2764 623 2810 7.
661 2749 780 2811 Quoe
815 2746 898 2795 ad.
942 2750 1067 2811 Qnae
1099 2747 1163 2795 sd
1199 2748 1524 2796 calamitatem
1611 2746 1808 2793 bantur.
1843 2741 2017 2794 Credit
2051 2740 2219 2788 Garat.
2251 2734 2502 2799 scripsisse
2523 2730 2647 2780 Tul-

498 2826 550 2875 S.
580 2827 778 2886 Roscii,
822 2828 939 2875 vim
980 2827 1283 2891 perieulum,
1324 2830 1525 2891 ejusque
1610 2823 1944 2873 lium-multa
1965 2820 2146 2869 multos
2171 2815 2428 2881 privatim,
2453 2812 2650 2875 impru-

500 2920 691 2953 csusnm
716 2922 774 2953 sc
804 2905 1134 2955 defensionem
1160 2909 1453 2973 pertineant.
1615 2904 1759 2955 dente
1799 2905 1857 2951 L.
1893 2901 2053 2960 Sulla,
2097 2895 2396 2945 commisisse
2416 2912 2463 2939 ιι.
2493 2886 2648 2953 Quod

568 2985 724 3032 XLV.
765 3000 807 3033 ι.
846 2986 1019 3050 Neque
1048 2985 1367 3051 proscriptus.
1406 2990 1526 3034 Haec

498 3063 603 3112 dno
620 3063 765 3111 verbs
782 3100 797 3123 ,
834 3066 887 3113 in
910 3066 1050 3115 nullo
1078 3066 1229 3113 veteri
1262 3064 1530 3128 exemplari

500 3156 691 3209 reperta
712 3178 727 3204 ,
761 3161 825 3192 ex
853 3148 1173 3194 Hotomanno
1206 3146 1373 3193 Lamb.
1392 3145 1528 3193 Man.

504 3226 703 3274 Gruter.
726 3226 889 3273 Gsrat.
917 3240 1195 3291 reposuere.

574 3321 627 3355 π.
666 3308 728 3352 In
750 3317 1037 3369 patr-onum.
1070 3309 1127 3355 1..
1168 3305 1371 3355 Sullam.
1408 3306 1536 3368 Qua

504 3384 736 3433 dicuutur
768 3385 833 3435 ad
866 3386 1142 3435 evitandam
1180 3384 1435 3435 dictatoris
1462 3384 1534 3431 os-

502 3465 787 3513 sensionem.

576 3543 627 3593 3.
646 3545 780 3593 Βίου
795 3545 873 3594 ha
894 3562 1043 3594 voces
1060 3562 1165 3594 non
1188 3555 1304 3593 sunt
1328 3544 1381 3591 in
1404 3544 1530 3593 MSS

504 3632 591 3669 sut
617 3622 731 3673 edd.
754 3626 1041 3686 veterrimis,
1072 3640 1165 3673 nec
1193 3624 1423 3672 videntur
1448 3639 1533 3671 au·

506 3704 657 3751 ctoris
670 3736 685 3761 ‚
720 3720 873 3767 quum
902 3706 953 3753 in
990 3703 1307 3769 sequentibus
1336 3702 1397 3751 de
1427 3702 1532 3750 sols

458 3772 465 3782 ¹
503 3781 831 3855 imprudentis
860 3800 1019 3832 sermo
1056 3784 1151 3843 sit,
1196 3793 1247 3832 et
1276 3782 1358 3829 iun
1386 3780 1533 3829 Sullae

506 3859 701 3921 objecta
727 3864 1063 3923 conniventia,
1100 3864 1151 3911 in
1177 3862 1397 3927 pejorem
1419 3878 1536 3909 sane

505 3950 694 4005 partem
728 3942 889 4007 accipi
928 3943 1183 4007 potuisset.
1212 3942 1463 3989 Victorius
1486 3949 1536 3989 et

510 4021 571 4069 P.
596 4020 851 4071 Manutius
892 4022 1145 4082 invexere,
1182 4019 1319 4085 qnod
1346 4019 1536 4082 partim

510 4114 702 4164 semper
740 4099 817 4148 bis
861 4100 1147 4165 ponendum
1184 4116 1287 4149 esse
1327 4098 1534 4149 arbitra·

1615 3000 1765 3048 quum
1791 2998 1921 3045 soepe
1945 2980 1998 3027 in
2027 2980 2148 3027 Mss
2167 2974 2296 3041 pa'm
2317 2967 2650 3035 legatur,inde

1616 3060 1892 3128 profectum
1916 3072 2130 3108 errorem
2153 3053 2346 3119 partim
2368 3049 2650 3114 legentium.

1617 3146 1782 3207 Atque
1799 3142 1850 3191 h.
1869 3142 1904 3189 l.
1924 3138 2159 3205 privatim
2182 3131 2477 3199 significaret
2498 3145 2564 3177 ex
2581 3145 2652 3187 se,

1620 3224 1756 3274 Sulla
1803 3238 1906 3269 non
1950 3218 2214 3284 participe,
2260 3215 2397 3277 ipso·
2435 3210 2654 3273 denique

1619 3303 1752 3351 solos
1811 3300 2126 3349 commisisse.
2179 3296 2408 3345 Ceterum
2464 3290 2653 3354 optime

1621 3382 1894 3447 explicatur
1911 3378 2122 3445 partim,
2171 3378 2240 3424 ita
2281 3384 2340 3421 nt
2379 3370 2524 3419 verba
2565 3368 2656 3417 illa

1619 3478 1730 3527 quae
1753 3460 2002 3509 adduntur
2019 3493 2034 3517 ,
2079 3456 2220 3506 nullo
2251 3451 2402 3503 modo
2435 3452 2534 3498 sint
2563 3464 2658 3495 ne-

1621 3542 1824 3589 cessaria
1840 3575 1855 3599 ,
1897 3539 1984 3587 sed
2029 3548 2219 3587 tautum
2255 3536 2308 3581 in
2334 3529 2656 3599 pudientinm

1621 3622 1798 3671 animis
1820 3618 2269 3681 subintelliguntur.

1694 3709 1744 3757 4.
1767 3700 1942 3749 Placet
1963 3696 2130 3762 igitur.
2153 3692 2367 3758 Oportet
2391 3688 2558 3753 igitur,
2593 3695 2661 3733 nt

1621 3781 1776 3829 multa
1815 3786 2072 3845 praetereat
2119 3775 2209 3838 qui
2251 3784 2407 3833 remp.
2448 3762 2666 3816 admini-

1621 3861 1777 3908 strat?
1809 3860 1928 3907 Non
1961 3856 2033 3905 its
2059 3867 2206 3902 sane:
2245 3864 2409 3898 verum
2431 3847 2502 3894 its
2523 3842 2668 3907 cogit

1623 3939 1903 3987 necessitas.
2285 3984 2308 3993 ,

1697 4018 1746 4068 5.
1771 4018 1825 4065 Si
1842 4015 2052 4080 Jupiter.
2079 4011 2132 4060 Si
2157 4009 2277 4057 deus
2303 4004 2386 4053 ille
2404 4038 2419 4063 ,
2452 4000 2536 4051 cni
2557 4016 2666 4049 mn-

1625 4098 1757 4147 xima
1782 4095 2067 4145 atuihuimr
2101 4102 2154 4139 et
2183 4082 2466 4147 clementia,
2493 4092 2547 4131 et
2573 4094 2669 4146 po-
