2984 4684
480 333 619 430 398
1122 335 1218 402 Μ.
1270 335 1347 401 Τ.
1402 332 1992 402 CICERONIS

462 455 687 554 ligens
722 469 797 526 et
832 451 1087 526 firmus
1123 447 1543 524 accusator³
1583 449 1676 522 ad
1707 451 2064 547 judicium
2105 453 2408 524 veniret.
2449 455 2618 544 Quo

466 565 645 636 mihi
689 565 1041 636 maturius
1074 563 1167 636 ad
1204 563 1461 634 Siciliae
1504 585 1792 633 causam
1828 561 2276 633 veniendum
2319 579 2472 650 est,
2507 589 2619 634 re-

467 677 651 748 lictis
688 675 943 746 ceteris
978 673 1134 768 ejus
1168 670 1381 744 furtis
1415 697 1498 744 ac
1523 671 1808 770 flagitiis
1830 728 1851 761 ,
1891 687 2074 744 utet
2099 673 2374 744 viribus
2400 699 2618 771 quam

468 784 949 883 integerrimis
974 807 1187 882 agere
1206 839 1225 870 ,
1253 797 1327 856 et
1352 782 1443 855 ad
1462 782 1855 856 dicendum
1883 786 2234 882 temporis
2263 787 2475 856 satis⁴
2501 784 2622 856 ha·

472 895 648 967 bere
678 895 969 993 possim.

570 1009 811 1102 Atque
844 1001 1026 1074 adeo
1042 997 1097 1092 ⁵,
1118 1016 1513 1100 antequam
1540 1001 1632 1074 de
1657 1003 2140 1075 incommodis
2162 1004 2412 1076 Siciliae
2431 1003 2619 1086 dico,

478 1139 707 1214 pauca
739 1113 919 1184 mihi
956 1111 1293 1184 videntur
1326 1137 1482 1184 esse
1525 1111 1617 1186 de
1651 1115 2038 1210 provinciae
2076 1114 2454 1213 dignitate,
2497 1139 2620 1186 ve-

476 1239 765 1312 tustate,
784 1223 1092 1296 utilitate
1110 1221 1441 1294 dicenda.
1458 1228 1644 1298 Nam
1663 1249 1895 1321 quum
1911 1230 2238 1298 omnium
2258 1228 2622 1296 sociorum

478 1337 1164 1435 provinciarumque
1200 1335 1560 1406 rationem
1598 1331 1985 1432 diligenter
2021 1335 2290 1408 habere
2321 1334 2626 1422 debeti3‚

480 1463 633 1517 tum
664 1449 1027 1544 praecipue
1048 1445 1301 1516 Siciliae
1320 1499 1341 1533 ,
1362 1442 1684 1542 judices»,
1714 1445 2044 1545 plurimis
2067 1447 2626 1545 justissimisque

480 1554 572 1627 de
612 1554 843 1626 causis
874 1581 889 1621 :
923 1554 1278 1651 primum,
1318 1553 1526 1652 quod
1560 1559 1888 1626 omnium
1925 1558 2308 1629 nationum
2345 1571 2626 1629 extera-

480 1691 647 1737 rum
676 1662 1065 1764 princeps⁶
1105 1666 1341 1736 Sicilia
1391 1689 1469 1737 se
1516 1665 1608 1736 ad
1649 1667 2034 1738 amicitiam
2079 1665 2450 1766 fidemque
2489 1693 2625 1766 po-

374 1829 385 1858 ,
482 1777 636 1875 puli
672 1777 955 1847 romani
995 1775 1434 1872 applicuit73
1470 1779 1707 1874 prima
1742 1778 2112 1863 omnium,
2157 1777 2232 1848 id
2271 1776 2472 1875 quod
2513 1802 2628 1848 or-

482 1901 907 1958 namentum
936 1885 1222 1984 imperii
1250 1900 1393 1972 est,
1424 1888 1798 1984 provincia
1828 1902 1940 1959 est
1966 1887 2361 1988 appellata3
2395 1889 2630 1988 prima

480 1999 731 2069 docuit
756 1996 893 2090 maj
902 2021 1067 2067 ores
1087 2011 1407 2084 nostros,
1426 2021 1648 2093 quam
1675 1997 2099 2096 praeclarum
2118 2013 2307 2070 esset
2329 2053 2348 2088 ,
2371 2003 2630 2071 exteris

484 2105 825 2205 gentibus
872 2109 1261 2204 imperare;
1314 2105 1467 2178 sola
1505 2105 1645 2178 fuit
1687 2132 1770 2179 ea
1809 2107 1956 2181 fide
1989 2108 2628 2208 benivolentiaque

482 2241 648 2315 erga
671 2217 1031 2317 populum
1060 2241 1477 2306 romanum,
1509 2232 1592 2289 ut
1619 2219 1942 2292 civitates
1977 2221 2132 2317 ejus
2151 2221 2402 2292 iusulae
2421 2275 2440 2310 ‚
2467 2245 2630 2319 quae

484 2328 708 2400 semel
746 2331 824 2398 in
848 2328 1235 2400 amicitiam
1262 2344 1586 2400 nostram
1605 2326 2038 2419 venissent⁸,
2063 2355 2465 2429 numquam
2491 2355 2629 2429 po-

486 2453 638 2511 stea
664 2437 1095 2526 deficerent,
1111 2439 1477 2537 pleraeque
1505 2456 1752 2528 autem
1765 2455 1872 2527 ,et
1893 2443 2203 2513 maxime
2228 2441 2540 2513 illustres
2553 2444 2632 2512 in

486 2549 795 2619 amicitia
822 2562 1181 2647 perpetuo
1214 2565 1615 2622 manerent.
1648 2555 1902 2649 Itaque
1928 2551 2327 2647 majoribus
2365 2554 2632 2624 nostris

489 2659 565 2727 in
590 2656 897 2729 Africam
934 2683 1025 2728 ex
1052 2657 1186 2729 hac
1213 2661 1586 2757 provincia
1613 2659 1877 2758 gradus
1910 2663 2195 2761 imperii
2223 2661 2453 2735 factus
2483 2677 2628 2734 est:

490 2793 731 2866 neque
762 2772 955 2841 enim
997 2784 1142 2841 tam
1186 2769 1391 2843 facile
1429 2796 1610 2870 opes
1643 2773 2096 2874 Carthaginis
2135 2789 2354 2848 tantae
2395 2779 2634 2849 conci-

564 2947 593 2994 3
606 2982 617 2993 .
636 2948 923 2994 Accusator.
943 2946 1060 2995 Non
1078 2949 1219 3012 pueri
1235 2959 1284 2997 et
1304 2949 1521 3013 quadra·
1606 2962 1760 3000 status
1787 2955 2170 3018 comparatione,
2192 2955 2416 3004 acerbior
2441 2955 2636 3004 calami-

490 3025 717 3092 platoreae
728 3023 919 3088 quisoli
930 3025 1029 3072 hoe
1042 3035 1263 3091 tempore
1271 3040 1519 3078 accusant.
1607 3041 1705 3090 tas,
1724 3032 1972 3096 magisque
1999 3033 2222 3083 luctuosa
2249 3035 2473 3084 videatur
2485 3058 2528 3083 n.

566 3112 620 3160 4.
656 3103 903 3170 Temporis
926 3105 1066 3154 sacis.
1084 3108 1275 3170 viginti
1302 3107 1409 3155 dies
1432 3109 1522 3157 da·
1679 3113 1730 3161 6.
1759 3112 1990 3178 Princeps
2018 3113 2201 3164 schith.
2243 3115 2376 3164 Urba
2412 3117 2636 3164 Messana

492 3187 671 3234 bantur
693 3184 757 3233 ad
773 3185 1101 3233 accusandum
1128 3186 1361 3250 legitim13
1388 3190 1522 3238 actio
1607 3193 1844 3241 Romania
1891 3209 1944 3240 ee
1989 3209 2174 3258 tuaque
2213 3195 2416 3244 tradidit
2457 3199 2522 3245 A.
2564 3199 2632 3246 U.

492 3266 647 3331 prima
672 3278 852 3311 novem
877 3263 1157 3314 abstulerat.
1170 3267 1315 3316 Verr.
1337 3269 1387 3326 1,
1402 3269 1491 3318 60.
1615 3273 1716 3336 489
1736 3289 1752 3329 ;
1783 3284 1834 3321 et
1851 3289 1982 3322 anuo
2001 3276 2253 3339 sequenti,
2287 3277 2452 3324 multe
2467 3276 2636 3325 civita-

566 3344 619 3394 5.
649 3345 814 3406 Atque
832 3343 977 3389 adeo.
998 3343 1175 3392 Sicilie
1200 3343 1324 3403 lana,
1348 3361 1523 3410 quam,
1611 3361 1700 3409 tes,
1719 3351 1934 3401 Hierone
1951 3353 2146 3418 fugato,
2165 3355 2217 3402 in
2237 3356 2496 3405 amicitiam
2522 3373 2634 3405 cum

490 3433 546 3472 ut
572 3421 849 3485 exemplum
874 3437 1145 3470 numerosae
1170 3423 1405 3474 orationis
1419 3426 1524 3475 lau·
1611 3433 1768 3480 Roma
1789 3445 2050 3493 venerunt,
2071 3449 2128 3482 ac
2159 3435 2266 3499 ipse
2292 3437 2448 3485 Hiero
2474 3437 2528 3483 in
2559 3451 2640 3484 ao-

494 3503 581 3552 dat
608 3503 711 3566 ipse
748 3501 922 3550 Cicero
961 3501 1016 3548 iu
1042 3503 1247 3550 Oratore
1263 3537 1277 3561 ‚
1304 3503 1337 3570 S
1374 3521 1477 3552 πο
1505 3524 1519 3555 :
1609 3511 1831 3559 cietatem
1853 3523 2079 3576 receptae
2105 3525 2195 3563 est.

496 3605 523 3626 α
544 3581 839 3631 Adhibenda
882 3590 956 3629 eet
973 3616 988 3640 ,
1030 3582 1217 3646 inquit,
1264 3601 1523 3634 numerosa
1685 3609 1735 3653 7.
1761 3590 2030 3656 Applicuit.
2061 3594 2282 3643 Verbum
2319 3595 2534 3644 nolanae
2571 3595 2636 3645 de

492 3663 683 3722 oratio,
711 3661 753 3709 ei
789 3672 875 3709 aut
908 3660 1209 3711 laudandum
1234 3675 1307 3713 eet
1333 3665 1524 3730 aliquid
1611 3685 1700 3728 eo,
1727 3671 1816 3734 qui
1837 3671 1900 3719 ad
1926 3671 2138 3737 aliquem
2179 3686 2422 3740 tamqnam
2456 3676 2518 3724 ad
2543 3694 2636 3742 pa-

496 3743 741 3798 ornatim,
765 3751 823 3788 ut
858 3757 951 3790 nos
994 3739 1046 3789 in
1086 3744 1411 3793 accusationi·
1446 3762 1522 3793 ae·
1609 3757 1810 3797 nonum
1836 3752 2082 3816 confugit,
2103 3753 2240 3817 quod
2257 3765 2312 3802 ut
2330 3755 2474 3820 plane
2487 3756 2634 3805 intel·

492 3819 658 3868 cundo
677 3819 740 3867 de
764 3819 941 3868 Siciliae
963 3819 1105 3869 laude
1129 3821 1345 3872 diximus
1358 3845 1401 3872 ι.
1415 3825 1519 3890 Op·
1606 3825 1752 3893 ligas,
1767 3829 1872 3880 vid.
1894 3831 2000 3882 cie.
2022 3832 2083 3881 de
2108 3836 2246 3883 Orat.
2264 3837 2309 3893 1,
2334 3837 2417 3898 39.
2431 3835 2632 3885 Terent.

491 3909 703 3964 pon-tune
730 3909 917 3960 autem,
944 3901 1031 3964 qui
1059 3901 1236 3950 Sicilia
1270 3903 1520 3953 calamita·
1605 3909 1836 3969 Andr.V‚
1865 3920 1896 3969 4
1913 3949 1928 3974 ,
1947 3929 1976 3959 a
1989 3929 2036 3962 1.

495 3991 593 4027 tem
620 3980 933 4042 expositurus
952 3991 1025 4028 eet
1039 4015 1055 4039 ,
1082 3979 1229 4030 initio
1262 3981 1518 4033 florentem
1679 3989 1726 4036 8.
1749 3989 2197 4042 VenissentOEaei-u.
2213 3993 2629 4056 conjmediissent.

490 4057 622 4105 illius
647 4067 823 4104 statum
846 4061 1074 4124 exponit3
1102 4071 1157 4107 ut
1181 4078 1241 4109 ex
1264 4065 1518 4127 utriusque
1605 4066 1722 4114 Em.
1749 4067 1874 4117 bene
1900 4071 2143 4136 vulgatam
2170 4073 2398 4137 explicat.
2423 4075 2475 4122 J.
2491 4076 2558 4123 V.
2579 4079 2632 4124 1..
