2984 4684
551 322 717 390 xxiv
1341 319 1889 387 PRAEFATIO

547 465 1020 540 comparasse.
1047 437 1384 534 (Quintil.
1413 436 1542 509 ubi
1574 439 1769 536 sup.)
1797 444 1876 508 ln
1904 463 1989 509 ea
2017 464 2178 537 quae
2218 439 2358 513 fuit
2383 443 2487 514 illi
2518 469 2683 516 cum

545 553 830 624 Caecilio
875 550 968 622 de
1015 564 1430 621 accusatore
1480 554 1558 618 in
1600 553 1901 620 Verrem
1948 553 2463 626 constituendo
2504 581 2685 628 con-

543 665 815 746 teuti0,
867 663 1195 759 quamvis
1251 660 1563 730 multum
1610 675 1799 730 esset
1856 661 1933 730 in
1984 660 2126 733 hoc
2168 670 2559 753 momenti,
2604 685 2685 736 ut

543 773 958 846 ostenderet
977 797 1054 843 se
1073 785 1562 842 accusatorem
1586 795 1742 842 esse
1764 772 2075 843 maxime
2094 773 2465 860 idoneum,
2482 780 2681 874 quod

541 890 696 956 sine
733 885 1168 980 eloquentia:
1202 905 1346 951 suae
1387 880 1603 953 laude
1636 906 1785 953 non
1820 887 2220 980 potuisset3
2252 885 2543 958 dicendi
2576 905 2682 960 ta-

537 1019 706 1066 men
731 992 1140 1064 facultatem
1161 990 1446 1062 Caecilio
1469 995 1699 1088 magis
1722 991 2067 1078 detraxit,
2082 1019 2303 1090 quam
2326 1003 2685 1096 arrogavit

539 1103 709 1190 sibi,
747 1127 972 1200 seque
1001 1125 1150 1171 non
1181 1116 1723 1197 consequutum
1750 1100 1964 1187 dixit,
1998 1104 2122 1175 sed
2152 1110 2399 1177 omnia
2430 1106 2683 1181 fecisse

541 1230 624 1285 ut
657 1228 904 1312 posset
933 1236 1092 1282 eam
1125 1216 1475 1308 consequi
1500 1212 1854 1308 (DIvinat.
1894 1213 2025 1308 ια)
2058 1242 2073 1282 :
2116 1240 2193 1286 se
2228 1215 2413 1287 nihil
2442 1217 2684 1292 dicere

537 1324 629 1396 de
665 1349 799 1396 suo
837 1316 1132 1420 inge‘nio
1177 1320 1394 1422 gibid.
1431 1347 1458 1392 1
1482 1331 1598 1418 1),
1650 1325 1823 1420 quia
1862 1350 2013 1395 non
2056 1341 2165 1396 est
2216 1328 2418 1423 quod
2456 1334 2684 1426 possit

535 1437 812 1523 dicere3
846 1459 1130 1530 neque,
1175 1435 1234 1504 si
1271 1449 1501 1516 esset,
1546 1433 1839 1505 diceret.
1876 1438 1961 1507 In
2002 1435 2304 1535 dialogis
2334 1464 2514 1510 vero
2558 1444 2681 1538 (iu

533 1555 796 1633 Brut0‚
833 1548 1136 1646 passim)
1172 1543 1509 1615 ubi‘data
1544 1549 1923 1616 occasione
1966 1543 2219 1643 [datur
2248 1563 2491 1620 autem
2531 1576 2677 1622 non

533 1657 806 1756 semel]
859 1657 951 1728 de
1001 1681 1076 1728 se
1113 1656 1465 1754 loquitur,
1508 1681 1659 1726 non
1702 1654 1839 1726 sibi
1883 1655 2195 1730 defuisse
2256 1659 2681 1734 industriam

534 1765 884 1850 ostendit,
909 1781 1007 1836 ut.
1028 1764 1122 1836 ad
1157 1765 1652 1863 eloquentiam
1688 1770 2129 1863 perveniret,
2170 1768 2295 1840 sed
2330 1787 2573 1844 tamen
2604 1773 2679 1844 id

533 1903 610 1950 se
653 1880 936 1974 assequi
995 1901 1148 1946 non
1199 1878 1525 1973 potuisse
1564 1876 1765 1973 quod
1813 1877 2175 1975 cupiebat.
2243 1883 2425 1952 Nam
2474 1883 2677 1980 quod

531 1988 890 2084 objiciunt
928 1986 1309 2058 adversarii
1351 1987 1595 2058 locum
1622 1987 1825 2057 illum
1852 1988 2191 2088 (Philipp.
2221 1994 2314 2078 II,
2354 1991 2417 2086 1)
2446 1990 2572 2062 ubi
2598 2018 2678 2064 se

529 2125 698 2172 cum
719 2102 1039 2171 Antonio
1077 2111 1450 2195 comparat
1470 2151 1488 2183 ,
1523 2110 1598 2167 et
1628 2095 1919 2169 dicendi
1955 2096 2367 2172 facultatem
2396 2103 2679 2201 simpli-⁶

531 2211 710 2279 citer
745 2206 882 2278 sibi
917 2221 1236 2304 arrogat,
1276 2210 1356 2276 in
1397 2232 1486 2277 eo
1526 2211 1741 2278 etiam
1778 2209 2465 2306 reprehendendum
2504 2238 2675 2284 eum

531 2343 686 2390 esse
729 2343 878 2388 nou
925 2332 1106 2415 puto
1141 2346 1156 2388 ε
1203 2341 1357 2387 non
1406 2319 1601 2389 enim
1638 2318 1821 2388 illud
1865 2317 2204 2392 indecora
2239 2323 2678 2420 eloquentia:

523 2431 853 2526 jactati0,
895 2428 1019 2499 sed
1061 2427 1326 2500 fiducia
1363 2443 1474 2499 est
1510 2433 1780 2500 oratori
1820 2453 2381 2528 nonnumquam
2410 2459 2675 2506 conce—

529 2539 785 2612 denda.
823 2539 1170 2636 (Quintil.
1203 2537 1333 2609 ubi
1359 2539 1637 2637 supra.)

623 2656 838 2722 Dices
867 2676 881 2718 :
913 2653 1025 2720 sin
1053 2652 1298 2719 minus
1325 2652 1635 2746 ingenii,
1656 2665 1727 2721 et
1748 2649 2185 2747 eloquentiae
2207 2675 2355 2722 suae
2372 2654 2677 2744 TulliuS,

526 2779 596 2832 at
625 2786 870 2832 rerum
899 2785 940 2830 a
971 2785 1046 2830 se
1065 2774 1430 2859 gestarum
1461 2775 1867 2832 ostentator
1894 2760 2353 2858 magnificuS,
2386 2765 2479 2834 de
2502 2789 2681 2836 con-

526 2871 764 2942 sulatu
792 2895 928 2940 suo
961 2885 1034 2960 et
1062 2873 1413 2941 exstincta
1427 2870 1749 2942 Catilinae
1786 2872 2294 2965 conjuratione
2320 2877 2681 2974 intempe-

529 2984 805 3052 rantius
855 3003 1026 3050 sane
1078 2978 1450 3077 praedicat,
1499 3003 1720 3076 quam
1776 3005 2067 3052 necesse
2126 2997 2235 3052 est
2281 2983 2545 3081 pudori
2600 3003 2677 3056 et

527 3089 915 3162 modestiae.
959 3093 1122 3160 Non
1161 3089 1539 3162 dissimulo
1580 3115 1660 3160 ea
1698 3094 2084 3188 saepissime
2114 3098 2473 3183 revocari,
2508 3119 2677 3193 quae

524 3200 615 3273 ad
639 3223 1024 3298 oppressos
1053 3199 1376 3270 Catilinae
1405 3197 1689 3270 furores
1714 3202 2113 3298 pertinent,
2144 3219 2215 3274 et
2246 3207 2675 3278 Ciceronem

522 3315 596 3382 in
629 3309 992 3382 laudando
1022 3335 1155 3380 suo
1187 3311 1573 3380 consulatu
1593 3313 1923 3398 nimium,
1949 3312 2156 3402 adde,
2174 3318 2229 3384 si
2252 3320 2383 3402 viS,
2402 3319 2671 3387 intem-

525 3436 901 3521 perantem
921 3443 1132 3518 posse
1151 3423 1368 3490 etiam
1384 3420 1632 3492 videri.
1648 3426 1739 3493 At
1757 3422 1847 3493 de
1868 3427 2099 3520 patria
2118 3429 2345 3522 magis
2368 3430 2676 3498 meritus

522 3548 707 3620 erat,
741 3555 964 3628 quam
994 3533 1121 3628 qui
1153 3556 1499 3628 umquam
1540 3536 1871 3604 maxime.
1908 3533 2186 3606 Urbem
2220 3561 2309 3607 ex
2344 3537 2676 3607 Catilium

497 3643 852 3736 faucibus
879 3645 1280 3740 eripuerat3
1315 3642 1472 3737 ejus
1511 3645 1713 3740 ignes
1746 3669 1787 3716 a
1824 3647 2032 3716 tectis
2064 3645 2451 3718 domorum
2478 3701 2497 3732 ,
2524 3647 2675 3743 gla-

517 3755 680 3824 dios
717 3777 758 3822 a
793 3748 1195 3822 cervicibus
1231 3755 1497 3823 civium
1542 3757 1989 3851 optimorum
2035 3755 2411 3854 depulerat
2448 3784 2464 3826 :
2514 3773 2676 3828 tan-

513 3877 672 3934 tum
709 3859 1184 3948 beneficium,
1225 3875 1296 3930 et
1324 3886 1478 3957 quo
1514 3865 1749 3958 majus
1787 3864 2065 3937 civibus
2096 3895 2135 3936 a
2162 3870 2319 3939 cive
2348 3866 2672 3942 conferri

520 3972 803 4044 nullum
848 3985 1114 4068 potest,
1157 3970 1281 4041 dat
1323 3997 1494 4043 sane
1537 3973 2029 4070 praedicationi
2068 3977 2331 4069 justam
2374 3993 2445 4048 et
2489 3978 2671 4076 legi-

519 4087 767 4154 timam
819 4083 1356 4151 excusationem
1386 4138 1404 4168 ,
1475 4105 1707 4181 prope
1768 4101 1849 4155 ut
1908 4086 2375 4158 concedenda
2440 4091 2529 4158 sit
2594 4107 2675 4161 et
