2984 4684
556 377 692 452 508
1191 382 1287 449 M.
1338 381 1417 448 T.
1470 381 1706 450 CICE
1722 381 1975 449 RONI
1991 381 2036 448 S

546 502 906 598 integras?
936 499 1195 572 videtis
1240 515 1634 572 extremam
1667 514 1944 599 partem
1981 502 2334 584 nominis,
2371 499 2682 572 caudam

548 613 741 684 illam
787 616 1067 698 Verria,
1107 626 1475 709 tamquam
1535 615 1612 682 in
1671 609 1868 696 Inte,
1927 607 2330 680 demersam
2383 634 2540 682 esse
2597 616 2679 680 in

544 722 804 796 litura?
828 724 943 794 Sic
970 720 1240 793 habent
1270 745 1347 793 se
1384 719 1646 792 tabulae
1667 775 1690 808 ,
1715 719 2022 816 judices,
2047 732 2130 789 ut
2168 716 2444 790 videtis.
2480 718 2676 808 Quid

546 833 1028 930 exspectatis?
1068 829 1250 929 quid
1280 833 1598 928 quaeritis
1633 829 1992 928 amplius?
2025 843 2108 900 tu
2137 829 2296 926 ipse
2315 881 2336 915 ,
2372 832 2634 900 Verres
2651 883 2676 916 ,

548 941 725 1040 quid
776 940 1021 1016 sedes?
1072 941 1251 1040 quid
1290 941 1641 1014 moraris?
1695 965 1866 1012 nam
1907 953 2034 1010 aut
2077 937 2420 1010 exhibeas
2461 936 2678 1009 nobis

546 1053 1000 1137 Verrutium,
1024 1075 1313 1123 necesse
1343 1066 1482 1140 est;
1511 1065 1638 1122 aut
1661 1065 1733 1122 te
1765 1074 1919 1122 esse
1937 1049 2356 1120 Verrutium
2385 1045 2674 1119 fateare.

644 1157 1064 1232 Laudantur
1086 1171 1109 1202 ¹
1150 1175 1475 1234 oratores
1503 1175 1781 1232 veteres
1797 1215 1818 1248 ,
1844 1159 2077 1231 Crassi
2103 1158 2207 1230 illi
2245 1172 2318 1230 et
2343 1159 2680 1241 Antonii,
2762 1215 2767 1218 .

549 1269 747 1367 quod
794 1271 1095 1342 crimina
1130 1269 1403 1343 diluere
1438 1269 1786 1358 dilucide,
1826 1269 2029 1368 quod
2058 1269 2350 1367 copiose
2379 1293 2678 1340 reorum

549 1405 797 1453 causas
838 1379 1226 1452 defendere
1264 1379 1618 1452 solebant.
1661 1381 2022 1452 Nimirum
2059 1379 2164 1448 illi
2196 1403 2348 1449 non
2381 1380 2681 1474 ingenio

548 1489 787 1561 solum
832 1489 946 1560 his
990 1490 1315 1588 patronis
1332 1545 1351 1579 ,
1392 1489 1520 1562 sed
1565 1488 1862 1562 fortuna
1905 1490 2120 1560 etiam
2169 1489 2676 1586 praestiterunt.

546 1603 779 1672 Nemo
830 1599 1025 1672 enim
1068 1615 1245 1672 tunc
1288 1601 1385 1671 ita
1432 1599 1777 1698 peccabat
1796 1655 1816 1686 ,
1863 1611 1946 1670 ut
1995 1596 2392 1672 defensioni
2432 1597 2678 1668 locum

546 1735 697 1782 non
734 1710 1180 1809 relinqueret
1208 1740 1224 1782 ε
1254 1736 1475 1782 nemo
1511 1711 1608 1784 ita
1631 1711 1951 1799 vivebat,
1985 1725 2072 1781 ut
2105 1707 2305 1780 nulla
2331 1708 2486 1804 ejus
2513 1711 2681 1779 vitae

546 1845 711 1919 pars
750 1845 1047 1892 summae
1094 1821 1569 1921 turpitudinis
1611 1836 1798 1894 esset
1841 1845 2097 1920 expers
2135 1849 2151 1891 ε
2197 1843 2416 1892 nemo
2459 1820 2558 1890 ita
2597 1820 2678 1890 in

544 1929 929 2024 manifesto
980 1946 1279 2029 peccatu
1301 1943 1331 1974 ²
1383 1931 1792 2020 tenebatur,
1835 1946 1953 2020 ut,
2009 1956 2240 2029 quum
2293 1929 2686 2028 impudens

547 2039 799 2111 fuisset
840 2044 921 2110 in
968 2039 1197 2130 facte,
1246 2056 1404 2114 tum
1455 2043 1948 2141 impudentior
1993 2040 2387 2130 videretur,
2437 2042 2496 2110 si
2549 2065 2678 2112 ne-

544 2165 765 2248 garet.
800 2155 1013 2222 Nunc
1043 2176 1221 2223 vero
1244 2150 1425 2250 quid
1450 2151 1660 2226 faciat
1689 2149 2205 2226 Hortensius3?
2233 2153 2676 2224 avaritiaene⁴

539 2261 839 2332 crimina
866 2259 1287 2359 frugalitatis
1313 2263 1650 2336 laudibus
1684 2263 2161 2364 deprecetur?
2191 2264 2282 2332 At
2304 2261 2680 2332 hominem

538 2371 1167 2468 flagitiosissimum
1188 2427 1207 2462 ,
1250 2372 1918 2446 libidinosissimum
1942 2428 1962 2461 ,
2005 2373 2684 2471 nequissimumque

536 2479 882 2554 defendit.
946 2487 1057 2556 An
1099 2483 1191 2556 ab
1234 2483 1369 2556 hac
1404 2485 1560 2581 ejus
1599 2482 1928 2574 infamia,
1967 2483 2290 2581 nequitia
2311 2478 2366 2570 5,
2402 2497 2684 2554 vestros

540 2592 819 2664 animos
873 2595 949 2665 in
1004 2594 1215 2666 aliam
1268 2609 1546 2694 partem
1564 2650 1585 2683 ,
1635 2594 2082 2667 fortitudinis
2145 2615 2678 2666 commemora-

540 2703 777 2789 tione,
826 2702 1196 2775 traducat?
1248 2708 1341 2776 At
1381 2705 1606 2776 homo
1655 2706 1962 2778 inertior
1981 2758 2001 2794 ,
2043 2705 2370 2802 ignavior
2391 2757 2411 2790 ,
2457 2704 2682 2800 magis

541 2808 692 2881 vir⁶
743 2812 933 2886 inter
978 2816 1317 2888 mulieres
1343 2869 1363 2903 ,
1416 2818 1706 2913 impura
1757 2816 1946 2888 inter
2007 2816 2203 2885 viros
2261 2813 2680 2884 muliercula

542 2920 844 3019 proferri
883 2950 1037 2996 non
1070 2940 1329 3022 potest.
1384 2930 1477 2995 At
1523 2949 1762 2996 mores
1808 2921 2177 2997 commodi
2199 2935 2255 2993 ⁷.
2293 2922 2479 3014 Quis
2505 2945 2688 3016 'con-

540 3034 952 3104 tumaciori'
991 3037 1156 3133 quis
1196 3035 1707 3110 inhumanior?
1743 3036 1908 3135 quis
1941 3032 2369 3133 superbior?
2397 3037 2490 3104 At
2528 3031 2681 3104 haec

616 3225 900 3274 Lxxvm.
927 3243 971 3274 1.
998 3227 1301 3277 Laudamur.
1323 3229 1393 3276 lta
1414 3226 1564 3277 codd.
1653 3229 1942 3292 frugalitatis
1981 3227 2124 3276 laude
2167 3242 2398 3276 excusare
2437 3225 2684 3274 tentabit?

542 3303 673 3354 Male
707 3306 825 3354 Em.
862 3303 1073 3366 Schiitz,
1116 3306 1502 3356 «laudabantur.
1515 3345 1526 3356 .
1542 3341 1555 3354 .
1727 3308 1776 3356 5.
1811 3309 1992 3356 Forsan
2025 3303 2286 3372 legendnm
2318 3327 2344 3347 α
2357 3305 2418 3353 ab
2449 3305 2541 3354 bac
2569 3305 2678 3364 ejus

544 3385 758 3434 solerent
776 3405 820 3433 a.
843 3386 964 3434 J.v.
984 3389 1039 3434 L.
1653 3386 1821 3434 infami
1860 3385 2144 3451 nequitia»,
2179 3384 2450 3432 adnotant·
2485 3382 2673 3434 Guliel-

609 3480 659 3513 a.
684 3467 910 3512 Peccata.
931 3464 1011 3512 Sic
1027 3465 1146 3512 Tiro
1170 3464 1275 3529 ipae
1294 3463 1566 3530 scripserat,
1651 3465 1753 3514 mio
1773 3481 1793 3528 ς
1847 3467 2214 3524 Hotomannna,
2264 3475 2436 3514 contra
2485 3475 2674 3512 eeteros

540 3555 661 3594 teste
688 3543 875 3603 Gellio,
900 3541 1055 3608 nus,
1078 3559 1160 3607 19.
1179 3547 1233 3594 J.
1255 3546 1322 3594 V.
1348 3545 1404 3594 1..
1651 3545 1804 3594 libros
1821 3581 1838 3606 ,
1883 3545 2038 3594 edidit
2095 3567 2118 3587 ιι
2137 3544 2335 3593 infamia
2379 3543 2612 3606 nequitiae
2627 3564 2674 3590 ιι.

618 3625 664 3673 3.
688 3623 865 3670 Faciat
888 3623 1183 3672 Hortensius.
1218 3625 1371 3686 Cujus
1393 3624 1566 3674 condi·
1653 3626 1703 3674 J.
1717 3627 1782 3674 V.
1805 3627 1864 3675 L.

546 3703 619 3754 tio
663 3703 826 3754 Crassi
877 3715 925 3753 et
965 3702 1173 3754 Antonii
1214 3705 1423 3754 fortune
1466 3715 1566 3752 tam
1725 3705 1775 3752 6.
1797 3702 1956 3769 Magis
1975 3701 2073 3752 vir.
2095 3703 2282 3752 Notum
2306 3702 2437 3750 illud
2453 3704 2505 3750 in
2525 3703 2684 3762 Catta—

548 3783 793 3832 diaaimilia
816 3793 891 3832 eat
912 3785 967 3833 in
993 3801 1053 3833 eo
1066 3819 1083 3842 ,
1130 3801 1273 3848 quem
1310 3783 1528 3834 defendit
1544 3817 1561 3844 ,
1653 3799 1756 3832 rem
1773 3783 2000 3833 Curioni·
2025 3782 2244 3832 dictum:
2273 3803 2298 3824 ι
2313 3799 2423 3832 eum
2450 3799 2552 3832 esse
2581 3797 2684 3832 om·

548 3862 743 3910 cliente.
766 3862 901 3926 Quid
925 3863 1103 3912 faeiat?
1128 3879 1227 3927 qua
1240 3864 1428 3912 mione
1444 3867 1564 3912 Ver·
1649 3867 1786 3912 nium
1822 3863 2081 3911 mulierum
2129 3863 2286 3910 virum
2310 3897 2325 3921 ,
2371 3873 2421 3910 et
2466 3863 2682 3911 omnium

552 3955 653 3988 rem
684 3940 967 3990 defensurus
1000 3954 1103 4004 eat,
1136 3944 1275 4005 cuius
1307 3943 1423 3992 vita
1456 3957 1567 4007 para
1655 3944 1872 3994 virorum
1903 3942 2154 3991 mulierem
2165 3962 2208 3990 u.

552 4019 683 4068 nulla
708 4035 904 4067 summa
930 4022 1247 4086 turpitudinis
1276 4033 1348 4072 eet
1376 4037 1565 4088 expers.
1731 4041 1780 4085 7.
1806 4027 1966 4072 Mores
1991 4021 2254 4070 commodi.
2285 4023 2350 4068 Δι
2377 4019 2510 4068 enim
2527 4019 2567 4066 si
2587 4035 2684 4066 ma-

622 4106 671 4154 4.
696 4096 946 4146 Avaritia.
975 4100 1057 4174 An
1092 4100 1375 4164 cupiditatis
1409 4101 1570 4149 labem
1657 4101 1772 4152 liere
1814 4103 2072 4167 ignavior,
2125 4113 2271 4165 atque
2329 4099 2566 4164 impurior
2613 4107 2684 4146 eat
