2984 4684
578 286 713 395 59'2
1384 297 1903 367 APPENDIX

575 423 913 512 cepissent.
950 420 1207 508 quidve.
1246 421 1744 485 commisissent.
1781 443 2023 483 earum.
2081 419 2482 498 injuriarum.
2523 443 2706 506 ergo.

574 532 813 592 Romae.
868 527 1178 614 quiritari.
1222 525 1534 615 judicioq.
1588 528 1876 613 quaesito.
1917 549 2052 590 sua.
2090 543 2402 614 repetere.
2439 527 2710 613 provin-

574 634 782 698 ciales,
816 650 1136 721 possent».

664 741 857 802 Poena
880 759 1008 825 qua
1034 735 1493 801 vindicandum
1524 738 1652 801 hoc
1673 737 1918 800 crimen
1941 737 2148 800 sanxit
2170 736 2322 800 Piso
2340 785 2358 818 ,
2386 755 2520 798 non
2545 734 2709 798 adeo

575 844 779 934 gravis
818 843 1100 931 primum
1135 844 1277 905 fuit.
1309 842 1751 906 pecuniariam
1786 861 1928 904 eam
1965 841 2163 904 fuisse
2189 841 2386 904 verba
2415 840 2571 927 legis
2603 840 2706 900 in-

576 948 835 1028 dicant3
872 971 1087 1036 neque
1120 949 1286 1010 ultra
1322 949 1616 1012 saeviisse.
1659 946 1856 1030 Quod
1886 947 2181 1035 exemplo
2213 946 2707 1033 comprobatur;

576 1077 779 1143 quum
802 1055 1202 1119 L.Lentulus
1232 1053 1738 1142 repetundarum
1764 1053 2034 1116 crimine
2052 1071 2420 1140 oppressus,
2444 1052 2708 1115 biennio

574 1178 720 1248 post
768 1157 851 1222 ad
895 1177 1239 1247 praeturam
1278 1158 1473 1222 fuerit
1517 1176 1797 1223 evectus,
1835 1157 2047 1222 Poenae
2095 1157 2248 1222 huic
2282 1157 2708 1246 ignominiam

576 1267 747 1354 leges
775 1265 1163 1354 posteriores
1190 1263 1580 1328 addiderunt
1604 1289 1619 1329 ε
1653 1288 1928 1352 nempe«
1948 1266 2043 1328 uti
2079 1287 2160 1326 ne
2189 1265 2256 1326 in
2285 1279 2580 1327 senatum
2604 1285 2712 1324 ve-

579 1368 747 1446 nire,
776 1389 895 1432 nec
928 1368 993 1430 in
1028 1367 1345 1431 concione
1371 1367 1738 1431 orationem
1761 1366 1999 1429 habere
2029 1364 2543 1454 repetundarum
2571 1364 2710 1453 lege

574 1473 890 1538 damnatis
922 1475 1203 1538 liceret».
1236 1475 1424 1538 Auct.
1452 1475 1642 1538 Rhet.
1671 1473 1754 1538 ad
1771 1475 2054 1537 Herenn.
2079 1473 2130 1552 1,
2164 1471 2302 1561 cap.
2329 1470 2711 1536 20.Addita-

578 1601 706 1666 que
735 1595 833 1643 est
859 1596 1083 1666 postea
1117 1580 1284 1668 ignis
1318 1596 1383 1643 et
1413 1601 1595 1667 aquae
1637 1578 2043 1657 interdicti03
2073 1596 2139 1642 et
2170 1580 2510 1666 postremis
2545 1593 2712 1641 tem-

576 1685 880 1772 poribu5‚
932 1685 1247 1749 exsilium.
1304 1685 1475 1749 Hinc
1522 1685 1610 1750 ait
1663 1686 1892 1748 Cicero
1937 1686 2211 1748 «multas
2271 1702 2488 1772 postea
2541 1683 2711 1773 leges

578 1790 771 1873 lataS,
796 1807 861 1854 et
897 1791 1219 1878 proximas
1250 1813 1542 1880 quasque
1574 1789 1869 1854 duriores
1907 1791 2103 1854 fuisse
2131 1823 2176 1854 υ.

667 1898 981 1961 Praeterea
1014 1898 1297 1961 instituit
1328 1898 1467 1986 lege
1509 1921 1625 1961 sua
1665 1897 1812 1961 Piso
1859 1913 1933 1960 ut
1968 1914 2218 1960 certum
2261 1897 2400 1960 haec
2445 1895 2712 1984 quaestio

576 2003 849 2090 posthac
876 2003 1146 2066 haberet
1180 2020 1522 2091 praetorem
1541 2053 1558 2085 ,
1592 2003 1676 2066 ita
1705 2019 1780 2066 ut
1820 2025 1985 2066 nova
2012 2004 2152 2091 lege
2184 2025 2351 2091 opus
2383 2023 2518 2066 non
2548 2019 2714 2066 esset

580 2109 806 2186 sociis;
843 2107 955 2172 sed
988 2125 1240 2172 certum
1268 2109 1584 2174 haberent
1617 2109 1698 2172 ad
1739 2108 1918 2196 quod
1950 2109 2382 2198 confugerent
2409 2108 2708 2172 tribunal.

578 2213 837 2276 Etenim
876 2229 1027 2278 ante
1073 2215 1265 2278 latam
1304 2215 1472 2279 hanc
1509 2217 1760 2280 Pisonis
1797 2216 2006 2304 legem
2028 2266 2045 2299 ‚
2081 2217 2133 2278 si
2175 2214 2439 2303 quando
2475 2213 2557 2278 de
2591 2215 2712 2278 isto

574 2320 847 2386 crimine
881 2338 1301 2408 quaereretur,
1342 2321 1423 2385 de
1474 2346 1553 2386 eo
1591 2340 1765 2386 extra
1813 2322 2108 2387 ordinem
2163 2345 2242 2386 ex
2289 2339 2711 2386 senatuscon-

578 2425 748 2489 sulto
776 2449 809 2489 a
850 2428 1441 2513 recuperatoribus,
1476 2429 1574 2491 uti
1609 2428 1689 2492 de
1725 2451 1914 2494 causa
1951 2429 2192 2517 privata
2229 2429 2564 2517 cognitum
2595 2445 2708 2492 est.

580 2531 791 2595 Testis
823 2531 1063 2614 LiviuS,
1100 2533 1348 2615 XLIII,
1389 2558 1459 2615 2,
1499 2533 1612 2596 ubi
1652 2547 1868 2598 narrat
1900 2533 1981 2598 de
2011 2535 2338 2623 Hispaniae
2377 2534 2712 2621 utriusque

579 2636 801 2724 legatis
843 2637 1092 2724 aliquot
1134 2639 1530 2726 populorum
1568 2640 1634 2702 in
1674 2657 1970 2703 senatum
2014 2637 2460 2720 introducti53·
2487 2641 2600 2727 qui
2633 2639 2711 2702 de

580 2741 1075 2828 magistratuum
1098 2762 1523 2806 romanorum
1539 2744 1801 2830 'avaritia
1819 2744 2248 2833 superbiaque
2272 2767 2477 2832 quum
2503 2737 2710 2808 essent

572 2847 943 2933 conquesti,
971 2847 1041 2911 L.
1068 2849 1379 2912 Canuleio
1400 2850 1658 2936 praetori
1674 2851 2010 2938 negotium
2032 2873 2148 2939 per
2168 2868 2468 2915 senatum
2492 2851 2708 2915 datum

577 2969 705 3032 est,
735 2970 809 3016 ut
833 2957 902 3017 in
928 2955 1217 3043 singulos
1246 2981 1283 3019 a
1309 2956 1551 3043 quibus
1585 2957 1852 3044 Hispani
1883 2959 2188 3045 pecunias
2224 2974 2553 3046 peterent,
2579 2957 2710 3045 qui·

579 3077 697 3122 nos
734 3077 1215 3148 recuperatores
1254 3085 1329 3125 ex
1369 3061 1600 3127 ordine
1632 3064 1958 3126 senatorio
1993 3062 2190 3126 daret.
2237 3065 2330 3126 Ex
2369 3063 2490 3127 hac
2522 3065 2710 3152 igitur

576 3166 827 3229 Pisonis
860 3166 999 3254 lege
1023 3187 1358 3256 coeperunt
1380 3169 1690 3232 constitui
1725 3170 2111 3256 quaestiones
2141 3187 2510 3259 perpetuae,
2537 3193 2707 3258 quae,

578 3273 673 3336 uti
704 3271 905 3336 modo
938 3271 1337 3356 ‹licebamu5‚
1372 3275 1564 3338 nullae
1601 3291 1786 3340 antea
1817 3279 2093 3340 fuerant.

664 3378 1013 3467 Calpurnia
1063 3365 1241 3468 lege,
1289 3381 1538 3446 sublata
1579 3406 1710 3446 non
1759 3397 1852 3447 est
1887 3379 2376 3472 magistratuum
2417 3386 2706 3448 avaritia:

576 3485 920 3572 provinciae
947 3484 1371 3550 nihilominus
1397 3489 1718 3576 populatae
1743 3505 1806 3552 et
1823 3507 2062 3553 vexatae
2086 3509 2280 3572 sunt3
2311 3507 2410 3554 tot
2431 3493 2590 3572 reis,
2617 3507 2712 3554 tot

577 3589 919 3670 damnatis,
937 3605 1121 3653 tanto
1152 3592 1352 3678 magis
1372 3593 1576 3656 saeviit
1599 3595 1894 3680 expilatio
1921 3593 2334 3683 direptioque
2361 3597 2712 3659 sociorum.

578 3693 804 3781 Itaque
829 3711 979 3784 post
1004 3695 1419 3782 Calpurniam
1449 3698 1622 3786 leges
1645 3698 1780 3762 aliae
1795 3701 2160 3787 complures
2187 3701 2328 3763 latoe
2356 3719 2536 3782 sunt,
2559 3726 2712 3789 quas

577 3799 808 3863 ordine
838 3801 1339 3867 recensebimus.

664 3904 900 3993 Legem
940 3905 1109 3971 hanc
1146 3908 1550 3996 subsequuta
1585 3930 1678 3974 est
1710 3911 1933 3993 Junia,
1965 3931 2160 4000 quam
2194 3915 2344 3976 tulit
2370 3913 2462 3977 Μ.
2487 3915 2711 3978 Iunius

584 4006 847 4072 Pennus
890 4011 1191 4077 tribunus
1238 4015 1474 4102 plebis,
1515 4015 1603 4080 M.
1629 4017 1897 4081 AEmilio
1942 4018 2188 4107 Lepido
2224 4036 2286 4083 et
2333 4019 2402 4084 L.
2454 4021 2708 4084 Aurelio
