2984 4684
524 406 569 477 8
750 464 761 489 ,
1164 406 1265 473 M.
1306 404 1385 471 T.
1438 400 2002 472 CICERONIS

516 550 725 625 opes,
754 524 970 595 nullae
998 520 1407 611 facultates,
1433 524 1709 619 exiguae
1719 518 2186 593 ‘amicorumss
2216 526 2441 621 copiae
2464 539 2660 613 sunt,

518 660 690 707 cum
710 634 1121 706 adversario
1148 621 1660 730 gratiosissimo
1693 632 2108 705 contendat.
2141 632 2334 704 Illud
2360 659 2659 733 quoque

520 744 738 816 nobis
762 742 1042 815 accedit
1060 742 1638 832 incommodum,
1657 742 1863 841 quod
1887 747 1986 815 M.
2009 750 2048 816 J
2052 767 2294 833 umuS,
2317 747 2446 842 qui
2471 744 2661 817 hanc

522 878 849 944 causam,
891 854 1195 953 Aquini,
1230 853 1614 951 aliquoties
1651 852 1852 952 apud
1889 868 1959 926 te
2003 856 2185 951 egit,
2223 853 2445 927 homo
2479 868 2553 926 et
2583 857 2659 925 in

522 966 679 1037 aliis
715 966 948 1036 causis
974 966 1439 1053 exercitatuS,
1470 977 1545 1036 et
1575 965 1654 1035 in
1685 962 1823 1036 hac
1853 964 2164 1035 multum
2195 978 2270 1036 et
2295 990 2481 1064 saepe
2507 990 2666 1037 ver-

516 1090 717 1148 satus
738 1131 757 1166 ,
783 1074 927 1146 hoc
964 1088 1295 1173 tempore
1323 1071 1553 1163 abest,
1583 1098 1775 1146 nova
1803 1075 2194 1173 legatione⁷
2227 1075 2665 1174 impeditus3

520 1200 593 1259 et
617 1185 711 1258 ad
736 1210 854 1257 me
878 1200 1183 1257 ventum
1214 1198 1346 1274 est,
1372 1186 1529 1282 qui,
1556 1198 1641 1257 ut
1666 1182 1980 1258 summa⁸
2017 1183 2359 1257 haberem
2391 1199 2665 1271 cetera,

524 1297 872 1394 temporis
901 1294 1201 1394 quidem
1230 1308 1423 1367 certe
1454 1296 1576 1365 vix
1601 1298 1770 1367 satis
1799 1294 2049 1385 habui,
2072 1310 2159 1367 ut
2183 1320 2337 1366 rem
2369 1310 2667 1383 tantam,

524 1420 635 1478 tot
662 1408 1170 1479 controversiis
1200 1404 1644 1504 implicatam
1661 1460 1682 1495 ,
1706 1428 1998 1505 possem
2027 1402 2487 1503 cognoscere.
2523 1409 2666 1493 Ita,

524 1517 729 1615 quod
756 1515 933 1587 mihi
962 1519 1338 1587 consuevit
1363 1517 1439 1587 in
1469 1519 1725 1588 ceteris
1761 1518 1994 1587 causis
2031 1539 2185 1587 esse
2215 1514 2330 1611 adj
2341 1529 2668 1603 umento,

524 1627 605 1699 id
630 1651 931 1727 quoque
962 1628 1041 1699 in
1070 1625 1210 1697 hac
1246 1649 1458 1697 causa
1486 1624 1752 1697 deficit.
1799 1630 1983 1698 Nam
2001 1678 2022 1713 ,
2055 1635 2256 1723 quo9
2281 1626 2527 1695 minus
2559 1628 2671 1695 in·

528 1740 745 1834 genio
777 1761 1075 1836 possum
1096 1790 1115 1826 ,
1160 1734 1486 1807 subsidio
1527 1735 1706 1807 mihi
1737 1735 2184 1833 diligentiam
2216 1738 2667 1833 comparavi:

530 1872 694 1945 quae
738 1861 1012 1945 quanta
1058 1850 1183 1937 sit,
1232 1849 1375 1918 nisi
1420 1860 1710 1945 tempus
1753 1860 1828 1918 et
1874 1848 2189 1945 spatium
2238 1845 2488 1917 datum
2538 1850 2672 1935 sit,

530 1957 834 2054 intelligi
872 1981 1025 2028 non
1056 1970 1317 2055 potest.
1351 1959 1533 2048 Quae
1576 1979 1728 2053 quo
1757 1956 1970 2054 plura
2001 1969 2176 2027 sunt
2195 2008 2214 2044 ,
2251 1959 2331 2027 C.
2361 1956 2672 2053 Aquilli,

531 2088 621 2137 eo
664 2078 735 2136 te
757 2120 777 2153 ,
832 2079 905 2137 et
938 2063 1115 2155 1105,
1166 2067 1297 2164 qui
1341 2064 1474 2136 tibi
1507 2068 1586 2136 in
1618 2066 1922 2137 consilio
1945 2076 2010 2109 ¹⁰
2050 2064 2358 2155 adsunt,
2388 2065 2672 2136 meliori

532 2190 778 2247 mente
817 2189 1065 2247 nostra
1113 2173 1335 2248 verba
1369 2174 1621 2247 audire
1667 2176 2039 2275 oportebit
2063 2230 2084 2265 ,
2132 2189 2216 2247 ut
2258 2176 2506 2247 multis
2553 2180 2672 2247 in-

530 2283 937 2357 commodis
974 2288 1237 2357 veritas
1286 2284 1657 2359 debilitata
1704 2282 1999 2357 tandem
2040 2276 2376 2382 {equitate
2421 2284 2672 2356 talium

530 2396 859 2467 virorum
892 2410 1279 2493 recreetur.
1313 2394 1536 2489 Quod
1568 2400 1628 2467 si
1659 2411 1741 2467 tu
1770 2394 1996 2493 judex
2031 2396 2300 2467 nullo¹¹
2339 2394 2675 2493 praesidio

531 2502 751 2577 fuisse
777 2503 1142 2595 videbere,
1169 2519 1421 2579 contra
1440 2510 1588 2579 vim
1612 2520 1685 2577 et
1707 2508 2030 2603 gratiam,
2055 2504 2431 2578 solitudini
2454 2520 2676 2604 atque

533 2618 831 2715 inopiae3
862 2620 922 2689 si
939 2615 1137 2717 apud
1170 2616 1312 2691 hoc
1346 2617 1732 2692 consilium
1761 2640 1851 2687 ex
1877 2616 2168 2715 opibuS,
2196 2640 2346 2687 non
2371 2640 2462 2688 ex
2488 2622 2676 2690 veri-

532 2740 678 2799 tate
722 2752 935 2800 causa
973 2727 1371 2826 pendetur3
1407 2725 1737 2828 profecto
1785 2726 1966 2797 nihil
2007 2740 2116 2799 est
2145 2726 2294 2823 jam
2344 2742 2678 2799 sanctum

532 2851 753 2935 atque
798 2841 1163 2911 sincerum
1202 2841 1282 2910 in
1315 2842 1644 2929 civitate3
1683 2835 1904 2927 nihil,
1948 2834 2155 2935 quod
2193 2834 2678 2911 humilitatem

533 3038 636 3089 bita
672 3038 929 3104 utriunque
962 3041 1139 3089 virium
1176 3042 1391 3102 ratione,
1431 3060 1565 3092 com-

534 3128 806 3185 ponuntur.
842 3119 975 3167 nine
1016 3120 1117 3169 duo
1132 3154 1147 3180 ,
1196 3122 1287 3169 tria
1300 3154 1319 3183 ‚
1367 3133 1566 3171 centum

534 3200 673 3263 paria
700 3198 1037 3265 gladiatorum.

608 3278 659 3327 6.
686 3278 982 3327 Amicorum.
1003 3280 1122 3327 Mos
1147 3292 1270 3340 erat,
1292 3292 1349 3329 ut
1364 3282 1417 3331 iu
1428 3281 1564 3349 judi-

537 3356 627 3406 ciis
652 3368 791 3407 actor
814 3369 865 3407 et
886 3373 999 3406 reus
1024 3358 1208 3407 amicos
1229 3374 1397 3409 omne·
1418 3362 1566 3411 advo·

536 3448 705 3486 urent
722 3470 739 3496 ,
778 3452 992 3501 quorum
1035 3438 1326 3488 auctoritate
1370 3441 1564 3502 judices

538 3528 979 3565 commoverentur.
1006 3516 1085 3565 Illi
1127 3518 1213 3581 qui
1258 3520 1564 3583 praeaentiam

537 3603 733 3642 tantum
753 3594 1152 3653 commodabant,
1174 3597 1427 3656 advocati,
1460 3602 1496 3649 i.
1519 3617 1562 3649 e.

537 3672 604 3721 ad
632 3687 827 3720 canaam
859 3676 1051 3737 ’σοιτίς
1090 3676 1177 3741 qui
1209 3676 1566 3742 loquebantur,

520 3752 749 3817 patroni
764 3754 1152 3818 appellabantur.

616 3846 667 3891 7.
696 3830 838 3879 Nova
862 3833 1121 3898 legatione.
1149 3835 1274 3899 Quae
1296 3836 1444 3885 fuerit
1460 3834 1567 3884 haec

540 3902 873 3973 inexspectata
900 3910 1080 3976 legatio
1094 3948 1109 3971 ,
1144 3929 1247 3962 nou
1272 3913 1446 3980 liquet.
1468 3916 1567 3963 Da-

538 3988 823 4039 baturenim
831 3991 1106 4056 publica,ad
1113 3993 1444 4042 comitandum
1452 4010 1570 4060 pro·

542 4069 821 4131 consulam
848 4080 933 4119 aut
951 4070 1159 4136 privata,
1182 4072 1460 4122 hereditatis
1478 4074 1570 4121 ob-

540 4146 733 4209 eunda,
748 4160 835 4199 aut
854 4148 1060 4199 aliorum
1076 4150 1385 4215 negotiorum
1402 4166 1566 4203 cama.

1725 3042 1773 3090 8.
1801 3042 1865 3090 Ue
1881 3058 2090 3092 summa.
2117 3043 2170 3090 Si
2192 3056 2429 3089 summam
2451 3040 2680 3090 haberem

1651 3119 1977 3185 eloquentiam
2002 3132 2054 3169 et
2075 3136 2316 3169 summum
2341 3134 2504 3171 naum.

1722 3214 1774 3263 9.
1805 3198 2018 3259 Schiitz,
2059 3212 2261 3249 auctore
2293 3198 2566 3261 Lambino,
2613 3216 2685 3249 re—

1651 3278 1846 3343 seripait
1869 3277 2030 3344 quod,
2057 3278 2196 3329 male.
2213 3278 2269 3327 J.
2291 3279 2356 3326 V.
2379 3279 2438 3325 L.

1729 3372 1806 3406 ιο.
1837 3361 1896 3405 In
1922 3354 2141 3405 consilio.
2165 3358 2446 3406 Amnem
2465 3356 2684 3417 acilicet,

1650 3436 1706 3485 L.
1727 3436 1957 3485 Lucullus
1974 3472 1990 3499 ,
2031 3438 2089 3485 P.
2117 3434 2412 3499 Quintilius,
2448 3436 2524 3483 M.
2547 3440 2686 3485 Mar·

1650 3513 1801 3564 cellua
1840 3515 1928 3581 (ut
1951 3526 2026 3563 eat
2049 3516 2174 3563 infra
2207 3514 2330 3581 17),
2361 3529 2488 3579 quoa
2515 3516 2686 3580 Aquil-

1649 3596 1745 3643 liua
1763 3630 1777 3655 ‚
1816 3595 1974 3657 judex
2011 3612 2038 3643 a
2076 3606 2288 3659 pretore
2331 3594 2473 3642 datus
2487 3622 2508 3655 ,·
2535 3598 2686 3657 iuria-

1657 3676 1906 3725 oonsultos
1925 3676 2155 3741 elegerat,
2141 3692 2154 3705 ·
2180 3686 2229 3723 et
2253 3675 2326 3723 illi
2344 3675 2546 3740 quidem
2563 3692 2688 3724 con-

1581 3753 1596 3775 *
1655 3754 1779 3814 suli,
1819 3770 1923 3803 nou
1968 3772 2085 3804 vero
2127 3754 2394 3804 deliberare
2433 3766 2684 3821 poterant.

1653 3834 1772 3883 vid.
1800 3834 1864 3883 ad
1893 3835 2014 3884 calc.
2052 3834 2199 3897 hujus
2227 3836 2416 3883 volum.
2449 3835 2686 3900 Appeud.

1655 3906 1718 3963 de
1736 3912 1846 3961 ord.
1864 3930 2025 3963 exerc.
2035 3914 2148 3975 jud.

1733 4009 1812 4043 11.
1860 3993 2026 4043 Nullo.
2078 3994 2195 4042 Non
2243 3994 2476 4044 restitisse
2525 3996 2686 4042 Naevii

1655 4073 1905 4138 potentia.
1943 4075 2092 4124 Naue
2130 4092 2224 4142 pro
2257 4074 2416 4139 nulli,
2453 4086 2508 4124 ut
2551 4074 2686 4140 apud

1657 4152 1814 4202 Plaut.
1835 4164 1884 4202 et
1899 4154 2015 4204 Ter.
