2984 4684
451 340 594 423 204
1097 344 1193 412 Μ.
1243 342 1324 411 Τ.
1375 340 1935 411 CICERONIS

448 478 636 535 esset
657 466 875 538 tritici
897 466 1183 539 modius
1215 472 1362 539 H-S
1380 479 1409 511 ²
1436 493 1515 556 ιι,
1549 491 1687 566 pro
1714 462 2153 552 frumento³,
2186 465 2265 535 in
2291 462 2579 535 modios

447 573 808 672 singulos,
849 574 1230 649 duodenos
1267 579 1633 650 sestertios
1668 580 2006 675 exegisse.
2048 578 2389 671 Magnum
2436 576 2575 647 cri-

445 707 653 773 men,
688 688 944 783 ingens
979 692 1323 785 pecunia,
1359 686 1637 759 furtum
1662 684 2089 785 impudens,
2124 684 2387 779 injuria
2424 708 2577 754 non

445 788 766 866 ferenda.
801 800 952 893 Ego
980 796 1122 869 hoc
1151 822 1306 869 uno
1337 799 1641 869 crimine
1672 798 1919 869 illum⁴
1940 793 2423 867 condemnem
2459 818 2581 865 ne-

447 926 646 975 cesse
679 919 788 976 est
821 930 840 974 ε
876 920 958 976 tu
978 960 1000 993 ,
1037 906 1308 995 Caecili,
1339 906 1517 1004 quid
1536 904 1793 979 facies?
1830 908 2093 976 Utrum
2122 904 2267 976 hoc
2292 917 2578 975 tantum

447 1016 722 1085 crimen
764 1020 1311 1114 praetennittes3
1352 1043 1444 1089 an
1481 1015 1829 1112 objicies?
1888 1016 1963 1087 Si
2014 1014 2351 1109 objicieS‚
2406 1012 2577 1083 idne

443 1122 649 1197 alteri
680 1130 962 1198 crimini
998 1128 1238 1215 dabis,
1271 1127 1473 1226 quod
1512 1125 1769 1199 eodem
1806 1140 2135 1223 tempore
2154 1180 2175 1211 ‚
2214 1126 2289 1194 in
2326 1121 2579 1195 eadem

447 1238 854 1333 provincia,
904 1252 988 1309 tu
1027 1240 1183 1337 ipse
1224 1237 1502 1311 fecisti?
1540 1234 1841 1308 audebis
1884 1235 1985 1305 ita
2024 1256 2358 1307 accusare
2406 1233 2581 1304 alte-

445 1369 650 1437 rum,
689 1361 809 1435 ut,
844 1372 998 1445 quo
1031 1350 1276 1419 minus
1300 1362 1458 1420 tute
1491 1345 1982 1419 condemnere
2003 1399 2024 1433 ,
2058 1367 2389 1417 recusare
2426 1368 2581 1415 non

449 1456 725 1551 possis?
765 1460 893 1529 Sin
927 1460 1428 1556 praetermittes
1449 1512 1469 1545 ,
1506 1456 1740 1553 qualis
1780 1458 1918 1529 erit
1953 1457 2087 1527 ista
2124 1468 2251 1527 tua
2286 1478 2579 1527 accusa-

447 1568 574 1655 tio,
601 1591 784 1664 quae,
816 1565 1192 1641 domestici
1215 1567 1517 1669 periculi
1534 1582 1759 1655 metu,
1790 1566 2163 1639 certissimi
2190 1579 2263 1637 et
2290 1566 2581 1636 maximi

451 1660 772 1747 criminis
809 1702 959 1749 non
991 1678 1213 1751 modo
1255 1680 1783 1776 suspicionem,
1830 1702 2085 1749 verum
2125 1676 2341 1747 etiam
2373 1698 2583 1746 men-

447 1788 723 1857 tionem
761 1790 986 1885 ipsam
1019 1790 1523 1887 pertimescat?
1549 1784 1937 1886 Emptum⁵
1970 1803 2079 1859 est
2108 1812 2197 1859 ex
2230 1794 2297 1859 S.
2325 1791 2404 1857 C.
2438 1784 2587 1858 fm-

451 1911 782 1967 mentum
811 1896 902 1969 ab
930 1898 1216 1987 Siculis,
1243 1913 1551 1999 praetore
1569 1903 1839 1970 Verre:
1870 1922 2011 1995 pro
2034 1920 2185 1993 quo
2212 1893 2583 1967 frumento

453 2012 766 2103 pecunia
801 2009 1038 2080 omnis
1073 2011 1308 2083 soluta
1343 2035 1494 2083 non
1534 2025 1665 2083 est.
1704 2012 1941 2081 Grave
1980 2021 2087 2081 est
2130 2006 2273 2079 hoc
2310 2010 2585 2078 crimen

453 2116 530 2186 in
555 2120 899 2191 Verrem:
938 2144 1182 2218 grave,
1223 2146 1340 2193 me
1370 2136 1662 2217 agente3
1706 2133 1779 2190 te
1816 2131 2229 2204 accusante,
2273 2115 2579 2188 nullum.

453 2228 628 2297 Eras
660 2233 854 2299 enim
885 2244 964 2301 tu
1001 2244 1315 2327 quaestor
1349 2255 1365 2298 :
1404 2232 1785 2326 pecuniam
1822 2227 2187 2328 publicam
2214 2241 2298 2299 tu
2330 2239 2588 2298 tracta-

455 2334 672 2409 bas⁶:
706 2364 793 2411 ex
823 2364 1006 2437 qua,
1043 2342 1318 2411 etiamsi
1347 2352 1649 2439 cuperet
1682 2354 1968 2437 praetor,
2005 2353 2287 2423 tamen,
2312 2362 2403 2409 ne
2441 2360 2587 2433 qua

455 2446 828 2520 deductio⁷
849 2447 1082 2537 fieret,
1107 2474 1364 2547 magna
1389 2475 1479 2521 ex
1507 2464 1709 2547 parte
1734 2463 1855 2519 tua
1884 2461 2199 2547 potestas
2232 2461 2407 2517 erat.
2438 2450 2589 2515 Hu-

451 2556 573 2652 jus
592 2582 891 2656 quoque
925 2560 1146 2657 igitur
1165 2562 1507 2645 criminiS,
1542 2574 1614 2631 te
1648 2574 2054 2646 accusante,
2083 2561 2357 2629 mentio
2391 2552 2591 2625 nulla

455 2666 602 2739 fiet.
659 2667 1003 2740 Silebitur
1053 2683 1209 2741 toto
1243 2670 1519 2764 judicio
1570 2668 1663 2741 de
1708 2670 2039 2741 maximis
2075 2683 2149 2741 et
2202 2664 2593 2739 notissimis

453 2778 646 2849 illius
680 2776 890 2851 furtis
923 2794 997 2851 et
1031 2780 1332 2875 injuriiS.
1361 2779 1535 2851 Mihi
1575 2778 1791 2852 crede
1812 2778 2081 2867 ‚Caecili
2102 2835 2122 2868 ,
2154 2804 2305 2851 non
2340 2788 2591 2877 potest

455 2891 530 2957 in
577 2888 980 2959 accusando
1025 2892 1257 2962 socios
1297 2914 1467 2961 vere
1512 2886 1905 2962 defendere
1946 2890 2042 2978 is,
2081 2892 2209 2986 qui
2252 2912 2417 2959 cum
2460 2910 2589 2957 reo

458 3000 842 3069 criminum
871 3000 1209 3072 societate
1247 3000 1689 3096 conjunctus
1728 3012 1858 3071 est.
1892 2991 2315 3097 Mancipes⁸
2348 3020 2391 3067 a
2424 2996 2591 3067 civi-

529 3216 580 3250 a.
621 3200 796 3249 Multa
828 3200 946 3251 edd.
973 3202 1025 3250 in
1063 3202 1141 3251 hi·
1161 3166 1477 3267 Victoriana,
1638 3212 1689 3261 4.
1720 3200 2063 3251 Conclamant.
2090 3198 2311 3249 Efficiam
2336 3206 2391 3247 ut
2410 3214 2439 3245 ι
2455 3196 2595 3259 iudi-

459 3281 566 3330 H-s*
599 3280 674 3339 V,-
717 3279 830 3331 cod.
857 3284 1031 3333 anc.
1065 3298 1088 3329 1
1111 3317 1126 3339 ‚
1175 3296 1356 3332 sestert-
1384 3286 1479 3333 XI.
1566 3282 1705 3333 cibun
1728 3279 2097 3331 condemnetur.

369 3380 378 3399 ε
461 3362 667 3427 Recepit
693 3378 874 3410 novam
897 3362 1008 3411 lect.
1033 3363 1315 3423 Munatium
1339 3364 1482 3413 adhi-
1640 3360 1691 3413 5.
1708 3364 1956 3426 Emptum.
1976 3359 2287 3408 Tenebantur
2318 3354 2469 3405 Siculi
2503 3370 2597 3403 vc-

461 3440 556 3491 bit.
577 3444 720 3489 Verr.
741 3444 846 3502 111,
875 3445 964 3493 81.
983 3444 1108 3493 LV.
1129 3447 1187 3494 1..
1215 3472 1287 3482 —
1305 3447 1484 3493 Sensus
1570 3440 1769 3506 eug-la
1804 3454 1925 3505 pop.
1953 3454 2157 3487 romano
2191 3437 2422 3485 &umenti
2444 3450 2599 3499 quan·

461 3529 569 3569 cst:
597 3522 762 3584 Quum
789 3521 986 3571 dnobus
1011 3524 1238 3573 sestertiis
1269 3523 1354 3590 (41
1377 3539 1486 3572 cen·
1572 3532 1679 3570 tum
1698 3520 1873 3579 vellet,
1909 3530 2047 3567 certo
2066 3519 2227 3583 pretio
2250 3513 2475 3564 vendere.

465 3610 556 3649 ω’·
583 3598 640 3665 ἓ)
664 3600 726 3649 ab
766 3601 1040 3651 aratoribus
1075 3602 1372 3651 venderetur
1397 3604 1486 3650 tri-
1642 3602 1695 3649 ὁ.
1730 3598 2017 3647 Tractabat.
2046 3596 2129 3646 Ad
2158 3605 2423 3660 questore·
2452 3591 2601 3656 perti·

465 3682 556 3733 tici
607 3680 802 3729 modiu-
815 3714 831 3740 ,
879 3681 1112 3730 frumenti
1159 3681 1273 3731 loco
1307 3685 1486 3731 Vem-
1570 3682 1721 3731 nebnt
1736 3679 1893 3729 mrii
1910 3687 1960 3726 et
1978 3677 2203 3743 pecunia
2220 3675 2362 3723 ratio.

465 3762 728 3828 pecuniam
761 3759 856 3807 sihi
887 3760 992 3809 dari
1013 3760 1158 3821 jussit
1172 3795 1188 3821 ‚
1213 3762 1282 3809 ita
1309 3771 1364 3809 ut
1389 3776 1484 3825 pro
1646 3778 1699 3823 7.
1745 3758 2002 3808 Deductio.
2040 3756 2324 3806 Demiuutio
2345 3788 2360 3814 ,
2407 3766 2518 3816 quae
2568 3768 2601 3801 a

463 3840 667 3907 singuli·
685 3837 862 3886 modiin
882 3838 1096 3888 duodeni
1115 3841 1320 3889 sestertii
1347 3838 1400 3906 (a
1423 3841 1482 3888 fr.
1572 3840 1726 3889 Verre
1746 3840 1871 3888 sacta
1898 3850 1971 3887 cot
1996 3838 2201 3887 diversis
2212 3832 2495 3883 nominibus
2508 3864 2524 3892 ,
2542 3840 2603 3879 ut

463 3924 532 3984 46
557 3914 760 3978 centes.)
783 3917 1129 3981 penderentur.
1567 3920 1621 3969 ln
1640 3922 1779 3967 Vei-r.
1800 3921 1875 3967 111
1896 3918 2061 3967 videre
2082 3927 2167 3965 est.

539 4001 591 4050 3.
607 3996 800 4047 Delevit
817 3994 999 4044 Schiitz
1014 3995 1390 4061 profi-amem,
1419 3999 1482 4046 dc
1643 4000 1696 4047 8.
1743 3998 2009 4063 Μαησίρω.
2055 3998 2179 4045 Sunt
2220 3992 2600 4059 publicanorum

465 4078 674 4134 Erneotii
698 4074 951 4125 munna.
977 4076 1028 4125 J.
1043 4078 1104 4123 V.
1135 4077 1186 4123 Ι...
1570 4077 1819 4143 principe·
1833 4111 1852 4138 ,
1880 4078 1967 4143 qni
1986 4086 2122 4126 certo
2142 4074 2305 4140 pretio
2323 4072 2555 4123 decumas
2570 4086 2601 4119 a
