2984 4684
806 385 915 457 IN
966 385 1406 476 VERREM
1453 384 1768 454 ACTIO
1817 385 2173 453 PRIMA.
2414 381 2553 456 253

399 510 746 609 pecunias
775 505 1052 602 judicio
1088 505 1419 595 liberati;
1457 503 1951 578 honestissimi
1984 520 2207 604 atque
2240 507 2595 604 integer-·

401 619 609 703 rimi,
666 614 1006 688 absentes
1053 619 1161 687 rei
1215 613 1383 688 facti
1407 669 1428 704 ‚
1512 612 1785 686 indicta
1843 639 2059 688 causa
2108 615 2430 690 damnati
2482 633 2557 689 et

405 724 616 819 ejecti
638 719 670 766 ⁵
679 751 701 814 3
759 739 1018 822 portus
1075 721 1624 815 munitissimi⁶,
1669 725 2001 796 maximae
2042 727 2559 825 tutissimaeque

403 833 626 906 urbes
667 835 918 934 piratis
968 831 1591 934 praedonibusque
1636 831 2049 932 patefactae3
2087 849 2325 906 nautae
2362 835 2557 906 mili-

401 961 660 1043 tesque
687 946 1098 1018 Siculorum
1124 997 1144 1030 ‚
1175 946 1354 1017 socii
1390 947 1624 1042 nostri
1658 958 1881 1041 atque
1918 946 2164 1033 amici,
2208 943 2393 1026 fame
2432 971 2559 1019 ne-

401 1057 587 1144 cati;
667 1055 925 1128 classes
992 1056 1284 1154 optimae
1347 1069 1570 1154 atque
1630 1055 2269 1153 opportunissimas
2294 1041 2339 1112 ‘7⁸
2389 1080 2561 1127 cum

401 1189 666 1263 magna
709 1167 1106 1264 ignominia
1153 1165 1412 1267 populi
1454 1157 1744 1238 romani
1786 1165 2078 1236 amissae-
2112 1179 2187 1236 et
2228 1164 2550 1263 perditae.

400 1275 605 1350 Idem
633 1277 770 1349 iste
808 1291 1076 1375 praetor
1100 1290 1583 1349 monumenta
1608 1275 2111 1372 antiquissima
2146 1277 2411 1372 partim
2445 1299 2555 1347 re-

403 1412 580 1485 gum
613 1386 1378 1486 locupletissimorum,
1402 1411 1565 1484 quae
1592 1385 1697 1456 illi
1720 1378 2203 1458 ornamento⁸
2238 1383 2551 1458 urbibus

405 1521 560 1570 esse
603 1495 1036 1587 voluerunt,
1099 1498 1364 1596 partim
1409 1497 1627 1568 etiam
1684 1509 2105 1567 nostrorum
2159 1496 2556 1594 imperato·

405 1631 608 1695 rum,
650 1632 815 1706 quae
857 1607 1170 1680 victores
1202 1604 1613 1680 civitatibus
1648 1605 1906 1692 Siculis
1950 1619 2079 1678 aut
2120 1604 2485 1680 dederunt
2502 1617 2560 1694 9,

406 1731 535 1790 aut
557 1715 1069 1805 reddiderunt,
1099 1717 1436 1816 spoliavit
1466 1714 1987 1814 nudavitque¹⁰
2006 1718 2272 1788 omnia.
2300 1719 2557 1815 Neque

407 1826 550 1898 hoc
577 1826 816 1900 solum
833 1827 908 1899 in
933 1831 1182 1899 statuis
1211 1825 1805 1924 ornamentisque
1828 1824 2139 1925 publicis
2175 1825 2345 1922 fecit
2366 1880 2385 1915 ‚
2434 1823 2563 1932 sed

407 1936 626 2009 etiam
661 1935 966 2008 delubra
995 1929 1276 2025 omnia,
1315 1938 1781 2010 sanctissimis
1807 1931 2285 2036 religionibus
2322 1961 2565 2014 conse-

406 2062 640 2137 crata,
673 2044 1144 2146 depeculatus
1173 2061 1322 2138 est3
1349 2046 1572 2120 deum
1594 2046 1917 2145 denique
1953 2048 2241 2120 nullum
2278 2048 2562 2135 Siculis,

411 2157 545 2254 qui
596 2161 663 2230 ei
714 2156 964 2257 paullo
1019 2159 1246 2258 magis
1294 2155 1572 2232 affabre
1615 2172 1837 2256 atque
1894 2162 2201 2257 antiqno
2252 2157 2562 2232 artificio

411 2265 643 2340 factus
687 2267 1079 2359 videretur,
1119 2268 1440 2367 reliquit.
1481 2272 1573 2340 In
1622 2269 1895 2368 stupris
1935 2293 2113 2341 vero
2154 2283 2227 2342 et
2274 2268 2562 2368 flagitiis

411 2375 718 2450 nefarias
762 2377 920 2475 ejus
957 2377 1298 2451 libidines
1337 2401 1951 2467 commemorare,
1999 2377 2285 2476 pudore
2317 2378 2561 2452 deter-

411 2513 581 2560 reor
611 2517 631 2561 t
669 2489 884 2560 simul
915 2489 1210 2561 illorum
1243 2489 1721 2561 calamitatem
1752 2487 2394 2560 commemorando
2435 2515 2579 2588 au-s

411 2622 583 2696 gere
622 2597 800 2669 nolo
817 2650 839 2687 ,
883 2597 1154 2696 quibus
1195 2597 1467 2671 liberos
1505 2598 1998 2694 conjugesque
2042 2622 2206 2669 suas
2248 2599 2563 2698 integras

412 2706 506 2780 ab
557 2709 764 2782 istius
820 2709 1222 2809 petulantia
1278 2733 1709 2783 conservare
1752 2707 2233 2796 nonlicitum
2260 2724 2406 2781 ·est.
2466 2716 2562 2785 At

417 2821 614 2892 enim
636 2830 697 2865 ¹¹
731 2818 882 2892 haec
907 2822 1006 2892 ita
1036 2824 1419 2893 commissa
1455 2829 1631 2893 sunt
1654 2817 1749 2891 ab
1777 2819 1954 2904 isto,
1986 2832 2069 2889 ut
2096 2843 2250 2890 non
2276 2825 2567 2918 cognita

414 2929 564 3002 sint
606 2928 699 3002 ab
755 2929 1118 3003 omnibus.
1167 2933 1561 3004 Hominem
1598 2953 1755 3002 esse
1798 2927 2117 3000 arbitror
2152 2931 2565 3020 neminem,

414 3040 546 3136 qui
571 3065 843 3113 nomen
877 3042 1081 3114 istius
1106 3041 1416 3115 audierit
1436 3097 1458 3131 ‚
1497 3044 1678 3140 quin
1717 3037 1902 3112 facta
1932 3064 2235 3137 quoque
2258 3041 2418 3137 ejus
2442 3067 2565 3114 ne-

415 3147 592 3222 faria
629 3175 1200 3227 commemorare
1234 3154 1510 3254 possit:
1550 3166 1631 3224 ut
1666 3151 1847 3224 mihi
1882 3151 2109 3249 magis
2150 3149 2563 3226 timendum

492 3355 548 3408 5.
576 3357 753 3424 Esseni.
782 3363 842 3411 In
868 3364 1074 3428 patriam
1097 3363 1256 3414 redire
1277 3363 1448 3429 probi·
1524 3364 1531 3370 '
1610 3363 1662 3414 8.
1700 3363 1791 3411 MS
1824 3366 1994 3411 Franc.
2016 3375 2060 3419 ι,
2084 3369 2472 3409 «ornamenta-n.

419 3435 530 3487 biti.
835 3443 840 3448 '
1610 3458 1661 3506 9.
1686 3441 1951 3489 Dodenmt.
1971 3442 2139 3504 Quum
2170 3439 2323 3504 captis
2362 3438 2569 3490 urbibus

493 3517 544 3565 6.
591 3517 770 3566 Porcus
817 3519 1140 3572 munitissimi.
1183 3523 1450 3588 Syracusas
1539 3536 1594 3569 οι
1609 3555 1625 3582 ,
1649 3535 1759 3585 quae
1784 3519 1903 3567 belli
1918 3519 2031 3578 inre
2062 3518 2127 3566 ad
2150 3533 2203 3566 sc
2222 3516 2535 3583 pertinebant
2549 3553 2566 3580 ,

419 3611 510 3658 per
550 3589 740 3652 αὔξησιν
775 3596 827 3645 h.
857 3597 893 3646 1.
929 3598 1171 3663 significat
1189 3634 1206 3659 ‚
1245 3617 1450 3666 quarum
1537 3598 1714 3649 Siculis
1730 3597 1967 3662 reliquere
1993 3607 2043 3644 et
2068 3611 2569 3663 conservavere3qnn

419 3675 474 3721 in
501 3685 700 3739 portum
717 3677 928 3726 victores
944 3677 1117 3743 pirata
1137 3691 1254 3730 sunt
1266 3680 1448 3745 ingres·
1536 3694 1653 3727 vero
1678 3677 2097 3740 Carthaginienses
2114 3690 2143 3721 e
2169 3675 2335 3724 Sicilia
2356 3689 2569 3743 asporta-

421 3752 629 3804 si.Ven·.
647 3755 717 3816 V,
735 3773 846 3821 cap.
868 3758 952 3818 37.
1534 3767 1734 3816 verant,
1762 3771 1817 3804 οι
1834 3753 2080 3803 veteribus
2105 3753 2319 3802 dominis
2340 3756 2569 3808 restitne-

493 3851 542 3895 ·7.
586 3835 1032 3900 Opportunissime.
1081 3839 1299 3902 Quanam
1312 3874 1330 3902 ,
1381 3838 1442 3886 ad
1530 3845 1663 3886 runt.

423 3913 540 3962 belli
562 3924 612 3962 et
633 3927 916 3966 merc-ture
939 3933 1108 3978 nsum,
1123 3919 1331 3968 maxims
1354 3929 1455 3968 ent
1622 3931 1700 3965 ιο.
1744 3914 1893 3962 Palat.
1930 3929 2005 3976 pr.
2046 3934 2071 3954 ·-
2092 3913 2493 3978 connum-vitque
2514 3939 2539 3959 η
2555 3952 2572 3977 ,

424 3993 780 4056 opportunitas.
807 3996 1193 4063 -Ignominim
1225 3997 1354 4062 Quia
1375 3999 1452 4046 {u-
1543 3995 1683 4062 quod
1726 3994 1925 4043 videtur
1966 3993 2174 4058 probare
2217 3997 2475 4044 Gruterus.
2513 3999 2567 4048 J.

425 4071 634 4133 sicute-
661 4077 838 4144 populi
863 4077 1056 4128 romani
1072 4077 1274 4128 classem
1290 4078 1453 4128 incen-
1544 4075 1605 4126 V.
1632 4077 1693 4126 1..

423 4147 618 4203 derunt.
1619 4171 1699 4204 ιι.
1720 4155 1789 4204 Ae
1814 4152 1957 4204 enim.
1986 4152 2215 4215 Objeetio
2240 4169 2329 4218 per
2347 4151 2571 4203 ironiam.
