2984 4684
669 429 806 496 DE
857 426 1657 497 VECTIGALIBUS
1709 424 1975 499 REIP.
2024 440 2154 497 etc.
2342 426 2476 511 545

355 550 475 613 mis
505 548 754 639 pretiis,
789 546 1238 613 ultro-tributa
1270 546 1513 615 infimis
1546 570 1846 615 censores
1870 550 2248 616 locaverunt
2270 576 2325 634 »ς
2353 550 2481 615 hoc

355 670 478 738 est,
517 653 910 717 tributorum
957 653 1158 741 pretia
1204 652 1679 720 imminuerunt
1735 677 2069 738 censores,
2119 672 2196 721 ut
2241 656 2486 744 populo

355 759 897 851 gratificarentur,
961 782 1000 823 a
1051 781 1187 849 quo
1247 761 1490 827 tributa
1556 762 2019 852 exigebantur3
2080 763 2488 853 vectigalium

355 865 789 947 adauxerunt,
819 882 895 929 ut
933 888 1017 929 ne
1058 864 1220 953 quid
1265 865 1346 931 de
1383 891 1641 933 summa
1681 866 2067 957 deperderet
2107 870 2488 957 respublica.

356 972 576 1054 Idem,
615 971 866 1052 XLIII,
912 970 1024 1053 15,
1073 991 1372 1037 censores
1417 972 1793 1055 edixerunt,
1854 972 2003 1036 «Ne
2041 973 2186 1061 quis
2224 996 2488 1055 eorum,

359 1078 467 1167 qui
519 1079 603 1163 Q.
631 1076 894 1158 Fulvio,
928 1078 1001 1141 A.
1028 1064 1378 1142 ‘Postumio
1419 1078 1799 1143 censoribus
1834 1076 2092 1166 publica
2127 1078 2489 1171 vectigalia,
2526 1116 2531 1123 ·

357 1200 470 1248 aut
491 1182 940 1247 ultro-tributa
967 1180 1466 1267 conduxissent,
1497 1183 1580 1248 ad
1604 1184 1853 1249 hastam
1884 1206 2069 1249 suam
2100 1183 2488 1249 accederet».

359 1290 474 1354 His
519 1289 680 1353 locis
731 1288 882 1352 satis
925 1288 1274 1375 probatum
1308 1289 1591 1354 arbitror
1633 1286 2086 1353 ultro-tributa
2102 1336 2120 1371 ,
2175 1313 2309 1353 non
2358 1312 2495 1356 esse

361 1396 600 1460 tributa
637 1391 1165 1476 extraordinaria,
1199 1416 1316 1458 seu
1345 1395 1687 1483 pecuniam
1718 1410 1952 1484 sponte
1973 1395 2143 1459 ultra
2168 1395 2491 1460 tributum

360 1501 602 1585 datam;
635 1500 823 1589 quia,
849 1522 1054 1588 quum
1091 1500 1172 1564 ab
1209 1522 1469 1583 eorum,
1504 1502 1616 1588 qui
1644 1522 1783 1563 eam
1819 1499 2223 1583 conferrent,
2258 1500 2493 1564 volun-

360 1624 489 1672 tate
515 1606 860 1697 penderet,
893 1606 1077 1671 nullo
1109 1606 1320 1695 pretio
1349 1608 1568 1696 potuit
1591 1604 2113 1695 redemptoribus
2154 1629 2191 1669 a
2226 1628 2496 1670 censore

359 1715 576 1780 locari.
613 1715 768 1779 Non
819 1729 975 1777 sunt
1015 1715 1366 1802 «impensae
1401 1736 1676 1803 operum
1713 1712 2129 1802 publicorum
2174 1712 2497 1778 faciendo-

360 1842 550 1884 rum»
569 1866 587 1901 ,
624 1840 782 1906 quas
815 1816 1271 1882 translatitium
1311 1834 1409 1883 est
1438 1841 1474 1883 a
1513 1818 1743 1906 quovis
1775 1828 2043 1882 censore
2076 1840 2271 1906 quam
2299 1819 2494 1882 mini-

361 1948 473 1989 mo
507 1924 743 2005 locari3
795 1946 1008 2011 neque
1047 1922 1360 1987 attinebat
1407 1923 1537 1986 hoc
1583 1921 1910 1987 observari
1964 1922 2377 2009 potissimum
2423 1924 2495 1988 in

363 2034 633 2115 Catone,
679 2029 861 2119 quod
894 2029 1193 2093 omnium
1230 2051 1576 2094 censorum
1628 2029 1771 2093 fuit.
1818 2028 1995 2117 Ergo
2042 2028 2495 2093 ultro-tributa

363 2162 484 2229 pro
505 2138 658 2227 ipsis
679 2136 938 2201 tributis
956 2136 1324 2225 accipienda
1347 2152 1535 2213 sunt,
1570 2158 1714 2224 quae
1740 2156 2036 2200 censores
2070 2134 2308 2201 infimis
2343 2160 2491 2225 pre-

365 2244 467 2309 tiis
501 2244 914 2324 locaverunt3
947 2241 1016 2306 id
1049 2259 1183 2324 est,
1222 2264 1507 2331 quorum
1538 2239 1619 2305 de
1652 2234 1936 2326 summa,
1964 2257 2042 2306 ut
2070 2243 2316 2333 populo
2348 2266 2496 2333 gra-

292 2346 300 2353 ’
366 2347 797 2431 tificarentur,
833 2347 1116 2412 multum
1148 2345 1588 2410 detraxerunt.
1629 2345 1830 2428 Quod
1865 2347 1919 2411 si
1950 2347 2055 2411 cui
2091 2348 2229 2411 haec
2274 2367 2497 2415 nostra

366 2456 810 2545 interpretatio
849 2475 984 2517 non
1023 2452 1336 2534 arriserit,
1380 2450 1677 2515 consulat
1719 2450 2076 2517 doctissimi
2109 2452 2391 2519 Creverii
2420 2459 2489 2520 in

366 2562 619 2625 Livium
645 2574 865 2635 notas,
897 2556 1162 2620 meliora
1194 2556 1409 2618 forsan
1448 2553 1531 2618 ad
1563 2554 1741 2618 vocis
1778 2554 1973 2633 hujus
2013 2555 2493 2645 interpretatio..

365 2688 517 2731 nem
547 2663 700 2730 inde
726 2661 1102 2726 hausturus.
1121 2660 1264 2723 Hoc
1289 2649 1438 2723 satis
1471 2658 1557 2723 sit
1587 2656 1935 2721 dixisse‘de
1959 2658 2251 2725 tributis:
2280 2684 2491 2747 nunc,

369 2769 550 2860 quod
587 2768 912 2856 reliquum
943 2781 1070 2846 est,
1105 2762 1953 2867 vectigalianpersequamur.

455 2871 743 2963 Vectigal
787 2888 884 2935 est
925 2894 962 2934 a
1005 2868 1204 2949 velw,
1240 2868 1503 2948 vehere5
1550 2883 1615 2932 et
1651 2869 1914 2957 proprie
1955 2870 2270 2959 significat
2312 2876 2495 2963 quod

371 3004 449 3047 ex
485 2994 748 3045 vectura
782 2975 1126 3067 penditur-3
1175 2973 1355 3064 quod
1403 2974 1615 3039 Latini
1659 2974 2023 3062 portorium
2068 2974 2495 3066 appellabant.

373 3084 625 3151 Deinde
692 3082 1068 3148 translatum
1135 3097 1234 3147 est
1296 3102 1537 3145 nomen
1602 3078 1685 3145 ad
1748 3080 1905 3145 alios
1962 3104 2261 3170 quosque
2319 3086 2491 3153 redi-

374 3208 478 3256 tus
513 3189 810 3280 publicos
857 3184 1312 3279 significandos
1346 3185 1459 3273 qui
1493 3208 1575 3249 ex
1607 3186 1809 3275 agriS,
1852 3186 1985 3252 sive
2030 3187 2290 3253 elocatis
2307 3238 2326 3273 ,
2363 3192 2495 3257 sive

375 3296 830 3385 scripturariis,
859 3294 1207 3359 veniebant
1236 3293 1305 3357 in
1342 3292 1658 3357 aerarium'.
1703 3292 1837 3358 Cic.
1874 3314 1995 3381 pro
2028 3294 2168 3385 lege
2197 3292 2457 3361 Manilia
2476 3347 2495 3382 ,

377 3424 514 3492 cap.
546 3400 620 3468 5:
665 3402 808 3466 «Ita
839 3424 1054 3489 neque
1085 3422 1163 3463 ex
1201 3414 1425 3488 portu,
1460 3421 1676 3487 neque
1706 3421 1786 3462 ex
1810 3397 2130 3481 decumis,
2162 3424 2376 3489 neque
2420 3428 2498 3468 ex

375 3508 721 3597 scriptura,
771 3504 1037 3597 vectigal
1095 3505 1458 3569 conservari
1525 3520 1742 3593 potest
1767 3535 1815 3570 υ.
1871 3504 2172 3593 Denique
2226 3508 2495 3599 vectigal

377 3636 606 3679 omnes
638 3614 912 3677 omnino
943 3610 1187 3677 reditus
1219 3610 1618 3701 significavit,
1644 3610 1759 3699 qui
1783 3608 1887 3673 vel
1913 3612 2189 3699 portorii
2208 3614 2496 3699 nomine,

377 3720 480 3785 vel
510 3718 966 3800 decumarum,
998 3718 1100 3781 vel
1135 3718 1503 3806 scriptum,
1541 3715 1641 3778 vel
1672 3713 2004 3804 stipendii,
2046 3717 2149 3781 vel
2180 3718 2360 3802 salis,
2399 3723 2497 3787 vel

379 3824 728 3907 vicesimae,
770 3822 873 3889 vel
909 3845 1178 3911 quoquo
1219 3821 1345 3886 alio
1389 3819 1591 3886 modo
1640 3820 2077 3909 exigebantur.
2120 3821 2225 3887 Sic
2262 3843 2498 3913 praeto·

379 3932 550 3996 rium
582 3930 849 4020 vectigal
883 3929 1237 4011 dicebatur,
1273 3952 1346 3993 ea
1384 3927 1660 4017 pecunia
1694 3949 1871 4014 quae,
1907 3926 2077 3991 salva
2107 3932 2500 4019 repetunda·

383 4060 530 4102 rum
551 4037 727 4128 lege,
754 4061 790 4101 a
819 4036 1203 4125 praetoribus
1235 4035 1436 4125 accipi
1467 4049 1739 4122 poterat.
1773 4033 1878 4097 Sic
1908 4034 1977 4097 in
2010 4033 2239 4101 eodem
2270 4061 2505 4127 genere

383 4142 649 4209 Sueton.
677 4144 748 4208 in
767 4144 933 4233 Aug.
960 4164 1096 4231 cap.
1121 4140 1244 4219 46:
1280 4174 1304 4197 κ
1327 4141 1573 4206 Italiam
1607 4137 2082 4230 duodetriginta
2106 4140 2505 4209 coloniarum

587 4252 646 4319 Ῑ.
705 4265 797 4311 ἂι.
811 4282 923 4328 pan
951 4264 1164 4311 nenda.
2185 4246 2275 4319 35
