<?xml version="1.0" encoding="UTF-8"?>
<!DOCTYPE html PUBLIC "-//W3C//DTD XHTML 1.0 Transitional//EN"
    "http://www.w3.org/TR/xhtml1/DTD/xhtml1-transitional.dtd">
<html xmlns="http://www.w3.org/1999/xhtml" xml:lang="en" lang="en">
 <head>
  <title>
</title>
<meta http-equiv="Content-Type" content="text/html;charset=utf-8" />
  <meta name='ocr-system' content='tesseract 3.04.00' />
  <meta name='ocr-capabilities' content='ocr_page ocr_carea ocr_par ocr_line ocrx_word'/>
</head>
<body>
  <div class='ocr_page' id='page_1' title='image "./mtciceronisquae03lemagoog_0639.png"; bbox 0 0 2984 4684; ppageno 0'>
   <div class='ocr_carea' id='block_1_1' title="bbox 6 449 14 1346">
    <p class='ocr_par' dir='ltr' id='par_1_1' title="bbox 6 449 14 1346">
     <span class='ocr_line' id='line_1_1' title="bbox 6 449 14 1346; baseline 0 0"><span class='ocrx_word' id='word_1_1' title='bbox 6 449 14 1346; x_wconf 95' lang='lat' dir='ltr'><strong> </strong></span> 
     </span>
    </p>
   </div>
   <div class='ocr_carea' id='block_1_2' title="bbox 4 1495 8 2229">
    <p class='ocr_par' dir='ltr' id='par_1_2' title="bbox 4 1495 8 2229">
     <span class='ocr_line' id='line_1_2' title="bbox 4 1495 8 2229; baseline 0 0"><span class='ocrx_word' id='word_1_2' title='bbox 4 1495 8 2229; x_wconf 95' lang='lat' dir='ltr'><strong> </strong></span> 
     </span>
    </p>
   </div>
   <div class='ocr_carea' id='block_1_3' title="bbox 831 418 2505 515">
    <p class='ocr_par' dir='ltr' id='par_1_3' title="bbox 831 418 2505 515">
     <span class='ocr_line' id='line_1_3' title="bbox 831 418 2505 515; baseline 0.004 -30"><span class='ocrx_word' id='word_1_3' title='bbox 831 418 962 486; x_wconf 92' lang='lat' dir='ltr'><strong>DE</strong></span> <span class='ocrx_word' id='word_1_4' title='bbox 1010 418 1479 488; x_wconf 88' lang='lat' dir='ltr'><strong>JUDICIIS</strong></span> <span class='ocrx_word' id='word_1_5' title='bbox 1530 420 2051 489; x_wconf 89' lang='lat' dir='ltr'><strong>PUBLICIS.</strong></span> <span class='ocrx_word' id='word_1_6' title='bbox 2365 418 2505 515; x_wconf 85' lang='lat'><strong>599</strong></span> 
     </span>
    </p>
   </div>
   <div class='ocr_carea' id='block_1_4' title="bbox 331 538 2516 4221">
    <p class='ocr_par' dir='ltr' id='par_1_4' title="bbox 369 538 2516 2951">
     <span class='ocr_line' id='line_1_4' title="bbox 457 538 2505 627; baseline 0.001 -25"><span class='ocrx_word' id='word_1_7' title='bbox 457 540 710 603; x_wconf 80' lang='lat' dir='ltr'><strong>Interea</strong></span> <span class='ocrx_word' id='word_1_8' title='bbox 758 554 1050 619; x_wconf 83' lang='lat' dir='ltr'><strong>senatus,</strong></span> <span class='ocrx_word' id='word_1_9' title='bbox 1096 560 1304 625; x_wconf 87' lang='lat' dir='ltr'><strong>quum</strong></span> <span class='ocrx_word' id='word_1_10' title='bbox 1359 538 1807 627; x_wconf 82' lang='lat' dir='ltr'><strong>impotentiam</strong></span> <span class='ocrx_word' id='word_1_11' title='bbox 1862 540 2176 625; x_wconf 84' lang='lat' dir='ltr'><strong>equestris</strong></span> <span class='ocrx_word' id='word_1_12' title='bbox 2216 538 2461 604; x_wconf 84' lang='lat' dir='ltr'>ordinis</span> <span class='ocrx_word' id='word_1_13' title='bbox 2488 590 2505 621; x_wconf 92' lang='lat'>,</span> 
     </span>
     <span class='ocr_line' id='line_1_5' title="bbox 370 643 2501 733; baseline 0.001 -26"><span class='ocrx_word' id='word_1_14' title='bbox 370 666 566 730; x_wconf 89' lang='lat' dir='ltr'><strong>penes</strong></span> <span class='ocrx_word' id='word_1_15' title='bbox 598 666 796 731; x_wconf 89' lang='lat' dir='ltr'><strong>quem</strong></span> <span class='ocrx_word' id='word_1_16' title='bbox 823 643 1204 732; x_wconf 87' lang='lat' dir='ltr'><strong>Sempronia</strong></span> <span class='ocrx_word' id='word_1_17' title='bbox 1231 644 1371 733; x_wconf 87' lang='lat' dir='ltr'><strong>lege</strong></span> <span class='ocrx_word' id='word_1_18' title='bbox 1387 643 1629 724; x_wconf 87' lang='lat' dir='ltr'><strong>judicia</strong></span> <span class='ocrx_word' id='word_1_19' title='bbox 1655 660 1866 725; x_wconf 86' lang='lat' dir='ltr'><strong>erant,</strong></span> <span class='ocrx_word' id='word_1_20' title='bbox 1895 644 2063 707; x_wconf 85' lang='lat' dir='ltr'><strong>ferre</strong></span> <span class='ocrx_word' id='word_1_21' title='bbox 2084 666 2221 708; x_wconf 90' lang='lat' dir='ltr'><strong>non</strong></span> <span class='ocrx_word' id='word_1_22' title='bbox 2239 664 2462 731; x_wconf 87' lang='lat' dir='ltr'><strong>posset</strong></span> <span class='ocrx_word' id='word_1_23' title='bbox 2483 697 2501 727; x_wconf 91' lang='lat'>,</span> 
     </span>
     <span class='ocr_line' id='line_1_6' title="bbox 373 747 2505 837; baseline 0.002 -26"><span class='ocrx_word' id='word_1_24' title='bbox 373 750 554 812; x_wconf 89' lang='lat' dir='ltr'><strong>omni</strong></span> <span class='ocrx_word' id='word_1_25' title='bbox 581 770 707 837; x_wconf 89' lang='lat' dir='ltr'><strong>ope</strong></span> <span class='ocrx_word' id='word_1_26' title='bbox 736 747 1173 813; x_wconf 86' lang='lat' dir='ltr'><strong>contendebat</strong></span> <span class='ocrx_word' id='word_1_27' title='bbox 1205 764 1282 813; x_wconf 92' lang='lat' dir='ltr'><strong>ut</strong></span> <span class='ocrx_word' id='word_1_28' title='bbox 1314 771 1386 812; x_wconf 90' lang='lat' dir='ltr'><strong>ea</strong></span> <span class='ocrx_word' id='word_1_29' title='bbox 1423 749 1506 813; x_wconf 89' lang='lat' dir='ltr'><strong>ad</strong></span> <span class='ocrx_word' id='word_1_30' title='bbox 1544 772 1611 813; x_wconf 88' lang='lat' dir='ltr'><strong>se</strong></span> <span class='ocrx_word' id='word_1_31' title='bbox 1656 752 2178 815; x_wconf 69' lang='lat' dir='ltr'><strong>transferrentur.</strong></span> <span class='ocrx_word' id='word_1_32' title='bbox 2213 750 2505 815; x_wconf 85' lang='lat' dir='ltr'><strong>Tandem</strong></span> 
     </span>
     <span class='ocr_line' id='line_1_7' title="bbox 369 853 2506 943; baseline 0.001 -24"><span class='ocrx_word' id='word_1_33' title='bbox 369 855 613 920; x_wconf 79' lang='lat' dir='ltr'><strong>exstitit</strong></span> <span class='ocrx_word' id='word_1_34' title='bbox 659 856 750 920; x_wconf 91' lang='lat' dir='ltr'><strong>M.</strong></span> <span class='ocrx_word' id='word_1_35' title='bbox 783 854 1000 919; x_wconf 79' lang='lat' dir='ltr'><strong>Livius</strong></span> <span class='ocrx_word' id='word_1_36' title='bbox 1034 855 1288 920; x_wconf 81' lang='lat' dir='ltr'><strong>Drusus</strong></span> <span class='ocrx_word' id='word_1_37' title='bbox 1311 902 1330 937; x_wconf 87' lang='lat'>‚</span> <span class='ocrx_word' id='word_1_38' title='bbox 1379 857 1517 937; x_wconf 88' lang='lat' dir='ltr'><strong>ejus</strong></span> <span class='ocrx_word' id='word_1_39' title='bbox 1565 855 1761 920; x_wconf 92' lang='lat' dir='ltr'><strong>Drusi</strong></span> <span class='ocrx_word' id='word_1_40' title='bbox 1810 853 2014 938; x_wconf 87' lang='lat' dir='ltr'><strong>filius,</strong></span> <span class='ocrx_word' id='word_1_41' title='bbox 2067 879 2203 943; x_wconf 92' lang='lat' dir='ltr'><strong>quo</strong></span> <span class='ocrx_word' id='word_1_42' title='bbox 2239 857 2506 921; x_wconf 88' lang='lat' dir='ltr'><strong>tribuno</strong></span> 
     </span>
     <span class='ocr_line' id='line_1_8' title="bbox 370 959 2505 1051; baseline 0.003 -28"><span class='ocrx_word' id='word_1_43' title='bbox 370 961 578 1049; x_wconf 80' lang='lat' dir='ltr'><strong>plebis</strong></span> <span class='ocrx_word' id='word_1_44' title='bbox 603 960 688 1025; x_wconf 87' lang='lat' dir='ltr'><strong>ad</strong></span> <span class='ocrx_word' id='word_1_45' title='bbox 717 961 1221 1027; x_wconf 78' lang='lat' dir='ltr'><strong>labefactandam</strong></span> <span class='ocrx_word' id='word_1_46' title='bbox 1259 964 1330 1027; x_wconf 94' lang='lat' dir='ltr'><strong>C.</strong></span> <span class='ocrx_word' id='word_1_47' title='bbox 1351 959 1625 1027; x_wconf 84' lang='lat' dir='ltr'><strong>Gracchi</strong></span> <span class='ocrx_word' id='word_1_48' title='bbox 1658 963 2013 1051; x_wconf 84' lang='lat' dir='ltr'><strong>potentiam</strong></span> <span class='ocrx_word' id='word_1_49' title='bbox 2053 978 2313 1027; x_wconf 85' lang='lat' dir='ltr'><strong>senatus</strong></span> <span class='ocrx_word' id='word_1_50' title='bbox 2346 986 2505 1029; x_wconf 86' lang='lat' dir='ltr'><strong>usus</strong></span> 
     </span>
     <span class='ocr_line' id='line_1_9' title="bbox 373 1068 2507 1157; baseline 0.001 -26"><span class='ocrx_word' id='word_1_51' title='bbox 373 1084 529 1131; x_wconf 89' lang='lat' dir='ltr'><strong>erat.</strong></span> <span class='ocrx_word' id='word_1_52' title='bbox 561 1068 659 1148; x_wconf 87' lang='lat' dir='ltr'><strong>Is,</strong></span> <span class='ocrx_word' id='word_1_53' title='bbox 692 1091 898 1155; x_wconf 87' lang='lat' dir='ltr'><strong>quum</strong></span> <span class='ocrx_word' id='word_1_54' title='bbox 935 1084 1000 1132; x_wconf 90' lang='lat' dir='ltr'><strong>et</strong></span> <span class='ocrx_word' id='word_1_55' title='bbox 1029 1069 1168 1156; x_wconf 85' lang='lat' dir='ltr'><strong>ipse</strong></span> <span class='ocrx_word' id='word_1_56' title='bbox 1203 1086 1372 1132; x_wconf 87' lang='lat' dir='ltr'><strong>esset</strong></span> <span class='ocrx_word' id='word_1_57' title='bbox 1401 1068 1709 1132; x_wconf 85' lang='lat' dir='ltr'><strong>tribunus</strong></span> <span class='ocrx_word' id='word_1_58' title='bbox 1732 1068 1939 1157; x_wconf 86' lang='lat' dir='ltr'><strong>plebis</strong></span> <span class='ocrx_word' id='word_1_59' title='bbox 1966 1090 2141 1133; x_wconf 85' lang='lat' dir='ltr'><strong>anno</strong></span> <span class='ocrx_word' id='word_1_60' title='bbox 2168 1068 2332 1150; x_wconf 83' lang='lat'><strong>662,</strong></span> <span class='ocrx_word' id='word_1_61' title='bbox 2369 1092 2507 1133; x_wconf 91' lang='lat' dir='ltr'><strong>rem</strong></span> 
     </span>
     <span class='ocr_line' id='line_1_10' title="bbox 371 1173 2506 1262; baseline 0.002 -27"><span class='ocrx_word' id='word_1_62' title='bbox 371 1195 706 1262; x_wconf 81' lang='lat' dir='ltr'><strong>aggressus</strong></span> <span class='ocrx_word' id='word_1_63' title='bbox 747 1190 843 1238; x_wconf 89' lang='lat' dir='ltr'><strong>est</strong></span> <span class='ocrx_word' id='word_1_64' title='bbox 889 1174 1110 1237; x_wconf 86' lang='lat' dir='ltr'><strong>animo</strong></span> <span class='ocrx_word' id='word_1_65' title='bbox 1144 1174 1443 1256; x_wconf 89' lang='lat' dir='ltr'><strong>meliore,</strong></span> <span class='ocrx_word' id='word_1_66' title='bbox 1486 1196 1685 1261; x_wconf 88' lang='lat' dir='ltr'><strong>quam</strong></span> <span class='ocrx_word' id='word_1_67' title='bbox 1726 1174 2007 1238; x_wconf 86' lang='lat' dir='ltr'><strong>fortuna.</strong></span> <span class='ocrx_word' id='word_1_68' title='bbox 2056 1173 2285 1255; x_wconf 87' lang='lat' dir='ltr'><strong>Quum</strong></span> <span class='ocrx_word' id='word_1_69' title='bbox 2332 1175 2506 1239; x_wconf 88' lang='lat' dir='ltr'><strong>enim</strong></span> 
     </span>
     <span class='ocr_line' id='line_1_11' title="bbox 373 1277 2512 1367; baseline 0 -26"><span class='ocrx_word' id='word_1_70' title='bbox 373 1296 592 1365; x_wconf 86' lang='lat' dir='ltr'><strong>aperte</strong></span> <span class='ocrx_word' id='word_1_71' title='bbox 617 1277 858 1359; x_wconf 85' lang='lat' dir='ltr'><strong>judicia</strong></span> <span class='ocrx_word' id='word_1_72' title='bbox 891 1280 1144 1343; x_wconf 87' lang='lat' dir='ltr'><strong>senatui</strong></span> <span class='ocrx_word' id='word_1_73' title='bbox 1173 1277 1446 1343; x_wconf 87' lang='lat' dir='ltr'><strong>reddere</strong></span> <span class='ocrx_word' id='word_1_74' title='bbox 1479 1301 1615 1343; x_wconf 87' lang='lat' dir='ltr'><strong>non</strong></span> <span class='ocrx_word' id='word_1_75' title='bbox 1644 1296 1893 1367; x_wconf 86' lang='lat' dir='ltr'><strong>posset,</strong></span> <span class='ocrx_word' id='word_1_76' title='bbox 1917 1280 2039 1343; x_wconf 90' lang='lat' dir='ltr'><strong>hac</strong></span> <span class='ocrx_word' id='word_1_77' title='bbox 2066 1294 2202 1341; x_wconf 89' lang='lat' dir='ltr'><strong>arte</strong></span> <span class='ocrx_word' id='word_1_78' title='bbox 2234 1302 2309 1343; x_wconf 88' lang='lat' dir='ltr'><strong>ea</strong></span> <span class='ocrx_word' id='word_1_79' title='bbox 2340 1280 2512 1343; x_wconf 85' lang='lat' dir='ltr'><strong>inter</strong></span> 
     </span>
     <span class='ocr_line' id='line_1_12' title="bbox 374 1386 2510 1474; baseline 0 -26"><span class='ocrx_word' id='word_1_80' title='bbox 374 1402 728 1474; x_wconf 85' lang='lat' dir='ltr'><strong>utrumque</strong></span> <span class='ocrx_word' id='word_1_81' title='bbox 773 1386 1071 1452; x_wconf 87' lang='lat' dir='ltr'><strong>ordinem</strong></span> <span class='ocrx_word' id='word_1_82' title='bbox 1117 1386 1644 1451; x_wconf 84' lang='lat' dir='ltr'><strong>communicavit.</strong></span> <span class='ocrx_word' id='word_1_83' title='bbox 1683 1387 1909 1469; x_wconf 87' lang='lat' dir='ltr'><strong>Quum</strong></span> <span class='ocrx_word' id='word_1_84' title='bbox 1948 1401 2275 1449; x_wconf 74' lang='lat' dir='ltr'><strong>senatores</strong></span> <span class='ocrx_word' id='word_1_85' title='bbox 2294 1434 2311 1466; x_wconf 89' lang='lat'>‚</span> <span class='ocrx_word' id='word_1_86' title='bbox 2353 1408 2510 1473; x_wconf 90' lang='lat' dir='ltr'><strong>pro-</strong></span> 
     </span>
     <span class='ocr_line' id='line_1_13' title="bbox 374 1490 2515 1580; baseline 0 -25"><span class='ocrx_word' id='word_1_87' title='bbox 374 1508 520 1579; x_wconf 85' lang='lat' dir='ltr'><strong>pter</strong></span> <span class='ocrx_word' id='word_1_88' title='bbox 549 1492 964 1579; x_wconf 78' lang='lat' dir='ltr'><strong>superiorum</strong></span> <span class='ocrx_word' id='word_1_89' title='bbox 990 1509 1363 1580; x_wconf 89' lang='lat' dir='ltr'><strong>temporum</strong></span> <span class='ocrx_word' id='word_1_90' title='bbox 1391 1490 1775 1573; x_wconf 87' lang='lat' dir='ltr'><strong>discordias,</strong></span> <span class='ocrx_word' id='word_1_91' title='bbox 1799 1493 1907 1555; x_wconf 82' lang='lat' dir='ltr'><strong>vix</strong></span> <span class='ocrx_word' id='word_1_92' title='bbox 1938 1491 2021 1556; x_wconf 88' lang='lat' dir='ltr'><strong>ad</strong></span> <span class='ocrx_word' id='word_1_93' title='bbox 2057 1508 2379 1555; x_wconf 88' lang='lat' dir='ltr'><strong>trecentos</strong></span> <span class='ocrx_word' id='word_1_94' title='bbox 2412 1514 2515 1555; x_wconf 88' lang='lat' dir='ltr'><strong>es-</strong></span> 
     </span>
     <span class='ocr_line' id='line_1_14' title="bbox 373 1598 2509 1687; baseline 0.001 -28"><span class='ocrx_word' id='word_1_95' title='bbox 373 1612 550 1677; x_wconf 85' lang='lat' dir='ltr'><strong>sent,</strong></span> <span class='ocrx_word' id='word_1_96' title='bbox 603 1598 753 1661; x_wconf 83' lang='lat' dir='ltr'><strong>tulit</strong></span> <span class='ocrx_word' id='word_1_97' title='bbox 807 1615 882 1661; x_wconf 89' lang='lat' dir='ltr'><strong>ut</strong></span> <span class='ocrx_word' id='word_1_98' title='bbox 931 1599 1170 1687; x_wconf 86' lang='lat' dir='ltr'><strong>singuli</strong></span> <span class='ocrx_word' id='word_1_99' title='bbox 1216 1599 1455 1661; x_wconf 81' lang='lat' dir='ltr'><strong>viritim</strong></span> <span class='ocrx_word' id='word_1_100' title='bbox 1504 1599 1788 1684; x_wconf 86' lang='lat' dir='ltr'><strong>equitem</strong></span> <span class='ocrx_word' id='word_1_101' title='bbox 1834 1599 2157 1685; x_wconf 82' lang='lat' dir='ltr'><strong>legerent,</strong></span> <span class='ocrx_word' id='word_1_102' title='bbox 2207 1614 2403 1684; x_wconf 85' lang='lat' dir='ltr'><strong>atque</strong></span> <span class='ocrx_word' id='word_1_103' title='bbox 2440 1598 2509 1661; x_wconf 92' lang='lat' dir='ltr'><strong>in</strong></span> 
     </span>
     <span class='ocr_line' id='line_1_15' title="bbox 374 1702 2511 1792; baseline 0 -26"><span class='ocrx_word' id='word_1_104' title='bbox 374 1720 672 1767; x_wconf 87' lang='lat' dir='ltr'><strong>senatum</strong></span> <span class='ocrx_word' id='word_1_105' title='bbox 705 1720 1121 1790; x_wconf 80' lang='lat' dir='ltr'><strong>cooptarent3</strong></span> <span class='ocrx_word' id='word_1_106' title='bbox 1156 1720 1353 1792; x_wconf 86' lang='lat' dir='ltr'><strong>atque</strong></span> <span class='ocrx_word' id='word_1_107' title='bbox 1390 1720 1466 1767; x_wconf 91' lang='lat' dir='ltr'><strong>ut</strong></span> <span class='ocrx_word' id='word_1_108' title='bbox 1502 1726 1579 1766; x_wconf 81' lang='lat' dir='ltr'><strong>ex</strong></span> <span class='ocrx_word' id='word_1_109' title='bbox 1610 1704 1711 1767; x_wconf 89' lang='lat' dir='ltr'><strong>his</strong></span> <span class='ocrx_word' id='word_1_110' title='bbox 1742 1702 2046 1766; x_wconf 90' lang='lat' dir='ltr'><strong>omnibus</strong></span> <span class='ocrx_word' id='word_1_111' title='bbox 2075 1703 2143 1765; x_wconf 91' lang='lat' dir='ltr'><strong>in</strong></span> <span class='ocrx_word' id='word_1_112' title='bbox 2174 1718 2511 1791; x_wconf 87' lang='lat' dir='ltr'><strong>posterum</strong></span> 
     </span>
     <span class='ocr_line' id='line_1_16' title="bbox 375 1806 2516 1899; baseline -0.001 -26"><span class='ocrx_word' id='word_1_113' title='bbox 375 1808 654 1873; x_wconf 76' lang='lat' dir='ltr'><strong>decuriae</strong></span> <span class='ocrx_word' id='word_1_114' title='bbox 679 1808 976 1888; x_wconf 80' lang='lat' dir='ltr'><strong>judicum</strong></span> <span class='ocrx_word' id='word_1_115' title='bbox 1001 1810 1390 1899; x_wconf 81' lang='lat' dir='ltr'><strong>legerentur.</strong></span> <span class='ocrx_word' id='word_1_116' title='bbox 1417 1806 1687 1873; x_wconf 88' lang='lat' dir='ltr'><strong>Addidit</strong></span> <span class='ocrx_word' id='word_1_117' title='bbox 1718 1824 2022 1895; x_wconf 80' lang='lat' dir='ltr'><strong>praeterea</strong></span> <span class='ocrx_word' id='word_1_118' title='bbox 2052 1808 2173 1897; x_wconf 81' lang='lat' dir='ltr'><strong>legi</strong></span> <span class='ocrx_word' id='word_1_119' title='bbox 2195 1856 2213 1889; x_wconf 88' lang='lat'>‚</span> <span class='ocrx_word' id='word_1_120' title='bbox 2238 1824 2313 1871; x_wconf 90' lang='lat' dir='ltr'><strong>ut</strong></span> <span class='ocrx_word' id='word_1_121' title='bbox 2342 1807 2516 1872; x_wconf 73' lang='lat' dir='ltr'><strong>dein-</strong></span> 
     </span>
     <span class='ocr_line' id='line_1_17' title="bbox 369 1914 2513 2005; baseline -0 -26"><span class='ocrx_word' id='word_1_122' title='bbox 369 1938 528 2005; x_wconf 81' lang='lat' dir='ltr'><strong>ceps</strong></span> <span class='ocrx_word' id='word_1_123' title='bbox 564 1932 960 2003; x_wconf 83' lang='lat' dir='ltr'><strong>quaereretur</strong></span> <span class='ocrx_word' id='word_1_124' title='bbox 990 1918 1058 1979; x_wconf 90' lang='lat' dir='ltr'><strong>in</strong></span> <span class='ocrx_word' id='word_1_125' title='bbox 1089 1938 1222 1998; x_wconf 89' lang='lat' dir='ltr'><strong>eos,</strong></span> <span class='ocrx_word' id='word_1_126' title='bbox 1248 1917 1363 2004; x_wconf 87' lang='lat' dir='ltr'><strong>qui</strong></span> <span class='ocrx_word' id='word_1_127' title='bbox 1396 1916 1484 1979; x_wconf 91' lang='lat' dir='ltr'><strong>ob</strong></span> <span class='ocrx_word' id='word_1_128' title='bbox 1518 1938 1657 1981; x_wconf 91' lang='lat' dir='ltr'><strong>rem</strong></span> <span class='ocrx_word' id='word_1_129' title='bbox 1682 1914 2133 1997; x_wconf 82' lang='lat' dir='ltr'><strong>judicandam,</strong></span> <span class='ocrx_word' id='word_1_130' title='bbox 2168 1916 2513 2003; x_wconf 86' lang='lat' dir='ltr'><strong>pecuniam</strong></span> 
     </span>
     <span class='ocr_line' id='line_1_18' title="bbox 373 2020 2513 2110; baseline 0 -25"><span class='ocrx_word' id='word_1_131' title='bbox 373 2022 792 2109; x_wconf 85' lang='lat' dir='ltr'><strong>accepissent.</strong></span> <span class='ocrx_word' id='word_1_132' title='bbox 831 2021 1032 2104; x_wconf 88' lang='lat' dir='ltr'><strong>Quod</strong></span> <span class='ocrx_word' id='word_1_133' title='bbox 1063 2023 1310 2087; x_wconf 85' lang='lat' dir='ltr'><strong>crimen</strong></span> <span class='ocrx_word' id='word_1_134' title='bbox 1345 2020 1823 2087; x_wconf 88' lang='lat' dir='ltr'><strong>consuetudine</strong></span> <span class='ocrx_word' id='word_1_135' title='bbox 1851 2022 1983 2100; x_wconf 86' lang='lat' dir='ltr'><strong>jam</strong></span> <span class='ocrx_word' id='word_1_136' title='bbox 2012 2044 2133 2110; x_wconf 90' lang='lat' dir='ltr'><strong>pro</strong></span> <span class='ocrx_word' id='word_1_137' title='bbox 2166 2020 2346 2085; x_wconf 90' lang='lat' dir='ltr'><strong>nullo</strong></span> <span class='ocrx_word' id='word_1_138' title='bbox 2386 2042 2513 2085; x_wconf 88' lang='lat' dir='ltr'><strong>nu-</strong></span> 
     </span>
     <span class='ocr_line' id='line_1_19' title="bbox 377 2125 2511 2217; baseline 0 -27"><span class='ocrx_word' id='word_1_139' title='bbox 377 2126 764 2193; x_wconf 86' lang='lat' dir='ltr'><strong>merabatur.</strong></span> <span class='ocrx_word' id='word_1_140' title='bbox 782 2126 966 2193; x_wconf 88' lang='lat' dir='ltr'><strong>Adeo</strong></span> <span class='ocrx_word' id='word_1_141' title='bbox 979 2127 1360 2217; x_wconf 82' lang='lat' dir='ltr'><strong>corrupteloe</strong></span> <span class='ocrx_word' id='word_1_142' title='bbox 1385 2129 1527 2193; x_wconf 88' lang='lat' dir='ltr'><strong>sine</strong></span> <span class='ocrx_word' id='word_1_143' title='bbox 1549 2128 1686 2192; x_wconf 89' lang='lat' dir='ltr'><strong>ullo</strong></span> <span class='ocrx_word' id='word_1_144' title='bbox 1708 2125 1963 2216; x_wconf 90' lang='lat' dir='ltr'><strong>pudore</strong></span> <span class='ocrx_word' id='word_1_145' title='bbox 1990 2128 2511 2193; x_wconf 86' lang='lat' dir='ltr'><strong>increbruerant!</strong></span> 
     </span>
     <span class='ocr_line' id='line_1_20' title="bbox 378 2232 2511 2322; baseline 0 -26"><span class='ocrx_word' id='word_1_146' title='bbox 378 2234 531 2297; x_wconf 79' lang='lat' dir='ltr'><strong>Haec</strong></span> <span class='ocrx_word' id='word_1_147' title='bbox 560 2234 756 2297; x_wconf 87' lang='lat' dir='ltr'><strong>Drusi</strong></span> <span class='ocrx_word' id='word_1_148' title='bbox 781 2234 944 2297; x_wconf 87' lang='lat' dir='ltr'><strong>ratio</strong></span> <span class='ocrx_word' id='word_1_149' title='bbox 972 2234 1192 2298; x_wconf 88' lang='lat' dir='ltr'><strong>neutri</strong></span> <span class='ocrx_word' id='word_1_150' title='bbox 1220 2232 1434 2297; x_wconf 83' lang='lat' dir='ltr'><strong>ordini</strong></span> <span class='ocrx_word' id='word_1_151' title='bbox 1465 2234 1725 2322; x_wconf 87' lang='lat' dir='ltr'><strong>placuit.</strong></span> <span class='ocrx_word' id='word_1_152' title='bbox 1753 2234 1905 2297; x_wconf 89' lang='lat' dir='ltr'><strong>Non</strong></span> <span class='ocrx_word' id='word_1_153' title='bbox 1935 2234 2373 2313; x_wconf 66' lang='lat' dir='ltr'><strong>senatoribus»,</strong></span> <span class='ocrx_word' id='word_1_154' title='bbox 2399 2234 2511 2320; x_wconf 90' lang='lat' dir='ltr'><strong>qui</strong></span> 
     </span>
     <span class='ocr_line' id='line_1_21' title="bbox 377 2338 2513 2427; baseline -0.001 -24"><span class='ocrx_word' id='word_1_155' title='bbox 377 2354 478 2403; x_wconf 91' lang='lat' dir='ltr'><strong>tot</strong></span> <span class='ocrx_word' id='word_1_156' title='bbox 513 2340 579 2401; x_wconf 87' lang='lat' dir='ltr'><strong>in</strong></span> <span class='ocrx_word' id='word_1_157' title='bbox 613 2355 910 2403; x_wconf 86' lang='lat' dir='ltr'><strong>senatum</strong></span> <span class='ocrx_word' id='word_1_158' title='bbox 941 2338 1128 2427; x_wconf 85' lang='lat' dir='ltr'><strong>allegi</strong></span> <span class='ocrx_word' id='word_1_159' title='bbox 1157 2339 1408 2425; x_wconf 87' lang='lat' dir='ltr'><strong>equites</strong></span> <span class='ocrx_word' id='word_1_160' title='bbox 1433 2362 1599 2426; x_wconf 81' lang='lat' dir='ltr'><strong>aegre</strong></span> <span class='ocrx_word' id='word_1_161' title='bbox 1630 2338 1962 2403; x_wconf 86' lang='lat' dir='ltr'><strong>ferebant:</strong></span> <span class='ocrx_word' id='word_1_162' title='bbox 1994 2362 2127 2401; x_wconf 88' lang='lat' dir='ltr'><strong>non</strong></span> <span class='ocrx_word' id='word_1_163' title='bbox 2162 2338 2513 2426; x_wconf 87' lang='lat' dir='ltr'><strong>equitibus,</strong></span> 
     </span>
     <span class='ocr_line' id='line_1_22' title="bbox 375 2442 2515 2532; baseline 0 -27"><span class='ocrx_word' id='word_1_164' title='bbox 375 2443 494 2531; x_wconf 89' lang='lat' dir='ltr'><strong>qui</strong></span> <span class='ocrx_word' id='word_1_165' title='bbox 519 2444 770 2506; x_wconf 87' lang='lat' dir='ltr'><strong>senatui</strong></span> <span class='ocrx_word' id='word_1_166' title='bbox 783 2442 1028 2532; x_wconf 74' lang='lat' dir='ltr'><strong>judicia</strong></span> <span class='ocrx_word' id='word_1_167' title='bbox 1045 2443 1515 2507; x_wconf 90' lang='lat' dir='ltr'><strong>communicari</strong></span> <span class='ocrx_word' id='word_1_168' title='bbox 1534 2442 1861 2506; x_wconf 85' lang='lat' dir='ltr'><strong>nolebant.</strong></span> <span class='ocrx_word' id='word_1_169' title='bbox 1874 2444 2101 2530; x_wconf 72' lang='lat' dir='ltr'><strong>Itaque</strong></span> <span class='ocrx_word' id='word_1_170' title='bbox 2116 2443 2239 2529; x_wconf 87' lang='lat' dir='ltr'><strong>legi</strong></span> <span class='ocrx_word' id='word_1_171' title='bbox 2259 2464 2515 2505; x_wconf 87' lang='lat' dir='ltr'><strong>summa</strong></span> 
     </span>
     <span class='ocr_line' id='line_1_23' title="bbox 377 2545 2513 2635; baseline -0.001 -24"><span class='ocrx_word' id='word_1_172' title='bbox 377 2549 444 2611; x_wconf 78' lang='lat' dir='ltr'><strong>vi</strong></span> <span class='ocrx_word' id='word_1_173' title='bbox 479 2548 740 2635; x_wconf 87' lang='lat' dir='ltr'><strong>utrique</strong></span> <span class='ocrx_word' id='word_1_174' title='bbox 789 2547 1192 2611; x_wconf 85' lang='lat' dir='ltr'><strong>restiterunt.</strong></span> <span class='ocrx_word' id='word_1_175' title='bbox 1245 2548 1486 2611; x_wconf 88' lang='lat' dir='ltr'><strong>Coorta</strong></span> <span class='ocrx_word' id='word_1_176' title='bbox 1528 2545 1844 2611; x_wconf 82' lang='lat' dir='ltr'><strong>seditione</strong></span> <span class='ocrx_word' id='word_1_177' title='bbox 1892 2548 2145 2611; x_wconf 89' lang='lat' dir='ltr'><strong>Drusus</strong></span> <span class='ocrx_word' id='word_1_178' title='bbox 2192 2546 2257 2608; x_wconf 90' lang='lat' dir='ltr'><strong>in</strong></span> <span class='ocrx_word' id='word_1_179' title='bbox 2309 2548 2513 2635; x_wconf 81' lang='lat' dir='ltr'><strong>magi-</strong></span> 
     </span>
     <span class='ocr_line' id='line_1_24' title="bbox 379 2644 2513 2738; baseline -0.001 -21"><span class='ocrx_word' id='word_1_180' title='bbox 379 2669 586 2719; x_wconf 86' lang='lat' dir='ltr'><strong>stratu</strong></span> <span class='ocrx_word' id='word_1_181' title='bbox 617 2652 870 2717; x_wconf 87' lang='lat' dir='ltr'><strong>occisus</strong></span> <span class='ocrx_word' id='word_1_182' title='bbox 902 2668 1022 2716; x_wconf 89' lang='lat' dir='ltr'><strong>est.</strong></span> <span class='ocrx_word' id='word_1_183' title='bbox 1061 2652 1214 2715; x_wconf 64' lang='lat' dir='ltr'><strong>Haec</strong></span> <span class='ocrx_word' id='word_1_184' title='bbox 1245 2654 1384 2731; x_wconf 85' lang='lat' dir='ltr'><strong>ejus</strong></span> <span class='ocrx_word' id='word_1_185' title='bbox 1417 2653 1553 2734; x_wconf 85' lang='lat' dir='ltr'><strong>lex,</strong></span> <span class='ocrx_word' id='word_1_186' title='bbox 1582 2668 1648 2716; x_wconf 89' lang='lat' dir='ltr'><strong>et</strong></span> <span class='ocrx_word' id='word_1_187' title='bbox 1679 2652 1815 2715; x_wconf 81' lang='lat' dir='ltr'><strong>alioe</strong></span> <span class='ocrx_word' id='word_1_188' title='bbox 1856 2650 2120 2738; x_wconf 66' lang='lat' dir='ltr'><strong>reliquae</strong></span> <span class='ocrx_word' id='word_1_189' title='bbox 2152 2672 2313 2738; x_wconf 90' lang='lat' dir='ltr'><strong>quas</strong></span> <span class='ocrx_word' id='word_1_190' title='bbox 2345 2644 2513 2715; x_wconf 85' lang='lat' dir='ltr'><strong>tule-</strong></span> 
     </span>
     <span class='ocr_line' id='line_1_25' title="bbox 381 2756 2511 2847; baseline -0 -24"><span class='ocrx_word' id='word_1_191' title='bbox 381 2776 512 2840; x_wconf 87' lang='lat' dir='ltr'><strong>rat,</strong></span> <span class='ocrx_word' id='word_1_192' title='bbox 583 2774 912 2846; x_wconf 86' lang='lat' dir='ltr'><strong>tamquam</strong></span> <span class='ocrx_word' id='word_1_193' title='bbox 973 2756 1278 2822; x_wconf 85' lang='lat' dir='ltr'><strong>adversus</strong></span> <span class='ocrx_word' id='word_1_194' title='bbox 1345 2760 1627 2847; x_wconf 86' lang='lat' dir='ltr'><strong>auspicia</strong></span> <span class='ocrx_word' id='word_1_195' title='bbox 1687 2758 1827 2823; x_wconf 83' lang='lat' dir='ltr'><strong>latae</strong></span> <span class='ocrx_word' id='word_1_196' title='bbox 1848 2806 1867 2839; x_wconf 88' lang='lat'>‚</span> <span class='ocrx_word' id='word_1_197' title='bbox 1944 2758 2511 2822; x_wconf 83' lang='lat' dir='ltr'><strong>senatusconsulto</strong></span> 
     </span>
     <span class='ocr_line' id='line_1_26' title="bbox 381 2862 2509 2951; baseline -0.001 -23"><span class='ocrx_word' id='word_1_198' title='bbox 381 2864 644 2930; x_wconf 67' lang='lat' dir='ltr'><strong>sublatae</strong></span> <span class='ocrx_word' id='word_1_199' title='bbox 689 2882 883 2948; x_wconf 87' lang='lat' dir='ltr'><strong>sunt,</strong></span> <span class='ocrx_word' id='word_1_200' title='bbox 917 2882 982 2929; x_wconf 91' lang='lat' dir='ltr'><strong>et</strong></span> <span class='ocrx_word' id='word_1_201' title='bbox 1019 2864 1086 2928; x_wconf 90' lang='lat' dir='ltr'><strong>in</strong></span> <span class='ocrx_word' id='word_1_202' title='bbox 1123 2862 1466 2947; x_wconf 88' lang='lat' dir='ltr'><strong>eumdem,</strong></span> <span class='ocrx_word' id='word_1_203' title='bbox 1492 2886 1627 2951; x_wconf 88' lang='lat' dir='ltr'><strong>quo</strong></span> <span class='ocrx_word' id='word_1_204' title='bbox 1660 2879 1807 2927; x_wconf 84' lang='lat' dir='ltr'><strong>ante</strong></span> <span class='ocrx_word' id='word_1_205' title='bbox 1842 2864 2085 2943; x_wconf 84' lang='lat' dir='ltr'><strong>fuerat,</strong></span> <span class='ocrx_word' id='word_1_206' title='bbox 2132 2878 2371 2926; x_wconf 87' lang='lat' dir='ltr'><strong>statum</strong></span> <span class='ocrx_word' id='word_1_207' title='bbox 2408 2886 2509 2925; x_wconf 86' lang='lat' dir='ltr'><strong>res</strong></span> 
     </span>
    </p>

    <p class='ocr_par' dir='ltr' id='par_1_5' title="bbox 373 2970 1189 3049">
     <span class='ocr_line' id='line_1_27' title="bbox 373 2970 1189 3049; baseline -0.001 -14"><span class='ocrx_word' id='word_1_208' title='bbox 373 2970 708 3049; x_wconf 81' lang='lat' dir='ltr'><strong>judiciaria</strong></span> <span class='ocrx_word' id='word_1_209' title='bbox 740 2972 1036 3037; x_wconf 86' lang='lat' dir='ltr'><strong>restituta</strong></span> <span class='ocrx_word' id='word_1_210' title='bbox 1071 2986 1189 3035; x_wconf 88' lang='lat' dir='ltr'><strong>est.</strong></span> 
     </span>
    </p>

    <p class='ocr_par' dir='ltr' id='par_1_6' title="bbox 331 3069 2514 3903">
     <span class='ocr_line' id='line_1_28' title="bbox 331 3069 2513 3167; baseline -0.001 -27"><span class='ocrx_word' id='word_1_211' title='bbox 331 3069 343 3081; x_wconf 72' lang='grc'><strong>“</strong></span> <span class='ocrx_word' id='word_1_212' title='bbox 473 3077 700 3157; x_wconf 91' lang='lat' dir='ltr'><strong>Quum</strong></span> <span class='ocrx_word' id='word_1_213' title='bbox 737 3100 890 3167; x_wconf 82' lang='lat' dir='ltr'><strong>ergo</strong></span> <span class='ocrx_word' id='word_1_214' title='bbox 925 3091 1228 3165; x_wconf 87' lang='lat' dir='ltr'><strong>equester</strong></span> <span class='ocrx_word' id='word_1_215' title='bbox 1263 3074 1427 3139; x_wconf 87' lang='lat' dir='ltr'><strong>ordo</strong></span> <span class='ocrx_word' id='word_1_216' title='bbox 1461 3098 1719 3163; x_wconf 88' lang='lat' dir='ltr'><strong>semper</strong></span> <span class='ocrx_word' id='word_1_217' title='bbox 1750 3076 1815 3137; x_wconf 88' lang='lat' dir='ltr'><strong>in</strong></span> <span class='ocrx_word' id='word_1_218' title='bbox 1845 3074 2101 3153; x_wconf 89' lang='lat' dir='ltr'><strong>judiciis</strong></span> <span class='ocrx_word' id='word_1_219' title='bbox 2146 3074 2513 3137; x_wconf 88' lang='lat' dir='ltr'><strong>dominare-</strong></span> 
     </span>
     <span class='ocr_line' id='line_1_29' title="bbox 385 3179 2514 3266; baseline -0.001 -21"><span class='ocrx_word' id='word_1_220' title='bbox 385 3199 526 3265; x_wconf 81' lang='lat' dir='ltr'><strong>tur3</strong></span> <span class='ocrx_word' id='word_1_221' title='bbox 562 3202 736 3246; x_wconf 85' lang='lat' dir='ltr'><strong>anno</strong></span> <span class='ocrx_word' id='word_1_222' title='bbox 777 3182 1014 3247; x_wconf 87' lang='lat' dir='ltr'><strong>deinde</strong></span> <span class='ocrx_word' id='word_1_223' title='bbox 1056 3182 1432 3263; x_wconf 70' lang='lat' dir='ltr'><strong>interjectu,</strong></span> <span class='ocrx_word' id='word_1_224' title='bbox 1480 3182 1609 3245; x_wconf 91' lang='lat' dir='ltr'><strong>hoc</strong></span> <span class='ocrx_word' id='word_1_225' title='bbox 1641 3197 1767 3261; x_wconf 87' lang='lat' dir='ltr'><strong>est,</strong></span> <span class='ocrx_word' id='word_1_226' title='bbox 1815 3202 1991 3244; x_wconf 88' lang='lat' dir='ltr'><strong>anno</strong></span> <span class='ocrx_word' id='word_1_227' title='bbox 2022 3180 2192 3260; x_wconf 77' lang='lat'><strong><em>664,</em></strong></span> <span class='ocrx_word' id='word_1_228' title='bbox 2238 3179 2351 3266; x_wconf 86' lang='lat' dir='ltr'><strong>qui</strong></span> <span class='ocrx_word' id='word_1_229' title='bbox 2388 3181 2514 3243; x_wconf 82' lang='lat' dir='ltr'><strong>fuit</strong></span> 
     </span>
     <span class='ocr_line' id='line_1_30' title="bbox 383 3285 2513 3369; baseline -0 -19"><span class='ocrx_word' id='word_1_230' title='bbox 383 3310 593 3351; x_wconf 85' lang='lat' dir='ltr'><strong>annus</strong></span> <span class='ocrx_word' id='word_1_231' title='bbox 637 3287 840 3351; x_wconf 86' lang='lat' dir='ltr'><strong>Italici</strong></span> <span class='ocrx_word' id='word_1_232' title='bbox 875 3288 1028 3351; x_wconf 90' lang='lat' dir='ltr'><strong>belli</strong></span> <span class='ocrx_word' id='word_1_233' title='bbox 1067 3287 1424 3369; x_wconf 88' lang='lat' dir='ltr'><strong>secundus,</strong></span> <span class='ocrx_word' id='word_1_234' title='bbox 1463 3287 1553 3351; x_wconf 90' lang='lat' dir='ltr'><strong>M.</strong></span> <span class='ocrx_word' id='word_1_235' title='bbox 1588 3286 1835 3349; x_wconf 83' lang='lat' dir='ltr'><strong>Plotius</strong></span> <span class='ocrx_word' id='word_1_236' title='bbox 1877 3286 2168 3349; x_wconf 82' lang='lat' dir='ltr'><strong>Silvanus</strong></span> <span class='ocrx_word' id='word_1_237' title='bbox 2208 3285 2513 3349; x_wconf 88' lang='lat' dir='ltr'><strong>tribunus</strong></span> 
     </span>
     <span class='ocr_line' id='line_1_31' title="bbox 384 3388 2513 3481; baseline -0.002 -24"><span class='ocrx_word' id='word_1_238' title='bbox 384 3393 588 3481; x_wconf 88' lang='lat' dir='ltr'><strong>plebis</strong></span> <span class='ocrx_word' id='word_1_239' title='bbox 609 3440 626 3475; x_wconf 92' lang='lat'><strong><em>‚</em></strong></span> <span class='ocrx_word' id='word_1_240' title='bbox 667 3392 1120 3472; x_wconf 73' lang='lat' dir='ltr'><strong>adjuvantibus</strong></span> <span class='ocrx_word' id='word_1_241' title='bbox 1157 3394 1521 3474; x_wconf 87' lang='lat' dir='ltr'><strong>nobilibus,</strong></span> <span class='ocrx_word' id='word_1_242' title='bbox 1559 3392 1739 3473; x_wconf 83' lang='lat' dir='ltr'><strong>tulit,</strong></span> <span class='ocrx_word' id='word_1_243' title='bbox 1774 3410 1848 3455; x_wconf 92' lang='lat' dir='ltr'><strong>ut</strong></span> <span class='ocrx_word' id='word_1_244' title='bbox 1894 3390 2165 3481; x_wconf 66' lang='lat' dir='ltr'><strong>singulae</strong></span> <span class='ocrx_word' id='word_1_245' title='bbox 2215 3388 2422 3453; x_wconf 86' lang='lat' dir='ltr'><strong>tribus</strong></span> <span class='ocrx_word' id='word_1_246' title='bbox 2476 3412 2513 3453; x_wconf 88' lang='lat' dir='ltr'><strong>e</strong></span> 
     </span>
     <span class='ocr_line' id='line_1_32' title="bbox 383 3486 2513 3588; baseline -0.001 -26"><span class='ocrx_word' id='word_1_247' title='bbox 383 3521 504 3562; x_wconf 86' lang='lat' dir='ltr'><strong>suo</strong></span> <span class='ocrx_word' id='word_1_248' title='bbox 543 3521 818 3563; x_wconf 87' lang='lat' dir='ltr'><strong>numero</strong></span> <span class='ocrx_word' id='word_1_249' title='bbox 849 3494 1290 3586; x_wconf 88' lang='lat' dir='ltr'><strong>quinosdenos</strong></span> <span class='ocrx_word' id='word_1_250' title='bbox 1321 3498 1607 3588; x_wconf 85' lang='lat' dir='ltr'><strong>legerent</strong></span> <span class='ocrx_word' id='word_1_251' title='bbox 1627 3546 1645 3579; x_wconf 86' lang='lat'>,</span> <span class='ocrx_word' id='word_1_252' title='bbox 1688 3499 1800 3585; x_wconf 88' lang='lat' dir='ltr'><strong>qui</strong></span> <span class='ocrx_word' id='word_1_253' title='bbox 1837 3520 1955 3585; x_wconf 89' lang='lat' dir='ltr'><strong>per</strong></span> <span class='ocrx_word' id='word_1_254' title='bbox 1984 3518 2231 3561; x_wconf 85' lang='lat' dir='ltr'><strong>annum</strong></span> <span class='ocrx_word' id='word_1_255' title='bbox 2260 3486 2513 3577; x_wconf 77' lang='lat' dir='ltr'><strong>judica-</strong></span> 
     </span>
     <span class='ocr_line' id='line_1_33' title="bbox 385 3602 2511 3692; baseline -0.001 -25"><span class='ocrx_word' id='word_1_256' title='bbox 385 3620 550 3667; x_wconf 85' lang='lat' dir='ltr'><strong>rent.</strong></span> <span class='ocrx_word' id='word_1_257' title='bbox 583 3605 676 3667; x_wconf 83' lang='lat' dir='ltr'><strong>Ex</strong></span> <span class='ocrx_word' id='word_1_258' title='bbox 713 3626 792 3667; x_wconf 90' lang='lat' dir='ltr'><strong>eo</strong></span> <span class='ocrx_word' id='word_1_259' title='bbox 836 3604 1080 3667; x_wconf 72' lang='lat' dir='ltr'><strong>lactum</strong></span> <span class='ocrx_word' id='word_1_260' title='bbox 1129 3621 1226 3667; x_wconf 84' lang='lat' dir='ltr'><strong>est</strong></span> <span class='ocrx_word' id='word_1_261' title='bbox 1272 3622 1348 3668; x_wconf 90' lang='lat' dir='ltr'><strong>ut</strong></span> <span class='ocrx_word' id='word_1_262' title='bbox 1395 3604 1691 3692; x_wconf 87' lang='lat' dir='ltr'><strong>equitum</strong></span> <span class='ocrx_word' id='word_1_263' title='bbox 1740 3604 2029 3691; x_wconf 87' lang='lat' dir='ltr'><strong>potentia</strong></span> <span class='ocrx_word' id='word_1_264' title='bbox 2073 3602 2511 3681; x_wconf 87' lang='lat' dir='ltr'><strong>minueretur,</strong></span> 
     </span>
     <span class='ocr_line' id='line_1_34' title="bbox 385 3707 2509 3797; baseline -0 -25"><span class='ocrx_word' id='word_1_265' title='bbox 385 3732 590 3796; x_wconf 85' lang='lat' dir='ltr'><strong>quum</strong></span> <span class='ocrx_word' id='word_1_266' title='bbox 619 3733 696 3774; x_wconf 82' lang='lat' dir='ltr'><strong>ex</strong></span> <span class='ocrx_word' id='word_1_267' title='bbox 731 3709 936 3772; x_wconf 89' lang='lat' dir='ltr'><strong>tribus</strong></span> <span class='ocrx_word' id='word_1_268' title='bbox 967 3707 1307 3773; x_wconf 89' lang='lat' dir='ltr'><strong>ordinibus</strong></span> <span class='ocrx_word' id='word_1_269' title='bbox 1334 3708 1586 3791; x_wconf 88' lang='lat' dir='ltr'><strong>judices</strong></span> <span class='ocrx_word' id='word_1_270' title='bbox 1619 3709 1929 3797; x_wconf 79' lang='lat' dir='ltr'><strong>suffragio</strong></span> <span class='ocrx_word' id='word_1_271' title='bbox 1958 3723 2349 3771; x_wconf 85' lang='lat' dir='ltr'><strong>crearentur.</strong></span> <span class='ocrx_word' id='word_1_272' title='bbox 2376 3709 2509 3771; x_wconf 82' lang='lat' dir='ltr'><strong>Cic.</strong></span> 
     </span>
     <span class='ocr_line' id='line_1_35' title="bbox 384 3815 1270 3903; baseline 0.002 -25"><span class='ocrx_word' id='word_1_273' title='bbox 384 3838 504 3903; x_wconf 88' lang='lat' dir='ltr'><strong>pro</strong></span> <span class='ocrx_word' id='word_1_274' title='bbox 535 3816 794 3880; x_wconf 89' lang='lat' dir='ltr'><strong>Cornel.</strong></span> <span class='ocrx_word' id='word_1_275' title='bbox 823 3832 890 3879; x_wconf 90' lang='lat' dir='ltr'><strong>et</strong></span> <span class='ocrx_word' id='word_1_276' title='bbox 915 3815 1008 3878; x_wconf 84' lang='lat' dir='ltr'><strong>ibi</strong></span> <span class='ocrx_word' id='word_1_277' title='bbox 1035 3818 1270 3880; x_wconf 85' lang='lat' dir='ltr'><strong>Ascon.</strong></span> 
     </span>
    </p>

    <p class='ocr_par' dir='ltr' id='par_1_7' title="bbox 385 3917 2512 4221">
     <span class='ocr_line' id='line_1_36' title="bbox 473 3917 2508 4013; baseline -0.002 -27"><span class='ocrx_word' id='word_1_278' title='bbox 473 3924 578 3987; x_wconf 87' lang='lat' dir='ltr'><strong>An</strong></span> <span class='ocrx_word' id='word_1_279' title='bbox 607 3922 708 4013; x_wconf 81' lang='lat' dir='ltr'><strong>lex</strong></span> <span class='ocrx_word' id='word_1_280' title='bbox 734 3920 938 3985; x_wconf 84' lang='lat' dir='ltr'><strong>Plotia</strong></span> <span class='ocrx_word' id='word_1_281' title='bbox 969 3920 1086 3984; x_wconf 85' lang='lat' dir='ltr'><strong>diu</strong></span> <span class='ocrx_word' id='word_1_282' title='bbox 1119 3923 1397 4000; x_wconf 88' lang='lat' dir='ltr'><strong>steterit;</strong></span> <span class='ocrx_word' id='word_1_283' title='bbox 1447 3940 1513 3985; x_wconf 88' lang='lat' dir='ltr'><strong>et</strong></span> <span class='ocrx_word' id='word_1_284' title='bbox 1548 3944 1627 3984; x_wconf 84' lang='lat' dir='ltr'><strong>ex</strong></span> <span class='ocrx_word' id='word_1_285' title='bbox 1670 3944 1745 3984; x_wconf 81' lang='lat' dir='ltr'><strong>ea</strong></span> <span class='ocrx_word' id='word_1_286' title='bbox 1785 3942 1890 3983; x_wconf 84' lang='lat' dir='ltr'><strong>res</strong></span> <span class='ocrx_word' id='word_1_287' title='bbox 1930 3940 2141 4006; x_wconf 82' lang='lat' dir='ltr'><strong>usque</strong></span> <span class='ocrx_word' id='word_1_288' title='bbox 2188 3917 2272 3982; x_wconf 83' lang='lat' dir='ltr'><strong>ad</strong></span> <span class='ocrx_word' id='word_1_289' title='bbox 2320 3918 2508 3983; x_wconf 75' lang='lat' dir='ltr'><strong>Suuae</strong></span> 
     </span>
     <span class='ocr_line' id='line_1_37' title="bbox 386 4024 2508 4116; baseline -0.001 -26"><span class='ocrx_word' id='word_1_290' title='bbox 386 4044 678 4116; x_wconf 88' lang='lat' dir='ltr'><strong>tempora</strong></span> <span class='ocrx_word' id='word_1_291' title='bbox 703 4024 1002 4106; x_wconf 61' lang='lat' dir='ltr'><strong>judicatas</strong></span> <span class='ocrx_word' id='word_1_292' title='bbox 1033 4028 1194 4110; x_wconf 86' lang='lat' dir='ltr'><strong>sint,</strong></span> <span class='ocrx_word' id='word_1_293' title='bbox 1243 4026 1561 4091; x_wconf 80' lang='lat' dir='ltr'><strong>affirmare</strong></span> <span class='ocrx_word' id='word_1_294' title='bbox 1600 4046 1734 4090; x_wconf 87' lang='lat' dir='ltr'><strong>non</strong></span> <span class='ocrx_word' id='word_1_295' title='bbox 1774 4024 2003 4089; x_wconf 85' lang='lat' dir='ltr'><strong>ausim.</strong></span> <span class='ocrx_word' id='word_1_296' title='bbox 2042 4024 2130 4090; x_wconf 81' lang='lat' dir='ltr'><strong>At</strong></span> <span class='ocrx_word' id='word_1_297' title='bbox 2160 4024 2322 4089; x_wconf 87' lang='lat' dir='ltr'><strong>illud</strong></span> <span class='ocrx_word' id='word_1_298' title='bbox 2356 4026 2508 4090; x_wconf 89' lang='lat' dir='ltr'><strong>nul-</strong></span> 
     </span>
     <span class='ocr_line' id='line_1_38' title="bbox 385 4130 2512 4221; baseline -0.001 -26"><span class='ocrx_word' id='word_1_299' title='bbox 385 4132 510 4197; x_wconf 84' lang='lat' dir='ltr'><strong>lam</strong></span> <span class='ocrx_word' id='word_1_300' title='bbox 543 4134 738 4199; x_wconf 86' lang='lat' dir='ltr'><strong>habet</strong></span> <span class='ocrx_word' id='word_1_301' title='bbox 779 4132 1252 4199; x_wconf 81' lang='lat' dir='ltr'><strong>dubitationem</strong></span> <span class='ocrx_word' id='word_1_302' title='bbox 1273 4182 1290 4213; x_wconf 91' lang='lat'>,</span> <span class='ocrx_word' id='word_1_303' title='bbox 1332 4134 1671 4221; x_wconf 88' lang='lat' dir='ltr'><strong>septennio</strong></span> <span class='ocrx_word' id='word_1_304' title='bbox 1706 4146 1885 4221; x_wconf 86' lang='lat' dir='ltr'><strong>post,</strong></span> <span class='ocrx_word' id='word_1_305' title='bbox 1934 4134 2001 4199; x_wconf 90' lang='lat' dir='ltr'><strong>L.</strong></span> <span class='ocrx_word' id='word_1_306' title='bbox 2036 4132 2273 4196; x_wconf 78' lang='lat' dir='ltr'><strong>Sullam</strong></span> <span class='ocrx_word' id='word_1_307' title='bbox 2308 4130 2512 4194; x_wconf 83' lang='lat' dir='ltr'><strong>dicta·</strong></span> 
     </span>
    </p>
   </div>
  </div>
 </body>
</html>
