2984 4684
694 368 804 439 IN
854 365 943 454 Q.
995 364 1531 438 CAECILIUM
1579 369 2151 441 DIVINATIO.
2348 368 2488 441 213

357 489 732 561 nissimis¹¹
766 487 1212 577 hominibus,
1238 492 1334 560 ita
1368 504 1659 587 paratus
1690 494 1913 577 venis,
1933 505 2017 563 ut
2052 488 2187 561 tibi
2224 490 2491 587 hospes

358 600 617 698 aliquis
655 601 747 671 sit
781 597 1263 696 recipiendus.
1308 597 1595 691 Quibus
1634 624 1769 699 ego
1812 626 1969 674 non
2011 626 2172 671 sum
2202 614 2486 673 tantum

349 708 722 783 honorem
749 707 1156 781 ‚habiturus
1177 762 1196 797 ,
1254 723 1340 780 ut
1382 710 1473 781 ad
1522 734 1604 782 ea
1631 766 1651 799 ‚
1697 736 1859 809 quae
1907 712 2251 798 dixerint,
2290 724 2489 783 certo

227 812 248 825 ‘
355 819 558 908 loeo,
579 834 712 891 'aut
746 818 1160 916 singulatim
1188 820 1587 917 unicuique
1622 819 2105 919 respondeam
2138 848 2155 890 ε
2197 821 2297 891 sic
2329 818 2490 891 bre·

355 931 561 1018 viter,
589 932 934 1028 quoniam
968 954 1119 1001 non
1147 930 1504 1017 consult0,
1539 929 1663 1002 sed
1691 954 1862 1003 casu
1888 932 1967 1001 in
1994 954 2249 1002 eorum
2280 952 2485 1011 men-

353 1039 632 1111 tionem
661 1036 914 1127 incidi,
950 1041 1155 1135 quasi
1184 1042 1602 1136 praeteriens
1624 1038 2047 1113 satisfaciam
2078 1040 2455 1113 universis,

449 1152 637 1219 XVI.
676 1145 1230 1220 Tantane·v0bis
1267 1150 1519 1247 inopia
1560 1148 1811 1221 videor
1850 1174 2005 1223 esse
2044 1150 2443 1221 amicorum
2465 1204 2485 1237 ,

351 1272 437 1329 ut
469 1256 647 1328 mihi
675 1280 825 1327 nou
863 1281 952 1327 ex
992 1256 1142 1345 his,
1176 1282 1364 1354 quos
1405 1283 1691 1331 mecum
1729 1259 2190 1345 adduxerim,
2218 1257 2348 1331 sed
2386 1258 2480 1331 de

349 1365 626 1467 populo
661 1364 1114 1466 subscriptor
1146 1366 1497 1440 addatur?
1535 1368 1744 1442 vobis
1789 1384 2034 1443 autem
2082 1383 2277 1441 tanta
2312 1370 2477 1441 ino-

351 1477 473 1575 pia
509 1500 806 1547 reorum
843 1492 984 1565 est,
1017 1491 1100 1548 ut
1132 1477 1308 1548 mihi
1349 1502 1637 1551 causam
1672 1481 2073 1578 praeripere
2117 1481 2485 1556 conemini

347 1588 617 1686 potiuS‚
634 1612 854 1684 quarn
881 1587 1162 1684 aliquos
1193 1612 1234 1659 a
1258 1589 1597 1661 columna
1613 1592 1938 1679 Maenia¹‚
1956 1592 2176 1663 vestri
2204 1589 2482 1667 ordinis

348 1720 548 1783 rem,
583 1696 995 1795 reperiatis?
1027 1697 1418 1770 Custodem
1433 1711 1488 1786 ²,
1520 1702 1793 1797 inquit,
1819 1701 2058 1773 Tullio
2089 1723 2207 1772 me
2248 1726 2479 1799 appo-

349 1808 524 1879 nite.
573 1808 813 1900 Quid?
847 1808 1026 1877 mihi
1059 1832 1274 1901 quam
1317 1809 1564 1882 multis
1607 1810 2033 1883 custodibus
2074 1835 2261 1910 opus
2302 1812 2481 1899 erit,

347 1920 412 1989 si
436 1930 508 1989 te
541 1918 766 1991 semel
791 1916 883 1989 ad
915 1942 1110 1989 meas
1140 1916 1424 2017 capsas³
1445 1919 1849 1993 admisero?
1879 1923 2186 2020 quinon
2217 1922 2483 2009 solum,

351 2026 667 2124 nequid
704 2027 1070 2111 enunties,
1111 2027 1243 2099 sed
1277 2030 1493 2101 etiam
1531 2054 1623 2101 ne
1664 2030 1843 2127 quid
1882 2030 2198 2121 auferaS‚
2240 2046 2484 2105 custo-

349 2134 656 2211 diendus
694 2138 812 2209 sis.
864 2136 1006 2211 Sed
1041 2136 1132 2210 de
1185 2142 1326 2210 isto
1371 2138 1669 2212 custode
1712 2156 1871 2213 toto
1914 2144 2017 2214 sic
2050 2140 2263 2215 vobis
2316 2141 2481 2215 bre,-

426 2356 505 2389 11.
538 2312 962 2391 AlienissimisJA
989 2343 1222 2392 tribuum
1257 2354 1306 2392 et
1341 2359 1369 2391 a

283 2485 293 2493 Ι
349 2420 477 2469 foro.
503 2421 604 2485 Qui
629 2422 786 2469 nihilo
812 2421 966 2485 magis
989 2432 1106 2471 suut
1129 2424 1181 2470 iu
1211 2424 1369 2471 causis

347 2502 522 2549 versati
537 2534 554 2560 ,
580 2516 724 2563 quam
759 2500 940 2565 hospes
973 2510 1024 2549 et
1055 2502 1365 2565 peregrinus,

347 2580 433 2643 qui
457 2581 620 2627 forum
647 2596 912 2643 numquam
941 2580 1136 2628 viderit.
1173 2581 1245 2628 lta
1269 2581 1364 2627 im-

345 2670 540 2723 paratus
566 2659 701 2707 venis
715 2694 730 2717 ,
759 2660 920 2722 iuquit
933 2659 1144 2717 nnius,
1179 2669 1234 2706 ut
1261 2658 1368 2706 nul-

343 2736 446 2785 lum
479 2736 856 2803 subscriptorem
888 2737 1067 2787 habeas
1103 2755 1165 2786 ex
1196 2738 1258 2785 iis
1281 2754 1366 2802 pu·

343 2817 501 2867 uenis
514 2852 531 2878 ,
585 2819 670 2883 qui
723 2818 885 2867 solent
931 2820 987 2867 in
1041 2817 1366 2867 tribunalibus

343 2912 511 2946 enum
542 2912 682 2961 agere
698 2934 714 2959 ‚
743 2898 829 2946 sed
856 2897 944 2961 qui
977 2897 1196 2962 hospites
1225 2898 1278 2945 in
1303 2898 1364 2945 iis

345 2986 490 3039 sunt,
521 2977 705 3042 quippe
745 2976 832 3041 qui
867 2977 952 3025 imi
979 2977 1193 3025 subsellii
1218 2977 1371 3026 homi·

343 3070 447 3105 nes.
483 3055 564 3104 Sic
603 3060 790 3104 Ascom
826 3068 877 3104 et
916 3058 1082 3107 Graev.
1116 3058 1370 3105 Manutius

343 3145 506 3183 sutem
527 3146 668 3199 putat
691 3134 1009 3183 alienissimos
1034 3136 1224 3199 opponi
1241 3135 1365 3182 ami-

343 3214 413 3261 cis
442 3230 506 3262 ex
540 3213 721 3279 quibus
751 3214 1106 3278 subscriptores
1146 3214 1362 3263 delectu-

343 3310 451 3342 rum
469 3310 520 3342 se
538 3295 606 3341 ait
623 3295 824 3353 Cicero,
839 3309 943 3341 non
963 3311 1080 3343 vero
1097 3295 1158 3343 de
1175 3296 1365 3360 populo

341 3374 565 3438 quemvis
591 3384 929 3438 recepturum,
955 3376 1092 3438 quod
1109 3376 1277 3439 utique
1299 3376 1366 3424 fs·

341 3463 506 3502 eturus
533 3464 639 3501 erat
663 3452 905 3501 Caecilius.
940 3455 1014 3502 Ex
1035 3453 1112 3501 his
1135 3454 1364 3503 alienissi-

341 3532 459 3592 mis,
477 3532 639 3596 inquit
655 3566 672 3591 ,
696 3532 948 3581 hominem
973 3532 1182 3596 aliquem
1203 3532 1302 3596 ad'
1285 3550 1364 3581 m·

341 3613 507 3660 timum
527 3612 727 3660 domum
749 3613 975 3661 admittes
990 3646 1004 3669 ,
1018 3623 1074 3659 ut
1090 3612 1363 3675 hospitem;

340 3693 548 3740 amicum
580 3701 630 3739 et
663 3691 945 3739 familiarem
985 3690 1046 3739 de
1070 3688 1360 3739 elicui-simo

339 3780 537 3835 repente
577 3770 814 3831 habebis3
866 3780 962 3817 tam
1011 3769 1134 3816 bene
1168 3780 1364 3833 paratus

338 3849 492 3898 venis.
517 3846 598 3899 Sic
624 3848 892 3913 simplicius
909 3850 1100 3897 Manat.
1119 3858 1168 3896 et
1191 3850 1358 3897 Garat.

337 3938 510 3991 utque,
535 3937 592 3975 ut
611 3938 762 3991 puto,
794 3928 974 3976 verius.

409 4008 549 4055 XVI.
581 4022 624 4054 1.
653 4006 894 4056 Columna
924 4005 1126 4055 Μαικία.
1157 4006 1364 4055 Maenins

339 4100 491 4151 quum
519 4086 718 4138 domum
756 4104 891 4136 susm
925 4086 1159 4136 venderet
1189 4088 1364 4137 catoni

1455 2353 1508 2390 et
1534 2342 1707 2393 Flacco
1746 2346 2033 2393 censoribus
2069 2344 2151 2412 (A.
2172 2346 2235 2393 tJ.
2258 2346 2314 2395 C.
2334 2345 2487 2415 569),

1455 2432 1513 2470 ut
1538 2422 1611 2469 ibi
1637 2422 1835 2472 basilica
1866 2423 2203 2483 aedificaretur,
2228 2435 2485 2489 exceperat

1455 2500 1550 2549 sibi
1578 2503 1661 2563 jus
1690 2504 1837 2551 unius
1860 2502 2135 2564 columna,
2161 2520 2315 2567 super
2335 2520 2482 2567 quam

1455 2588 1637 2629 tectum
1654 2582 1921 2644 projiceret
1936 2600 2001 2631 ex
2018 2582 2393 2647 provolautibus
2409 2594 2481 2631 ta-

1453 2657 1649 2717 bulatis,
1668 2660 1797 2709 unde
1815 2661 1920 2723 ipse
1938 2672 1985 2708 et
2005 2660 2187 2725 posteri
2206 2662 2337 2724 ejus,
2372 2676 2483 2725 spe·

1453 2750 1585 2787 ctare
1596 2754 1769 2787 munus
1778 2739 2119 2803 gladiatorium
2126 2740 2485 2805 possennquod

1453 2818 1598 2867 etiam
1628 2827 1731 2865 tum
1755 2819 1809 2867 iu
1834 2819 1945 2866 foro
1975 2819 2199 2868 dabatur.
2238 2820 2321 2868 Ad
2354 2820 2482 2869 hauc

1456 2908 1618 2945 sutem
1655 2896 1929 2956 columnam
1972 2900 2213 2947 triumviri
2255 2898 2485 2963 capitales

1456 2975 1737 3024 infimorum
1770 2976 2026 3026 homiuum
2042 3018 2057 3041 ,
2095 2990 2151 3027 nt
2196 2979 2391 3040 surum,
2432 2988 2484 3027 et

1455 3073 1707 3107 servorum
1724 3074 1934 3122 nequam
1948 3093 1963 3118 ‚
1991 3059 2193 3107 crimina
2219 3072 2484 3123 coguosce-

1453 3138 1593 3197 bsnt,
1610 3138 1833 3201 sumique
1852 3138 1914 3187 de
1934 3138 2173 3188 damnatis
2186 3138 2479 3203 supplicium

1447 3217 1701 3280 jubebunt.
1729 3217 1857 3265 Vide
1884 3220 2059 3269 Horat.
2078 3217 2241 3283 Epod.
2271 3226 2324 3275 4,
2360 3232 2380 3263 ι
2396 3234 2442 3265 1.

1525 3312 1573 3344 a.
1602 3297 1881 3346 custodem.
1916 3299 2013 3347 Hic
2056 3312 2211 3346 unum
2262 3313 2325 3344 ex
2372 3294 2481 3343 istis

1452 3376 1710 3425 causidicis
1735 3377 2018 3441 loquentem
2044 3376 2269 3436 inducit,
2306 3385 2355 3423 et
2390 3390 2477 3438 pe-

1448 3467 1632 3504 tentem
1680 3468 1739 3505 ut
1794 3458 2020 3505 Ciceroni
2063 3454 2369 3518 subscriptor
2418 3467 2476 3500 nc

1449 3546 1616 3585 custos
1635 3546 1931 3601 apponatur.
1958 3535 2091 3585 Male
2114 3534 2221 3584 haec
2240 3534 2305 3581 ad
2326 3531 2475 3581 Ceci—

1449 3615 1571 3663 lium
1614 3617 1763 3664 refert
1802 3616 2041 3663 Feri-atius
2057 3649 2072 3673 ,
2118 3628 2267 3677 quum
2310 3610 2479 3677 paullo

1451 3704 1583 3757 post,
1602 3695 1761 3755 ejecto
1782 3694 1871 3741 illo
1892 3704 1941 3741 et
1958 3692 2155 3740 infamia
2176 3702 2349 3739 notato
2368 3705 2478 3739 mo-

1450 3781 1665 3820 ntorum
1694 3788 1837 3836 grege
1852 3806 1866 3830 ‚
1884 3772 1948 3819 sd
1972 3770 2219 3822 Caecilium
2245 3785 2297 3817 se
2320 3768 2480 3817 redire

1451 3850 1685 3899 declaret.

1526 3931 1573 3977 3.
1604 3929 1807 3993 Capsas.
1846 3928 1905 3975 In
1934 3926 2111 3991 quibus
2135 3926 2298 3975 literas
2324 3936 2373 3974 et
2402 3934 2477 3973 te·

1450 4007 1681 4058 stimonis
1706 4024 1768 4055 ex
1794 4006 1959 4054 Sicilia
1991 4005 2245 4070 deportata
2262 4043 2278 4068 ,
2312 4020 2481 4053 recou-

1396 4086 1402 4092 '
1453 4086 1555 4135 dits
1562 4084 1776 4147 hubebo,
1786 4086 1829 4133 si
1839 4084 1902 4133 sd
1910 4101 1990 4133 me
1997 4086 2241 4133 accusatio
2251 4082 2485 4133 defertur.
