2984 4684
764 351 894 418 DE
941 331 1413 419 JUDIGII'S
1464 350 1991 419 PUBLmIS.
2308 345 2449 445 593

324 456 551 535 Omitte
571 491 733 534 cossa
756 482 933 533 anno
960 470 1112 557 627.
1131 471 1301 559 Lege
1316 472 1349 534 J
1353 471 1776 557 unia,praeter
1793 469 1922 533 litis
1945 469 2456 552 aestimationem,

321 599 437 641 seu
468 598 724 664 poenam
756 576 1193 664 pecuniariam
1236 576 1375 664 lege
1411 575 1756 665 Calpurnia
1795 575 2212 640 constitutam
2233 623 2251 656 ,
2284 576 2452 640 exsi-

321 681 483 763 lium
518 681 711 744 etiam
742 679 1059 744 damnatis
1088 697 1188 746 est
1222 681 1599 771 irrogatum.

412 789 570 852 Post
613 809 819 850 annos
862 785 1013 850 inde
1058 786 1227 851 duos
1270 803 1335 850 et
1380 787 1644 876 viginti,
1693 786 1795 850 lex
1827 786 2090 851 Servilia
2129 787 2254 850 lata
2292 803 2390 851 est
2419 810 2458 850 a

326 895 399 958 C.
434 893 700 958 Servilio
738 891 1003 956 Glaucia
1036 893 1305 956 tribuno
1353 892 1596 980 plebis,
1638 893 1710 956 C.
1741 891 1950 954 Mario
1989 892 2052 953 ΙΙ
2075 941 2092 966 ‚
2129 893 2200 955 C.
2236 891 2455 957 Flavio

324 1023 490 1064 cosa
520 1021 694 1064 anno
721 999 917 1063 Urbis
943 999 1093 1085 649·-
1635 1065 1638 1070 ,

412 1096 767 1170 Transtulit
798 1105 865 1167 in
900 1104 1109 1193 legem
1136 1125 1317 1168 suam
1354 1104 1662 1169 Servilius
1695 1104 1901 1192 capita
1927 1104 2143 1192 legum
2173 1106 2464 1192 superio·

323 1235 517 1276 rum:
562 1211 713 1275 tulit
740 1225 1047 1298 praeterea
1068 1258 1085 1290 ,
1124 1209 1306 1298 quod
1355 1221 1602 1274 novum
1653 1218 1849 1298 caput
1889 1209 2046 1290 fuit,
2088 1226 2165 1273 ut
2199 1232 2464 1299 compe-

324 1315 779 1380 rendinaretur
802 1335 989 1379 reus:
1014 1330 1105 1396 et,
1126 1330 1203 1378 ut
1228 1329 1478 1379 certum
1499 1316 1666 1378 intra
1691 1313 1945 1378 dierum
1967 1315 2248 1402 spatium
2268 1315 2462 1396 hujus

321 1421 837 1510 judiciitempus
884 1419 1406 1501 concluderetur,
1440 1418 1620 1485 dedit
1650 1421 2004 1484 accusatori
2056 1417 2190 1484 dies
2235 1419 2466 1509 viginti

326 1527 411 1591 ad
439 1525 765 1615 agendum
785 1573 805 1606 ,
858 1525 988 1589 hoc
1022 1540 1119 1588 est
1138 1573 1156 1606 ,
1208 1523 1291 1588 ad
1323 1548 1395 1588 ea
1430 1524 1749 1612 paranda,
1797 1547 1942 1614 quae
1986 1541 2322 1590 accusator
2355 1548 2469 1590 ne-

326 1632 606 1696 cessario
642 1653 869 1719 parare
910 1629 1206 1710 deberet3
1240 1645 1303 1693 et
1348 1628 1624 1694 totidem
1675 1651 1788 1694 reo
1833 1628 1915 1692 ad
1957 1628 2466 1694 defendendum.

328 1739 537 1802 Antea
573 1737 627 1800 si
658 1759 808 1801 reus
842 1752 977 1800 erat
1010 1734 1463 1818 absolvendus,
1501 1735 1716 1798 statim
1761 1734 1930 1798 'dicta
1973 1735 2324 1821 sententia,
2367 1735 2469 1799 di-

328 1842 710 1907 mittebatur
736 1865 751 1905 :
788 1843 841 1905 si
860 1839 1189 1905 videretur
1214 1855 1431 1904 autem
1456 1861 1594 1904 esse
1613 1837 2022 1904 damnandus
2040 1890 2058 1923 ,
2092 1839 2274 1927 quod
2301 1841 2465 1904 mala

330 1949 469 2028 ejus
512 1965 679 2012 esset
707 1969 929 2028 causa,
962 1944 1213 2026 judices
1248 1945 1463 2010 statim
1498 1967 1648 2032 eum
1683 1960 1818 2008 non
1853 1943 2285 2026 damnabant,
2319 1944 2466 2028 sed,

332 2072 408 2117 ut
434 2076 571 2117 rem
598 2053 1080 2142 protraherent,
1108 2067 1173 2115 et
1199 2068 1273 2114 ut
1289 2099 1307 2132 ,
1341 2067 1660 2139 quantum
1687 2050 1752 2114 in
1793 2072 1862 2113 se
1889 2065 2025 2114 erat
2045 2099 2062 2126 ‚
2087 2068 2426 2139 parcerent
2445 2099 2465 2134 ,

332 2182 517 2223 reum
544 2159 953 2247 ampliabant.
997 2157 1162 2240 Quoe
1193 2179 1295 2220 res
1333 2156 1415 2220 ad
1448 2175 1770 2220 summam
1807 2154 1898 2219 rei
1925 2156 2468 2221 existimationem

330 2281 401 2329 et
424 2266 697 2330 salutem
729 2262 1091 2352 pertinebat
1118 2285 1135 2324 ε
1174 2261 1332 2325 dum
1363 2263 1604 2326 etenim
1634 2284 1884 2325 moram
1912 2261 1993 2326 ad
2025 2261 2472 2328 condemnan-

332 2370 497 2434 dum
539 2369 663 2431 hac
704 2367 954 2431 ratione
984 2364 1231 2445 judices
1278 2365 1737 2452 acquirebant,
1799 2367 2080 2452 spatium
2123 2389 2238 2429 reo
2283 2367 2362 2430 ad
2403 2389 2470 2431 se

334 2470 770 2562 colligendum
790 2518 808 2552 ,
846 2487 913 2534 et
947 2468 1028 2533 ad
1056 2490 1253 2534 novas
1279 2468 1674 2533 defensionis
1708 2470 1990 2533 rationes
2017 2470 2468 2554 inveniendas,

339 2578 634 2642 dabatur.
1785 2593 1816 2624 ⁴

428 2684 689 2748 Servilia
724 2701 943 2749 autem
974 2684 1109 2765 lex,
1148 2683 1399 2746 sublata
1448 2683 1891 2772 ampliatione,
1929 2684 2468 2772 comperendina-

339 2792 585 2855 tionem
615 2791 854 2854 intulit.
893 2788 1540 2878 Comperendinatio,
1581 2805 1680 2853 est
1709 2789 1972 2869 rejectio
2003 2813 2210 2855 causae
2239 2791 2308 2854 in
2342 2807 2472 2855 ter·

340 2896 501 2959 tium
543 2895 715 2960 diem
742 2945 760 2979 ,
808 2877 942 2984 quo
980 2897 1261 2958 citantur
1297 2894 1518 2959 denuo
1563 2909 1898 2958 accusator
1933 2911 1998 2960 et
2034 2919 2202 2960 reus.
2256 2897 2466 2986 Igitur

342 3025 419 3066 ex
469 3004 605 3092 lege
643 3002 905 3066 Servilia
941 3001 1085 3065 duae
1129 2999 1422 3081 ejusdem
1471 3000 1760 3064 criminis
1811 3001 2169 3065 necessario
2203 3001 2472 3066 fuerunt

342 3107 664 3189 actioneS,
704 3130 981 3194 quarum
1031 3108 1222 3170 altera
1258 3105 1554 3169 instituta
1589 3121 1685 3169 est
1732 3121 1878 3193 post
1923 3104 2092 3169 diem
2135 3109 2398 3171 tertium
2437 3131 2472 3171 a

342 3213 577 3302 priori,
614 3236 760 3294 seu,
789 3230 938 3301 post
973 3196 1439 3300 perendinum,
1479 3211 1655 3276 unde
1688 3235 1928 3276 nomen
1965 3213 2210 3276 habuit.
2395 3221 2398 3224 ’

433 3319 739 3406 Sequitur
750 3321 1079 3384 Serviliam
1103 3320 1307 3407 legem
1326 3317 1548 3384 Acilia.
1565 3319 1742 3382 Tulit
1755 3319 1906 3383 Man
1918 3368 1933 3384 .
1949 3318 2188 3384 Acilius
2209 3317 2473 3384 Glabrio

345 3423 649 3488 tribunus
686 3425 893 3512 plebis
924 3447 1099 3487 anno
1128 3424 1321 3488 Urbis
1356 3422 1506 3488 652.
1541 3424 1732 3486 Pater
1763 3425 1891 3489 fuit
1919 3423 2116 3504 hujus
2143 3425 2251 3488 Μ’.
2287 3424 2468 3486 Acilii

347 3530 735 3612 Glabrionis,
766 3531 878 3618 qui
911 3546 1148 3618 praetor
1168 3529 1413 3610 judicio
1440 3529 1655 3594 Verris
1688 3531 1964 3618 praefuit.
1987 3529 2168 3592 'l'ulit
2199 3529 2432 3593 Acilius
2454 3578 2471 3610 ,

348 3635 443 3700 uti
468 3636 975 3722 repetundarum
1008 3657 1213 3700 causae
1244 3657 1376 3698 una
1412 3650 1665 3698 tantum
1701 3635 1956 3698 actione
1991 3626 2472 3723 peragerentur,

347 3757 413 3804 et
438 3758 511 3805 ut
526 3790 544 3823 ,
572 3773 595 3798 ι
624 3741 798 3805 nulla
821 3741 1093 3806 omnino
1115 3763 1328 3828 neque
1350 3739 2046 3834 comperendinationis
2064 3789 2081 3821 ,
2103 3761 2314 3828 neque
2339 3763 2475 3804 am-

347 3845 671 3934 pliationis
702 3845 1009 3911 dilatione
1039 3846 1449 3934 interposita,
1482 3845 1679 3909 semel
1713 3846 2025 3927 accusati,
2061 3845 2259 3910 semel
2305 3845 2474 3910 dicta

350 3974 575 4033 causa,
604 3954 800 4017 semel
821 3952 1057 4019 auditis
1085 3953 1381 4034 testibus»,
1404 3951 1499 4014 rei
1517 3931 2017 4030 judicarentur».
2054 3952 2184 4014 Cic.
2211 3951 2318 4014 lib.
2345 3952 2374 4014 1
2407 3953 2474 4014 in

349 4059 535 4122 Verr.
560 4080 700 4147 cap.
728 4081 792 4145 9.

544 4167 599 4232 J,
642 4180 734 4225 Cic.
762 4195 875 4240 pars
900 4179 1109 4226 secunda.
2211 4161 2300 4228 38
