2984 4684
327 414 1184 441 mmmmm·
1189 414 2462 442 mmmmmmmm

539 602 1010 711 ALIUD
1099 602 2241 711 ARGUMENTUM.

323 848 490 905 Caius
533 848 840 907 Cornelius
867 854 1082 907 Verres
1123 848 1248 907 Caii
1303 848 1485 919 filius,
1542 848 1760 907 familia
1806 847 1991 907 nobili
2044 862 2243 923 ortus,
2281 868 2456 929 quum

395 958 532 1023 post
583 960 876 1024 peractam
927 944 1298 1023 juventutem
1355 945 1745 1023 turpissimam
1806 945 2460 1031 flagitiosissimamque,

395 1041 469 1100 ad
525 1042 945 1121 rempublicam
993 1043 1363 1116 accessisset,
1419 1042 1652 1101 tandem
1692 1042 1903 1103 Siciliae
1943 1056 2191 1122 praetor,
2252 1045 2315 1103 in
2354 1045 2466 1105 hac

395 1140 704 1218 provincia
747 1160 956 1215 avare,
1000 1160 1068 1199 ac
1109 1139 1422 1201 libidinose
1457 1152 1749 1213 versatus,
1807 1161 1917 1220 per
1956 1141 2270 1201 triennium
2318 1163 2466 1221 pro—

391 1250 599 1317 rogato
623 1253 870 1318 propter
899 1240 1248 1299 successoris
1271 1240 1434 1299 Arrii
1471 1252 1721 1299 mortem
1758 1239 2043 1319 imperio,
2080 1239 2303 1299 nullam
2341 1244 2465 1303 sere

393 1333 598 1393 horam
620 1337 738 1413 egit
760 1356 1004 1395 vacuam
1030 1355 1064 1394 a
1092 1337 1250 1396 furto
1269 1380 1287 1410 ,
1315 1338 1535 1399 scelere
1552 1378 1570 1405 ,
1594 1337 1815 1414 flagitio
1852 1350 1911 1395 et
1950 1337 2315 1397 crudelitate.
2343 1343 2459 1397 Tot

391 1432 570 1510 igitur
594 1434 882 1513 tantisque
901 1435 1128 1513 injuriis
1153 1430 1352 1493 afflicti
1377 1448 1436 1495 et
1461 1434 1731 1495 exhausti
1760 1434 1975 1507 Siculi,
2018 1448 2156 1513 post
2185 1436 2309 1514 ejus
2337 1435 2463 1495 dis-

391 1548 614 1589 cessum
643 1550 706 1589 se
737 1530 808 1589 ad
839 1536 921 1589 M.
939 1531 1196 1591 Tullium
1215 1532 1556 1590 Ciceronem
1584 1531 1981 1603 contulerunt,
1998 1531 2103 1609 qui
2130 1532 2193 1591 in
2219 1552 2291 1591 ea
2316 1552 2463 1610 pro-

391 1626 584 1685 vincia
627 1640 980 1703 quaesturam
1017 1640 1294 1705 gesserat,
1335 1646 1515 1705 seque
1564 1626 1967 1687 moderatione
2018 1640 2080 1685 et
2127 1628 2460 1709 integritate

390 1724 844 1802 provincialibus
879 1723 1260 1803 probaverat,
1301 1744 1553 1803 eumque
1592 1744 1763 1784 orare
1802 1744 1920 1783 non
1973 1722 2347 1801 destiterunt,
2396 1739 2463 1785 ut

387 1828 634 1881 Verrem
669 1822 1128 1900 repetundarum
1177 1823 1522 1901 postularet.
1579 1822 1817 1895 Cicero,
1872 1820 2135 1899 quamvis
2184 1821 2259 1881 ad
2308 1822 2461 1883 hanc

386 1918 542 1978 diem
568 1919 1004 1979 defensionibus
1031 1933 1252 1981 tantum
1281 1920 1603 1980 amicorum
1644 1918 1966 1993 floruisset,
1998 1920 2355 1999 omninoque
2383 1920 2458 1980 ab

388 2016 853 2075 accusationibus
877 2016 1250 2091 abhorreret,
1288 2017 1404 2076 hoc
1438 2036 1633 2077 tamen
1660 2030 1750 2075 tot
1776 2017 2082 2077 hominum
2114 2016 2458 2077 honestissi-

385 2133 618 2173 morum
631 2116 838 2193 suique
861 2116 1179 2174 amantium
1205 2115 1403 2176 studio
1432 2130 1494 2175 et
1512 2115 1857 2194 flagitationi
1888 2114 2126 2189 tribuit,
2169 2129 2241 2174 ut
2258 2116 2459 2175 Verris

383 2212 622 2271 nomine
655 2212 884 2287 delato,
922 2232 983 2270 se
1020 2213 1350 2273 Siculorum
1391 2214 1654 2272 futurum
1696 2228 2011 2292 patronum
2058 2214 2453 2291 profiteretur.

385 2308 542 2368 Illud
571 2321 854 2387 praeterea
874 2309 1212 2368 Ciceronem
1239 2328 1358 2369 non
1387 2310 1623 2368 minime
1651 2309 2042 2382 accendebat,
2071 2309 2233 2387 quod
2260 2310 2456 2369 bacin

385 2416 561 2465 causa
593 2425 826 2465 summo
853 2425 986 2464 cum
1015 2419 1250 2465 oratore
1278 2406 1597 2465 Hortensio
1630 2404 1704 2463 de
1740 2406 2007 2464 maximis
2049 2408 2225 2465 rebus
2266 2407 2457 2465 collu-

383 2516 663 2576 ctaretur,
699 2516 760 2561 et
784 2522 1050 2587 magnam
1081 2502 1192 2561 sibi
1224 2502 1432 2581 populi
1455 2502 1703 2580 gratiam
1738 2502 2038 2560 conciliari
2080 2514 2372 2575 cerneret,
2405 2505 2453 2562 si

382 2605 628 2659 Verrem
673 2600 850 2659 totius
893 2599 1216 2659 nobilitatis
1265 2599 1543 2659 insolenti
1577 2597 1849 2677 praesidio
1888 2597 2203 2657 subnixum
2224 2643 2242 2673 ,
2292 2601 2453 2658 nulla

381 2718 502 2757 non
551 2697 759 2757 fraude
810 2696 884 2755 ad
923 2696 1357 2775 corrumpenda
1398 2695 1620 2773 judicia
1659 2695 2033 2769 abutentem,
2076 2695 2452 2757 nihilominus

381 2806 795 2872 prosterneret.
837 2794 952 2854 Sed
1001 2794 1318 2873 derepente
1359 2793 1577 2853 exstitit
1616 2792 1873 2865 Quintus
1912 2792 2151 2871 quidam
2192 2793 2452 2853 Caecilius

379 2891 582 2969 Niger,
601 2891 743 2949 civis
763 2895 1080 2959 RomanuS‚
1104 2890 1283 2950 homo
1305 2890 1549 2961 Siculus,
1581 2889 1863 2968 religione
1886 2895 1919 2949 J
1925 2888 2123 2949 udaeus
2141 2934 2159 2965 ‚
2201 2906 2454 2970 quaestor

381 2989 585 3047 Verris
606 2987 998 3066 Lilybaetanus
1013 3032 1031 3062 ,
1063 3000 1128 3047 et
1145 2986 1439 3065 ejusdem,
1461 3000 1529 3046 ut
1556 2986 1684 3065 ipse
1716 2985 1927 3059 aiebat,
1954 2986 2243 3061 inimicus,
2262 2988 2365 3067 qui
2390 3008 2453 3047 se

381 3085 578 3165 potius
639 3099 1032 3145 accusatorem
1091 3084 1368 3145 constitui
1422 3096 1700 3162 oportere
1762 3083 2159 3145 contenderet.
2215 3085 2453 3145 Scilicet

382 3182 490 3241 iste
513 3182 711 3242 Verris
745 3184 1024 3243 scelerum
1067 3182 1302 3261 adjutor
1337 3196 1396 3240 et
1435 3182 1761 3260 particeps,
1802 3182 1957 3240 hanc
1994 3170 2413 3241 accusationem
2434 3225 2452 3253 ,

383 3281 612 3339 favente
629 3282 971 3353 Hortensio,
998 3302 1033 3339 a
1052 3280 1352 3357 judicibus
1376 3277 1745 3359 postulabat,
1769 3294 1834 3337 ut
1856 3278 2008 3338 hanc
2035 3279 2146 3337 sibi
2173 3280 2449 3339 commis-

280 3443 289 3452 ·
382 3397 502 3436 sam
527 3379 888 3457 provinciam
912 3377 1219 3457 proderet,
1235 3380 1598 3455 Verremque
1620 3378 1949 3457 turpissima
1969 3376 2445 3456 praevaricatione

381 3474 800 3535 absolvendum
823 3489 1072 3535 curaret.

452 3574 616 3631 Inter
631 3573 806 3633 istum
829 3574 1009 3652 igitur
1027 3586 1087 3631 et
1103 3572 1444 3633 Ciceronem
1469 3593 1653 3651 quum
1672 3570 2105 3633 decernendum
2124 3582 2295 3641 esset,
2315 3582 2448 3627 uter

377 3669 804 3727 accusationem
841 3670 1171 3728 institueret
1185 3712 1204 3741 ,
1250 3668 1456 3729 habita
1481 3681 1570 3727 est
1598 3670 1789 3727 oratio
1820 3671 1942 3726 haec
1955 3709 1973 3739 ,
2004 3684 2135 3744 quae
2160 3667 2448 3723 Divinatio

377 3756 736 3824 inscribitur.
761 3768 1046 3823 Divinatio
1074 3778 1268 3825 autem
1298 3781 1386 3825 est
1405 3765 1715 3844 judicium,
1743 3784 1863 3842 quo
1885 3763 2029 3835 duo,
2053 3762 2325 3843 pluresve
2343 3763 2447 3839 qui

375 3882 436 3918 se
454 3864 709 3940 proponi
731 3862 792 3919 in
812 3860 1160 3932 accusando,
1187 3863 1306 3921 sive
1333 3863 1408 3923 de
1429 3862 1679 3934 ambitu,
1708 3864 1826 3921 sive
1850 3860 1925 3918 de
1949 3858 2312 3937 repetundis,
2340 3878 2443 3917 sen

379 3955 454 4015 de
482 3959 690 4036 quovis
717 3959 833 4018 alio
860 3959 1101 4017 crimine
1123 3958 1381 4036 publico,
1405 3958 1633 4030 volunt,
1656 3958 1731 4017 de
1756 3959 2125 4017 accusatione
2150 3955 2261 4015 sibi
2286 3955 2449 4013 dese-

379 4054 558 4113 renda
611 4056 989 4115 contendunt.
1035 4061 1180 4116 Nam
1201 4100 1219 4131 ,
1263 4077 1442 4135 quum
1488 4056 1683 4113 omnia
1728 4054 1952 4133 judicia
2006 4054 2081 4113 de
2128 4049 2446 4132 praeteritis
