2984 4684
727 358 865 425 DE
912 357 1426 446 PRAETORE
1477 355 2240 426 PROVINCIAM.
2417 351 2552 451 5¹7

407 475 634 540 Graios
657 473 1196 542 honorificentius
1227 493 1324 542 est
1339 525 1357 560 ,
1377 501 1577 566 quam
1602 477 1779 566 apud
1806 481 2161 542 RomanoS.
2184 477 2351 542 Nam
2378 478 2561 568 apud

407 605 530 646 nos
559 595 794 647 'revera
815 632 834 659 ‚
890 585 1062 648 sicut
1095 601 1250 650 sunt
1272 632 1289 665 ,
1339 585 1720 649 mercenarii
1765 585 1991 649 scribae
2038 585 2555 649 existimantur».
2645 584 2649 588 ’

403 688 662 754 Cornel.
693 689 858 778 Nep.
899 691 967 754 in
1013 690 1206 754 Eum.
1243 689 1380 780 cap.
1414 715 1469 756 1.
1503 693 1580 756 In
1614 691 1743 755 hoc
1765 691 2041 779 Nepotis
2080 691 2227 755 loco
2262 691 2552 756 notanda

403 793 542 859 duo
599 812 1002 859 occurrunt:
1053 793 1122 859 1⁰
1146 796 1326 860 Graii
1377 797 1508 879 illi,
1560 796 1737 886 apud
1788 820 1955 885 quos
2010 796 2555 862 honorificentius

400 899 602 966 fuisse
652 902 744 966 ait
787 902 1146 966 scribarum
1197 925 1478 982 munuS,
1518 927 1717 991 quam
1766 902 1943 991 apud
1994 905 2358 986 Romanos,
2413 927 2547 968 non

400 1030 557 1071 sane
601 1010 872 1072 fuerunt
917 1009 1368 1074 Athenienses.
1436 1010 1784 1074 Declarant
1838 1010 2217 1098 scriptores,
2266 1032 2551 1097 quorum

399 1111 743 1178 adducunt
775 1115 1150 1178 testimonia
1180 1116 1352 1180 Sam.
1388 1116 1639 1180 Petitus
1678 1114 1761 1196 ad
1792 1117 1967 1204 leges
2003 1116 2200 1180 Attic.
2226 1137 2370 1204 pag.
2402 1115 2554 1203 257,

405 1217 568 1301 258,
621 1236 688 1284 et
723 1219 1076 1308 spanhem.
1121 1219 1204 1285 de
1255 1220 1579 1294 Numism.
1633 1221 1883 1286 dissert.
1925 1245 2001 1308 9,
2043 1244 2189 1310 pag.
2225 1224 2376 1309 704.
2422 1221 2551 1287 Sed

403 1325 662 1390 Graecos
707 1325 850 1390 illos
897 1326 1098 1390 fuisse
1133 1327 1468 1407 existimo,
1502 1328 1618 1415 qui
1652 1327 1721 1391 in
1757 1327 1905 1393 Asia
1940 1328 2198 1392 Minore
2244 1326 2325 1391 ad
2370 1350 2552 1392 oram

401 1432 596 1496 maris
621 1431 825 1522 AEgaei
855 1433 1270 1497 incolebant:
1333 1434 1577 1523 quippe
1610 1437 1828 1498 Actor.
1858 1434 2153 1522 Apostol.
2189 1434 2353 1497 XIX
2379 1481 2397 1514 ,
2438 1433 2551 1517 35,

401 1555 805 1602 memoratur
835 1539 1044 1603 scriba
1079 1538 1310 1604 sedans¹
1343 1540 1597 1624 turbas;
1642 1539 1827 1628 quod
1864 1538 2109 1604 indicio
2154 1555 2253 1602 est
2283 1561 2420 1602 non
2454 1541 2550 1603 le-

400 1665 547 1707 vem
601 1644 738 1724 ejus
790 1644 1240 1708 auctoritatem
1296 1644 1498 1709 fuisse
1556 1645 1733 1733 apud
1791 1643 2113 1734 populum
2165 1644 2545 1732 Ephesium.

403 1749 478 1811 2⁰
505 1749 944 1814 Mercenarios
975 1750 1216 1814 scribas
1249 1751 1476 1814 Romae
1503 1751 1731 1833 fuisse,
1760 1765 1957 1837 atque
1990 1749 2139 1816 ideo
2167 1772 2288 1838 pro
2311 1748 2548 1829 vilibus

398 1854 736 1919 habendos
791 1877 930 1918 esse
979 1856 1070 1919 ait
1105 1857 1357 1946 Nepos,
1403 1856 1587 1944 quod
1636 1855 2004 1921 mercedem
2052 1856 2421 1944 acciperent
2466 1855 2548 1919 de

397 1961 704 2048 publico;
737 1959 853 2025 sed
881 1984 1017 2025 non
1053 1959 1244 2026 video
1277 1984 1398 2025 cur
1426 1963 1682 2027 viliores
1720 1962 1808 2026 ob
1840 1960 1909 2025 id
1942 1959 2351 2026 existi-mandi
2386 1961 2547 2038 sint,

395 2087 593 2152 quam
641 2068 914 2148 majores
962 2066 1054 2130 illi
1099 2068 1595 2156 magistratuum
1633 2067 1991 2150 adjutores,
2039 2068 2547 2156 et=magistratus

335 2245 343 2256 ι
395 2171 521 2259 ipsi
546 2171 970 2261 provinciales
988 2221 1007 2257 ,
1049 2197 1337 2262 quorum
1368 2173 1438 2237 in
1472 2191 1811 2263 sumptum
1846 2174 2234 2262 erogabatur
2270 2174 2547 2262 pecunia

395 2275 480 2341 de
512 2278 799 2365 publice.
838 2279 986 2342 Sive
1021 2279 1198 2341 enim
1245 2279 1472 2342 scribae
1513 2280 1790 2367 pecunia
1830 2296 2211 2344 numeretur
2254 2279 2325 2342 in
2363 2302 2545 2343 sum-

393 2397 548 2471 ptus
582 2383 918 2471 proprios,
966 2383 1098 2445 sive
1131 2383 1436 2470 quaestori
1483 2384 1877 2448 attribuatur
1920 2386 1989 2447 in
2037 2401 2341 2473 sumptus
2376 2386 2539 2448 alte-

393 2492 553 2573 rius,
581 2505 741 2577 puta
769 2491 992 2580 legati,
1023 2490 1164 2553 leve
1191 2506 1290 2554 est
1313 2489 1663 2554 discrimen
1690 2514 1706 2555 τ
1743 2492 1993 2580 legatus
2019 2492 2201 2571 juxta
2228 2514 2302 2554 ac
2329 2493 2537 2555 scriba

393 2595 762 2661 mercedem
794 2618 1008 2684 operae
1029 2618 1162 2659 suae
1188 2593 1270 2657 de
1291 2594 1559 2683 publico
1585 2596 1875 2683 accipere
1909 2612 2185 2683 uterque
2223 2595 2539 2660 dicendus

389 2717 493 2766 est
511 2751 530 2785 ,
561 2702 668 2788 hic
704 2723 822 2790 per
852 2723 921 2765 se
942 2749 960 2782 ,
992 2699 1098 2764 ille
1125 2722 1244 2788 per
1275 2699 1498 2764 alium.
1522 2700 1675 2764 Non
1714 2701 1910 2789 igitur
1936 2698 2294 2764 admodum
2330 2703 2537 2790 gravis

395 2827 493 2876 est
523 2810 798 2900 Nepotis
831 2825 1058 2875 contra
1097 2807 1457 2872 scribarum
1491 2807 1874 2897 dignitatem
1912 2809 2281 2873 auctoritas,
2332 2809 2539 2900 Magis

395 2939 502 2982 me
527 2932 820 2981 moveret
851 2915 1102 2996 LiviuS,
1137 2912 1298 2976 dum
1320 2962 1338 2995 ,
1371 2913 1483 2977 lib.
1512 2914 1610 2977 IX
1629 2963 1647 2996 ,
1682 2937 1821 3002 cap.
1852 2914 1940 2991 46
1962 2962 1979 2995 ,
2015 2931 2233 2978 narrat
2252 2915 2371 2978 Cn.
2394 2915 2539 2978 Fla-

395 3023 576 3086 vium
599 3071 618 3104 ,
676 3021 926 3086 aedilem
981 3021 1262 3102 factum,
1329 3019 1743 3109 repudiatum
1798 3021 2027 3102 fuisse,
2087 3020 2268 3109 quod
2326 3022 2537 3086 scriba

395 3145 604 3210 esset3
666 3151 882 3217 neque
943 3150 1188 3192 nomen
1244 3125 1381 3206 ejus
1406 3141 1777 3225 ’acceptum
1832 3126 2031 3190 fuisse
2081 3128 2297 3215 prius,
2338 3149 2536 3214 quam

390 3235 669 3315 jurasset
717 3267 742 3290 «ι
757 3257 826 3298 se
863 3235 1178 3322 scriptum
1215 3255 1353 3298 non
1385 3233 1713 3297 facturum
1736 3257 1803 3315 »ς
1854 3233 1909 3296 si
1946 3255 2079 3298 non
2114 3232 2397 3297 viderem
2438 3255 2538 3296 se-

399 3357 624 3404 natum
662 3338 1110 3428 indignatione
1142 3339 1481 3421 exarsisse,
1522 3361 1655 3402 non
1697 3354 1825 3402 tam
1859 3336 2041 3426 quod
2076 3339 2333 3403 Flavius
2370 3355 2541 3404 esset

395 3462 578 3534 patre
608 3446 947 3528 libertino,
973 3446 1208 3510 humili
1241 3447 1505 3508 fortuna
1542 3435 1762 3526 ortus,
1798 3467 1996 3532 quam
2030 3444 2212 3532 quod
2243 3445 2535 3509 Flavium

397 3551 645 3616 dixerat
671 3551 921 3615 oedilem
951 3551 1228 3615 forensis
1261 3551 1486 3632 factio,
1536 3567 1603 3615 et
1633 3549 1813 3638 quod
1848 3551 1901 3614 is
1928 3551 2127 3616 fastos
2161 3552 2538 3639 promulga-

395 3673 596 3722 verat.
630 3657 800 3720 Plin.
834 3656 944 3720 lib.
985 3657 1314 3738 XXXIII,
1362 3679 1499 3744 cap.
1544 3656 1605 3720 6.
1658 3655 1829 3720 Illud
1872 3656 2257 3744 opinionem
2292 3679 2433 3720 eam
2472 3657 2539 3720 in

398 3787 528 3852 qua
573 3785 833 3845 sumus,
887 3761 1246 3835 scribarum
1287 3763 1605 3827 ordinem·
1637 3779 1702 3825 et
1730 3763 2085 3826 honestum
2123 3780 2189 3827 et
2218 3762 2539 3828 honorifi-

399 3893 550 3934 cum
606 3870 839 3951 fuisse,
895 3883 1202 3956 praeterea
1237 3868 1619 3949 confirmat,
1670 3867 1853 3955 quod
1908 3867 2123 3933 aditus
2174 3869 2401 3940 scribis
2454 3868 2539 3933 ad

399 3978 674 4058 majores
717 3976 998 4040 honores
1034 3997 1168 4038 non
1205 3975 1402 4039 fuerit
1437 3974 1868 4054 interclusus3
1902 3960 2235 4057 Cicereii,'
2260 3975 2376 4062 qui
2412 3973 2545 4038 Sci-

397 4083 610 4170 pionis
639 4081 924 4148 Africani
953 4081 1216 4162 majoris
1267 4082 1476 4147 scriba
1522 4081 1768 4162 fuerat,
1816 4082 2186 4170 exemplum
2220 4078 2541 4162 ostendit,
