2984 4684
549 357 676 430 132
1181 359 1277 426 Μ.
1329 359 1406 424 Τ.
1460 357 2016 427 CICERONIS

540 483 728 552 illius
758 478 992 551 filium
1019 477 1266 550 studes
1297 478 1641 576 perdere;
1669 502 1915 548 nonne
1947 475 2305 566 ostendiS‚
2339 475 2415 548 id
2442 492 2515 549 te
2544 503 2663 550 ve-

533 595 704 680 reri,
733 589 936 688 quod
963 605 1222 688 praeter
1250 604 1525 661 ceteros
1557 604 1638 659 tu
1671 603 1992 659 metuere
2026 611 2176 657 non
2202 586 2464 659 debeas
2483 585 2540 677 ³,
2567 615 2661 660 ne

457 775 466 783 ‚
529 702 828 800 quando
852 701 1097 772 liberis
1121 702 1691 799 proscriptorum
1718 699 1917 770 bona
1941 701 2171 796 patria
2202 696 2657 770 reddantur&

527 815 726 884 Facis
747 813 1087 909 injuriam
1103 865 1122 900 ‚
1147 809 1723 907 Chrysogoneffli
1754 809 2099 904 majorem
2128 832 2331 906 spem
2355 813 2661 908 emptio-

528 927 640 994 nis
664 939 803 994 tuae
826 925 903 992 in
923 920 1142 1019 hujus
1169 916 1421 990 exiti0⁵
1451 921 1693 1017 poniS‚
1720 943 1941 1016 quam
1963 921 2041 988 in
2072 917 2187 989 his
2214 918 2658 1016 rebus,·quas

525 1039 601 1106 L.
631 1034 821 1105 Sulla
856 1035 1091 1130 gessit.
1133 1030 1352 1122 Quod
1384 1032 1444 1100 si
1481 1027 1615 1100 tibi
1650 1053 1864 1101 causa
1888 1029 2089 1100 nulla
2114 1043 2259 1116 est,
2290 1054 2422 1100 cur
2454 1029 2657 1100 hunc

526 1147 870 1216 miserum
895 1155 1093 1213 tanta
1105 1141 1511 1211 calamitate
1532 1137 1725 1210 affici
1745 1140 1921 1210 velis
1940 1166 1961 1227 ;
1993 1141 2052 1210 si
2071 1137 2203 1209 tibi
2228 1143 2475 1218 omnia
2502 1164 2657 1226 sua,

525 1269 780 1352 praeter
822 1257 1175 1339 animam,
1219 1249 1556 1337 tradidit,
1604 1274 1741 1321 nec
1791 1248 1929 1321 sibi
1968 1248 2377 1346 quidquam
2415 1237 2655 1348 pater-

519 1389 700 1435 num
720 1360 778 1451 ⁶,
823 1387 916 1434 ne
944 1362 1402 1431 monumenti
1441 1358 1743 1456 quidem
1772 1383 1985 1430 causa
2007 1414 2026 1447 ‚
2059 1363 2445 1430 reservavit
2474 1387 2491 1429 :
2524 1385 2658 1460 per

518 1473 695 1545 deos
739 1469 1217 1556 immortales,
1263 1492 1426 1566 quae
1459 1471 1597 1538 ista
1636 1481 1835 1538 tanta
1884 1466 2269 1538 crudelitas
2316 1470 2461 1539 est?
2492 1494 2658 1567 quae

517 1599 662 1655 tam
690 1581 838 1654 fera
855 1582 1337 1676 immanisque
1361 1577 1662 1648 natura?
1679 1581 1843 1675 quis
1871 1601 2220 1675 umquam
2242 1577 2487 1676 praedo
2516 1578 2659 1650 fuit

519 1708 664 1764 tam
697 1688 1056 1762 nefarius?
1079 1691 1244 1784 quis
1270 1689 1502 1785 pirata
1538 1703 1684 1759 tam
1710 1686 2064 1759 barbarus
2086 1741 2105 1775 ,
2138 1702 2220 1758 ut
2236 1741 2257 1776 ‚
2284 1713 2515 1785 quum
2544 1693 2657 1760 in-

515 1817 788 1897 tegram
821 1797 1134 1898 praedam
1170 1799 1324 1867 sine
1360 1800 1713 1894 sanguine
1740 1795 2009 1869 habere
2042 1812 2321 1895 posset,
2352 1817 2657 1872 cruenta
2736 1897 2743 1902 ὁ

513 1911 744 2007 spolia
769 1907 1146 1978 detrahere
1173 1906 1459 1977 mallet?
1493 1911 1645 1978 Scis
1677 1906 1877 1978 hunc
1915 1907 2101 1978 nihil
2129 1907 2433 1998 habere,
2469 1912 2655 1982 nihil

511 2021 779 2093 audere
799 2073 818 2106 ‚
863 2018 1042 2090 nihil
1076 2042 1287 2116 posse
1309 2072 1329 2106 ,
1373 2017 1554 2089 nihil
1584 2044 1935 2117 umquam
1973 2034 2228 2092 contra
2266 2045 2417 2092 rem
2452 2037 2655 2094 tuam

512 2135 896 2228 cogitasse:
927 2144 1001 2199 et
1029 2143 1268 2199 tamen
1311 2152 1693 2227 oppugnas
1726 2153 1895 2200 eum
1918 2184 1937 2217 ‚
1972 2154 2195 2227 quem
2224 2155 2464 2229 neque
2500 2159 2655 2205 me-

515 2259 719 2313 tuere
785 2255 995 2340 potes
1017 2294 1036 2327 ,
1114 2264 1354 2337 neque
1415 2239 1659 2312 odisse
1718 2237 1977 2328 debes,
2032 2264 2169 2312 nec
2244 2241 2651 2340 quidquam

516 2351 782 2423 habere
819 2351 967 2449 jam
1015 2349 1272 2446 reliqui
1313 2347 1553 2437 videS,
1607 2349 1811 2447 quod
1854 2351 1921 2421 ei
1958 2349 2335 2422 detrahere
2372 2358 2649 2450 possis:

515 2466 652 2534 nisi
686 2461 829 2533 hoc
860 2460 1244 2557 indignum
1276 2475 1527 2558 putas,
1554 2459 1757 2558 quod
1788 2463 2130 2532 vestitum
2159 2461 2411 2534 sedere
2435 2467 2513 2534 in
2536 2467 2655 2562 ju-

509 2572 701 2645 dicio
729 2570 955 2659 videS‚
983 2594 1204 2667 quem
1233 2585 1314 2640 tu
1342 2595 1382 2641 e
1408 2573 1877 2668 patrimoni0‚
1902 2585 2273 2667 tamquam
2301 2597 2341 2642 e
2366 2573 2653 2645 naufra-

517 2688 668 2782 gio,
700 2682 985 2755 nudum
1025 2669 1385 2781 expulisti.
1417 2683 1643 2770 Quasi
1677 2704 1848 2751 vero
1890 2683 2202 2768 nesciaS‚
2236 2681 2437 2754 hunc
2460 2699 2534 2754 et
2554 2685 2653 2756 ali

514 2811 589 2866 et
629 2797 873 2865 vestiri
927 2818 970 2864 a
1009 2793 1326 2880 Camilia,
1373 2793 1713 2864 Balearici
1774 2791 1921 2863 filia
1940 2847 1960 2881 ‚
2014 2795 2317 2891 Nepotis
2342 2806 2612 2868 'sorore
2631 2852 2651 2882 ‚

513 2906 1028 3002 spectatissima
1072 2901 1340 2974 femina
1388 2929 1403 2971 ε
1461 2928 1624 3000 quae
1658 2957 1678 2991 ‚
1729 2928 1961 3000 quum
2010 2918 2291 3000 patrem
2342 2905 2651 2977 clarissi-

519 3039 719 3086 mum
735 3027 788 3104 7,
847 3013 1328 3112 amplissimos
1377 3029 1675 3110 patruos
1699 3068 1718 3103 ,
1766 3018 2305 3086 ornatissimum
2354 3014 2653 3090 fratmm

587 3209 636 3256 3.
665 3209 775 3255 Non
793 3207 985 3256 debeas.
1005 3207 1169 3270 Quum
1193 3218 1382 3256 tantum
1401 3209 1537 3274 apud
1625 3213 1811 3260 etiamsi
1830 3212 1944 3261 Sex.
1962 3211 2131 3260 Roucii
2152 3210 2310 3261 filium
2334 3213 2651 3266 interfeceris.

509 3289 698 3336 Sullam
717 3287 866 3352 gratia
889 3287 1322 3352 valens,quantnm
1340 3289 1394 3336 in
1418 3290 1537 3338 civi·
1696 3291 1746 3338 6.
1785 3290 2066 3355 Quidquam
2092 3303 2375 3356 paternum.
2415 3296 2462 3342 1.
2508 3313 2551 3344 e.
2586 3311 2650 3342 ne

515 3379 612 3416 tate
635 3382 780 3415 nemo
805 3367 944 3414 alins.
1627 3381 1815 3418 tentum
1854 3370 2053 3434 quidem
2086 3374 2280 3435 paterni
2318 3375 2448 3437 agri,
2490 3391 2651 3438 qnan-

585 3455 636 3503 4.
661 3445 961 3494 Reddatur.
981 3447 1106 3510 Qnre
1129 3463 1194 3495 ne
1217 3445 1539 3496 redderentur
1624 3463 1732 3499 mm
1748 3449 1976 3499 adeundo
1998 3453 2149 3516 petris
2168 3451 2395 3516 sepulcro
2415 3455 2531 3502 nti·
2550 3465 2648 3502 est:

513 3527 704 3575 Valeria
727 3525 834 3590 lege
847 3537 1046 3575 cautum
1064 3538 1185 3576 erat.
1626 3531 1703 3578 vel
1720 3529 1905 3594 potius,
1918 3529 2055 3595 quod
2068 3531 2185 3578 satis
2201 3531 2267 3578 sit
2282 3541 2341 3580 ut
2360 3548 2473 3579 omn
2491 3543 2650 3596 peter·

567 3607 615 3654 5.
643 3607 703 3652 In
729 3604 872 3669 hujus
898 3605 1070 3655 exitio.
1105 3607 1293 3666 Iniuste
1327 3607 1470 3666 fineis,
1496 3607 1537 3655 ei
1626 3611 1703 3657 nis
1722 3609 1965 3658 cineribus
1984 3625 2101 3658 suo·
2118 3609 2238 3657 olim
2254 3611 2469 3660 misceat.

515 3700 649 3748 spem
694 3695 838 3732 certae
891 3685 1218 3749 possessionis
1271 3687 1537 3736 Rosciam·
1702 3707 1748 3751 7.
1774 3689 2121 3738 Clarissimum.
2144 3689 2353 3739 Caecilia
2372 3691 2532 3754 gentis
2557 3691 2650 3742 ele·

511 3779 622 3810 rum
643 3761 917 3819 bonorum,
942 3779 1052 3827 qua
1079 3764 1265 3824 emisti,
1293 3768 1346 3813 in
1371 3777 1537 3831 erepta
1624 3768 1792 3818 titudo
1840 3779 2039 3818 notatur
2090 3785 2153 3818 ex
2196 3785 2287 3828 eo,
2338 3769 2479 3834 qnod
2521 3771 2649 3819 intra

511 3844 680 3905 potius
707 3841 834 3889 huie
849 3843 949 3890 vita
973 3844 1145 3908 ponis,
1179 3861 1326 3909 qnam
1353 3845 1408 3894 in
1432 3846 1539 3910 lege
1625 3847 1801 3912 viginti
1848 3859 2062 3912 quatuor
2106 3865 2261 3900 annon
2306 3849 2533 3899 consules
2566 3861 2653 3898 ant

516 3919 733 3976 Valeria,
767 3937 866 3984 qna
902 3923 1066 3971 omnin
1101 3925 1250 3974 Suuae
1283 3936 1390 3973 acta
1429 3936 1533 3975 rata
1622 3944 1847 3978 censores
1878 3929 2013 3977 fuere
2032 3930 2225 3978 Metelli
2240 3967 2253 3990 ‚
2271 3941 2357 3980 aut
2382 3929 2653 3995 triumph·-

514 4015 618 4047 esse
668 3997 916 4060 jubentur.
979 4003 1047 4048 En
1099 4005 1230 4052 enim
1290 4004 1535 4067 siquando
1624 4011 1763 4065 runt,
1802 4008 2013 4073 amplius
2048 4011 2345 4074 quindecim.
2384 4011 2511 4060 Plin.
2525 4013 2623 4060 vu
2636 4045 2653 4070 ‚

510 4074 828 4142 abrogabit'ur
845 4111 861 4138 ,
921 4080 1114 4129 excidet
1179 4082 1270 4131 tibi
1329 4085 1497 4149 rapine
1520 4117 1535 4144 ,
1626 4088 1709 4144 45.
1729 4088 1856 4136 Vell.
1876 4090 1981 4138 Pet.
2000 4091 2076 4151 11,
2102 4105 2180 4137 11.
2216 4128 2223 4138 .
