2984 4684
543 343 675 388 110
1161 319 1276 386 M.
1325 319 1400 384 Τ.
1456 317 2014 388 CICERONIS

529 437 832 511 modum
871 463 1026 510 esse
1056 437 1373 509 hominis
1405 437 1819 525 occidendi,
1864 463 2015 536 quo
2047 439 2167 509 ille
2206 463 2357 511 non
2384 442 2665 540 aliquot

529 550 915 636 occiderit;
957 549 1226 620 multos
1258 546 1452 619 ferro
1474 601 1494 636 ‚
1528 549 1795 618 multos
1828 572 2134 620 veneno,
2168 549 2417 621 Habeo
2444 553 2661 622 etiam

531 659 771 730 dicere
789 713 810 744 ‚
863 682 1089 755 quem
1114 713 1134 745 ‚
1184 672 1440 729 contra
1500 681 1777 728 morem
1825 659 2181 754 majorum
2206 713 2226 748 ‚
2302 663 2661 732 minorem

527 773 740 841 annis
771 767 914 857 αὖ,
953 769 1044 840 de
1073 784 1299 867 ponte
1327 772 1402 840 in
1435 768 1753 840 Tiberim
1786 767 2374 865 dejecerit.Quae‚
2400 775 2457 841 si
2490 795 2662 869 pro-

529 879 744 953 dierit
765 891 817 970 ⁷,
847 894 1066 978 atque
1097 878 1278 951 adeo
1311 905 1544 977 quum
1573 877 1927 978 prodierit
1966 879 2158 977 (scio
2192 883 2382 951 enim
2412 879 2660 979 prodi·

527 1004 775 1061 turum
807 992 1046 1084 esse),
1071 988 1338 1061 audiet.
1379 993 1639 1062 Veniat
1668 988 1928 1080 mod03
1958 991 2269 1088 explicet
2300 1017 2513 1062 suum
2541 1015 2664 1060 vo-

525 1101 776 1172 lumen
793 1096 822 1144 ⁸
841 1099 1025 1171 illud
1043 1154 1062 1188 ‚
1085 1099 1287 1197 quod
1312 1103 1378 1170 ei
1403 1101 1704 1198 planum
1736 1098 1970 1172 facere
1992 1125 2289 1199 possum
2317 1103 2662 1172 Erucium

527 1212 1076 1309 conscripsisse:
1099 1207 1301 1307 quod
1323 1213 1533 1281 aiunt
1557 1210 1761 1281 illum
1790 1214 1949 1282 Sex.
1975 1215 2235 1283 Roscio
2250 1215 2663 1298 intentasse,

527 1335 602 1392 et
642 1323 1057 1392 minitatum
1086 1345 1276 1408 esse,
1329 1345 1404 1392 se
1445 1323 1691 1391 omnia
1721 1321 1843 1392 illa
1884 1344 2022 1419 pro
2058 1324 2476 1392 testimonio
2510 1347 2662 1393 esse

525 1430 915 1504 dicturum.
944 1437 1008 1502 Ο
1038 1431 1459 1529 praeclarum
1499 1444 1792 1519 testem,
1813 1427 2131 1527 judices!
2165 1456 2214 1502 o
2246 1435 2659 1528 gravitatem

523 1541 819 1638 dignam
845 1541 1415 1638 exspectatione!
1447 1565 1497 1611 o
1527 1545 1745 1611 vitam
1774 1539 2154 1612 honestam
2173 1595 2193 1630 ,
2228 1555 2448 1638 atque
2478 1542 2665 1637 eju‘s-

523 1651 752 1740 modi,
765 1666 850 1722 ut
863 1650 1258 1722 libentibus
1272 1654 1531 1723 animis
1544 1649 1636 1721 ad
1656 1651 1811 1746 ejus
1831 1654 2329 1722 testimonium
2342 1664 2663 1722 vestrum

521 1758 1035 1857 jusjurandum
1062 1759 1652 1832 accommodetis!
1685 1759 2021 1833 Profecto
2048 1786 2199 1832 non
2222 1777 2369 1833 tam
2390 1765 2666 1859 perspi·

527 1895 662 1942 cue
694 1874 998 1940 istorum
1024 1867 1374 1941 maleficia
1397 1867 1833 1958 videremus,
1866 1873 2004 1941 nisi
2035 1874 2230 1971 ipsos
2255 1894 2478 1942 caecos
2506 1868 2667 1940 red-

528 1978 736 2051 deret
761 1978 1117 2077 cupiditas
1134 2033 1153 2068 ‚
1181 1992 1254 2050 et
1283 1983 1612 2069 avaritia,
1642 1994 1718 2051 et
1745 1979 2063 2051 audacia.

627 2093 950 2161 XXXVI.
1018 2089 1217 2160 Alter
1244 2099 1266 2132 ¹
1309 2113 1401 2159 ex
1451 2093 1607 2187 ipsa
1662 2089 1853 2160 caede
1902 2090 2269 2162 volucrem
2318 2089 2665 2161 nuntium

524 2203 886 2276 Ameriam
926 2196 1021 2269 ad
1051 2201 1331 2270 socium
1355 2213 1577 2297 atque
1608 2199 1701 2270 ad
1740 2203 2158 2297 magistrum
2190 2224 2405 2270 suum
2435 2201 2662 2268 misit:

528 2307 650 2400 ut,
689 2315 747 2382 si
790 2309 1240 2381 dissimulare
1271 2335 1528 2382 omnes
1559 2326 1911 2409 cuperent
1943 2337 2020 2382 se
2046 2313 2265 2398 scire,
2304 2309 2398 2382 ad
2442 2333 2665 2406 quem

525 2421 960 2494 maleficium
981 2424 1398 2519 pertineret,
1415 2436 1655 2492 tamen
1672 2425 1824 2520 ipse
1840 2437 2174 2521 apertum
2194 2444 2407 2491 suum
2430 2421 2667 2492 scelus

526 2547 696 2605 ante
727 2536 1061 2603 omnium
1086 2532 1336 2603 oculos
1362 2546 1688 2630 poneret.
1710 2533 1982 2621 Alter²,
1999 2533 2057 2602 si
2086 2528 2224 2602 diis
2242 2525 2271 2573 ³
2297 2534 2667 2601 immorta-

525 2643 716 2715 libus
741 2643 1001 2743 placet,
1015 2645 1511 2726 testimonium
1536 2645 1753 2714 etiam
1780 2647 1856 2714 in
1882 2645 2043 2714 Sex.
2062 2644 2407 2713 Roscium
2432 2640 2668 2712 dictu-

525 2779 654 2826 rus
691 2765 841 2824 est:
875 2755 1080 2850 quasi
1115 2777 1290 2824 vero
1327 2751 1404 2823 id
1453 2777 1655 2824 nunc
1697 2769 1983 2850 agatur,
2022 2767 2272 2822 utrum
2294 2805 2315 2840 ‚
2364 2755 2427 2822 is
2462 2749 2668 2848 quod

523 2937 652 2984 hane
669 2938 846 2984 Romae
870 2951 962 3000 per
994 2936 1184 2985 socium
1211 2947 1263 2985 et
1297 2937 1550 2986 alumnum
1636 2953 1780 2999 rum,
1802 2939 1843 2989 1.
1877 2955 1921 2987 e.
1957 2939 2169 2999 nefarie,
2212 2950 2262 2988 et
2298 2949 2469 2988 contra
2510 2939 2582 2987 saa
2616 2947 2667 2987 et

525 3017 584 3064 Τ.
599 3013 834 3064 Roscium
855 3015 1094 3079 Magnum
1117 3018 1406 3080 neportavit.
1591 3065 1601 3072 ,
1631 3018 1758 3078 iura.

597 3095 648 3143 6.
687 3093 925 3142 Minorem
951 3093 1093 3142 anne&
1118 3095 1225 3143 LX.
1249 3095 1351 3156 Qui
1375 3095 1552 3144 suffra-
1712 3115 1760 3160 7.
1811 3098 1865 3146 Si
1891 3097 2151 3164 prodivit.
2206 3098 2259 3148 Si
2302 3097 2365 3146 ad
2404 3095 2667 3146 dioendum

523 3175 660 3242 giam
685 3184 825 3221 etant
843 3170 1048 3231 dicturi,
1073 3181 1256 3235 septam
1275 3173 1521 3236 quoddam
1534 3210 1548 3234 ,
1636 3177 1860 3241 prodeat.

523 3255 576 3302 in
597 3267 772 3318 eampo
789 3251 973 3300 Martio
995 3249 1220 3299 eaucellia
1246 3252 1551 3312 conclusum,

521 3333 792 3391 intrabant,
825 3341 959 3380 tram
985 3329 1200 3394 ligneum
1226 3341 1457 3394 pontem,
1485 3332 1551 3379 ad

525 3424 717 3477 tempus
736 3411 918 3459 factum
943 3421 994 3458 et
1017 3408 1204 3473 aliquot
1222 3409 1370 3474 peden
1395 3411 1549 3460 altum

522 3509 551 3540 a
570 3504 717 3555 terra„
734 3491 798 3542 de
813 3507 916 3556 quo
943 3491 1243 3554 sexagenarii
1263 3491 1550 3552 dejicieban-

521 3583 618 3620 tur.
655 3571 854 3620 Nemini
881 3571 1063 3636 quippe
1089 3580 1206 3636 post
1227 3582 1382 3618 anno·
1409 3587 1547 3620 sexa-

522 3651 662 3713 ginta
698 3661 816 3699 nato
863 3651 988 3699 ferre
1029 3649 1315 3714 suffragium
1349 3651 1546 3700 licebat.

521 3729 670 3776 Unde
689 3730 834 3776 etiam
861 3751 888 3772 ιι
905 3728 1174 3795 depontani
1195 3745 1334 3777 senes
1349 3751 1374 3770 ι·
1404 3745 1552 3778 voea-

523 3807 719 3856 bantur.
737 3808 768 3854 J
771 3818 942 3856 ocatur
955 3809 1074 3857 inde
1091 3809 1268 3857 Cicero
1281 3809 1468 3876 (nescio
1483 3825 1547 3857 an

521 3883 778 3950 frigidius)
797 3885 850 3933 in
869 3887 1178 3950 Capitonem,
1193 3888 1280 3952 qui
1312 3887 1375 3936 de
1394 3899 1549 3952 ponte

518 3981 632 4013 vere
649 3965 807 4012 civem
831 3965 884 4012 in
901 3965 1116 4014 Tiberim
1135 3967 1549 4031 precipiunt-at,

515 4061 574 4093 ac
609 4043 926 4102 demerserat,
957 4053 1128 4092 eontra
1169 4060 1352 4092 morem
1391 4047 1549 4106 majo·

1710 3257 1763 3306 ⁸.
1783 3257 1930 3304 Suum
1957 3255 2202 3306 volumen.
2226 3256 2433 3306 Emduu
2454 3256 2667 3304 dictave-

1635 3346 1713 3384 rat
1730 3335 1957 3401 Capitoni
1973 3336 2257 3400 verba,quae
2274 3351 2368 3400 pro
2380 3335 2665 3384 testimonio

1639 3412 1822 3463 diceret
1834 3449 1849 3473 ,
1867 3430 2019 3478 eaque
2036 3415 2212 3478 Capito
2232 3415 2283 3464 S.
2302 3415 2488 3462 Roscio
2512 3415 2664 3462 fuerat

1634 3493 1898 3544 minitatus.

1706 3573 1948 3620 xxxw.
1980 3587 2028 3620 ι.
2045 3572 2202 3620 Alter.
2226 3573 2289 3620 Τ.
2320 3573 2532 3620 Roscius
2556 3571 2664 3618 Ma—

1637 3667 1762 3716 gnus
1776 3685 1791 3710 ,
1834 3651 2009 3700 eodem
2054 3651 2287 3715 temporis
2328 3661 2519 3716 puncto
2562 3665 2665 3714 quo

1636 3730 1795 3780 cedes
1813 3743 1887 3780 est
1906 3741 2117 3795 peracta.

1708 3825 1759 3858 2.
1788 3810 1947 3858 Alter.
1976 3811 2034 3857 T.
2061 3809 2268 3858 Roscius
2294 3809 2489 3874 Capito.

1711 3889 1763 3938 3.
1792 3889 1847 3936 Si
1872 3887 1983 3937 diis.
2006 3892 2177 3936 Forma
2202 3887 2441 3952 loquendi
2464 3884 2528 3935 ad
2545 3884 2668 3932 indi-

1639 3967 1923 4031 gnationem
1956 3966 2245 4034 plerumque
2262 4001 2277 4028 ,
2312 3977 2369 4016 ut
2402 3967 2455 4016 h.
2483 3966 2520 4015 1.
2554 3981 2667 4029 per·

1640 4045 1813 4095 tineus.
