2984 4684
563 390 692 461 172
1191 369 1287 435 Μ.
1341 368 1418 435 Τ.
1473 367 2045 437 CICERONIS

553 488 906 559 universae
945 488 1308 559 societatis
1341 484 1595 559 fisisset
1614 542 1637 577 ‚
1669 488 2009 596 petissem
2046 484 2245 583 quod
2272 500 2431 559 tum
2456 498 2513 531 ¹¹
2560 512 2679 561 re-

545 596 838 669 dactum
876 611 1095 684 esset,
1135 596 1503 695 aequaliter
1541 620 1795 669 omnes
1828 598 2316 693 partirentur:
2364 610 2675 686 nuncu,

546 732 778 805 quum
827 708 1150 803 petierit,
1205 707 1407 806 quod
1467 733 1615 780 suae
1658 709 1880 806 partis
1934 720 2168 795 esset3
2220 732 2417 793 non,
2442 654 2680 805 quod

543 816 868 903 abstulit,
909 817 1042 889 soli
1078 815 1215 888 sibi
1255 821 1533 915 exegit?

639 934 897 1002 XVIII.
943 929 1142 1023 Quid
1182 932 1481 1002 interest
1508 933 1703 1002 inter·
1734 954 1943 1021 eum,
1980 934 2111 1028 qui
2140 954 2272 1028 per
2301 954 2377 1003 se
2417 930 2678 1029 litigat,

547 1053 622 1112 et
654 1043 780 1137 qui
827 1044 1162 1138 cognitor
1188 1055 1296 1113 est
1328 1040 1578 1112 datus?
1613 1042 1759 1132 Qui
1790 1064 1920 1138 per
1962 1065 2039 1112 se
2078 1041 2279 1113 litem
2314 1056 2676 1113 contesta-

546 1162 694 1237 tur,
728 1147 868 1220 sibi
907 1149 1042 1219 soli
1087 1154 1318 1248 petit:
1359 1150 1603 1221 alteri¹
1645 1175 1865 1223 nemo
1900 1164 2174 1248 potest,
2214 1155 2351 1222 nisi
2394 1154 2521 1248 qui
2558 1176 2677 1223 co-

542 1248 785 1357 gnitor
811 1274 917 1331 est
946 1257 1190 1330 factuS.
1231 1266 1434 1332 Itane
1463 1262 1685 1331 vero?
1713 1262 2049 1358 cognitor
2086 1262 2147 1331 si
2182 1258 2433 1333 fuisset
2468 1275 2679 1347 tuus,

543 1368 746 1468 quod
773 1373 1060 1443 vicisset
1080 1370 1376 1467 judicio,
1392 1368 1615 1443 ferres
1641 1381 1909 1442 tuum2.
1933 1374 2082 1441 Suo
2109 1373 2406 1443 nomine
2434 1373 2679 1470 petiit;

551 1479 754 1579 quod
811 1477 1142 1567 abstulit,
1188 1477 1398 1563 sibi-³,
1443 1506 1596 1552 non
1640 1480 1774 1552 tibi
1818 1482 2069 1579 exegit.
2114 1480 2331 1574 Quod
2378 1484 2439 1551 si
2480 1484 2677 1579 quis·

545 1616 768 1689 quam
810 1606 1058 1691 petere
1103 1606 1344 1690 potest
1391 1591 1635 1678 alteri,
1690 1596 1817 1690 qui
1856 1595 2191 1690 cognitor
2234 1617 2385 1662 non
2416 1606 2533 1663 ‚est
2570 1590 2679 1662 fa-

543 1716 1020 1800 ctus3quaero,
1039 1702 1216 1799 quid
1233 1703 1355 1791 ita,
1373 1727 1607 1801 quum
1625 1708 1996 1800 Panurgus
2022 1716 2209 1773 esset
2234 1700 2678 1789 interfectus»,

547 1827 622 1884 et
646 1813 732 1883 lis
761 1814 1200 1885 contestata‘*
1221 1838 1390 1884 cum
1415 1813 1658 1884 Flavio
1684 1811 1929 1883 damni
1954 1813 2219 1906 injuria
2244 1825 2454 1899 esset,
2484 1826 2569 1882 tu
2600 1815 2677 1883 in

541 1946 704 1993 eam
731 1922 933 1994 litem
961 1926 1294 2021 cognitor
1325 1926 1565 1995 Roscii
1585 1926 1681 1994 sis
1711 1921 1985 1994 factus?
2018 1948 2249 2025 quum
2280 1926 2675 2021 praesertim

541 2054 630 2103 ex
665 2047 790 2103 tua
821 2036 1176 2117 oratione,
1207 2032 1730 2131 quodcumque
1760 2032 1895 2103 tibi
1929 2046 2248 2131 petere3‚
2284 2032 2452 2103 huic
2480 2045 2677 2131 pete-

539 2167 693 2231 res;
730 2142 1249 2241 quodcumque
1281 2143 1414 2215 tibi
1445 2147 1767 2241 exigeres
1786 2198 1807 2231 ,
1840 2142 1913 2215 id
1952 2146 2030 2213 in
2054 2147 2469 2215 societatem
2498 2146 2680 2214 reci-

543 2250 767 2323 deret.
815 2252 1034 2343 Quod
1065 2258 1126 2324 si
1166 2254 1256 2325 ad
1308 2256 1649 2325 Roscium
1693 2253 1878 2323 n'ihil
1926 2256 2340 2352 perveniret
2360 2249 2415 2339 ⁵,
2468 2252 2679 2349 quod

542 2376 627 2432 tu
653 2388 694 2433 a
722 2361 961 2434 Flavio
994 2362 1442 2453 abstulisseS‚
1479 2368 1617 2435 nisi
1647 2378 1723 2439 te
1756 2366 1831 2434 in
1874 2389 2076 2434 suam
2120 2364 2321 2437 litem
2364 2361 2681 2435 dedisset

541 2475 1029 2569 cognitorem;
1059 2473 1152 2548 ad
1171 2488 1242 2545 te
1259 2477 1640 2573 pervenire
1668 2474 1850 2545 nihil
1880 2472 2121 2563 debet,
2139 2473 2343 2572 quod
2370 2477 2679 2545 Roscius

539 2606 678 2681 pro
706 2607 833 2655 sua
873 2599 1078 2683 parte
1107 2588 1341 2687 exegit
1362 2638 1382 2671 ,
1423 2588 1777 2683 quoniam
1805 2600 1977 2655 tuus
2011 2588 2347 2681 cognitor
2378 2608 2533 2655 non
2562 2599 2676 2655 est

541 2692 790 2766 factuS.
829 2692 1022 2785 Quid
1054 2697 1248 2767 enim
1273 2694 1445 2766 huic
1481 2698 1585 2765 rei
1614 2693 2054 2794 respondere
2080 2696 2381 2793 poteris,
2406 2694 2679 2765 Fanni?

541 2806 792 2895 Quum
852 2803 943 2875 de
988 2828 1117 2875 sua
1167 2822 1372 2904 parte
1423 2809 1725 2877 Roscius
1774 2809 2120 2903 transegit
2172 2830 2339 2877 cum
2392 2805 2677 2889 Flavio,

541 2916 899 2986 actionem
915 2912 947 2958 ⁶
979 2914 1111 2988 tibi
1138 2928 1336 2986 tuam
1359 2914 1657 3014 reliquit
1677 2969 1696 3004 ,
1721 2938 1811 2987 an
1840 2916 2037 2990 non?
2065 2918 2137 2987 Si
2166 2940 2318 2987 non
2343 2916 2637 3013 reliquit
2656 2970 2677 3004 ‚

543 3136 641 3185 qne
656 3119 812 3169 fuerat
825 3120 994 3169 Roscii
1020 3120 1146 3169 hanc
1171 3121 1224 3169 in
1245 3120 1380 3171 litem
1398 3122 1563 3185 cogni-⁸
1723 3138 1772 3169 2.
1798 3124 1967 3171 Fen-es
1985 3132 2138 3177 tuum.
2156 3121 2271 3171 'ribi
2294 3119 2531 3182 haberem
2560 3118 2679 3182 quin

541 3207 623 3249 tor
646 3198 857 3247 Fannius
883 3200 1068 3263 optime
1093 3213 1309 3250 noverat.
1647 3208 1736 3253 tuo
1762 3201 1991 3260 nomine,
2012 3200 2171 3250 factm
2194 3200 2421 3263 cognitor
2434 3199 2676 3263 petii-oet.

619 3296 700 3330 τι.
735 3276 1080 3339 coniecturam
1115 3280 1424 3345 Pantagathi,
1456 3302 1480 3324 ι
1504 3279 1559 3328 id
1718 3280 1767 3329 3.
1791 3282 1996 3329 Hotom.
2028 3278 2197 3329 lamb.
2228 3300 2251 3325 ι
2270 3278 2388 3337 tibi,
2428 3294 2535 3327 non
2578 3276 2675 3325 sibi

543 3371 698 3425 quum
715 3380 741 3400 ι-
758 3393 774 3417 ,
812 3354 992 3407 schiitz
1031 3358 1234 3422 recepit.
1275 3358 1370 3407 Sed
1405 3358 1553 3407 lectio
1644 3358 1841 3421 exegit?
1865 3380 1892 3401 n
1922 3361 2064 3422 Quos
2096 3368 2375 3423 sequeretur
2402 3358 2555 3407 (ἐι-αι.
2578 3356 2677 3405 nini

456 3432 464 3437 ’
539 3438 646 3503 ipa
667 3436 816 3486 codd.
839 3438 934 3485 Ox.
952 3448 1179 3501 quatuor,
1200 3438 1374 3502 «qnod
1390 3454 1502 3489 cum
1511 3461 1555 3499 a,
1642 3454 1755 3487 enm
1782 3436 1900 3486 libri
1926 3448 2161 3487 vetarent.

536 3517 784 3583 vulgatam
799 3514 1084 3565 confirmat:
1107 3517 1271 3581 itaque
1293 3517 1418 3567 nihil
1441 3534 1552 3567 mu·
1718 3526 1765 3574 4.
1792 3518 2091 3569 contestata.
2116 3516 2245 3567 Vide
2269 3533 2409 3581 supr.
2440 3531 2557 3580 cap.
2587 3532 2610 3565 t
2624 3533 2670 3575 ι,

541 3598 759 3647 avimus.
776 3596 903 3646 LV.
920 3597 980 3645 1..
1642 3614 1695 3645 n.
1718 3606 1768 3653 ι.
1795 3624 1865 3635 -
1910 3597 2096 3645 Damni
2134 3594 2331 3660 injuria.
2366 3598 2455 3645 Est
2500 3594 2669 3645 damni

614 3690 696 3723 η.
735 3677 789 3726 P.
810 3675 1018 3725 Victorii
1053 3676 1205 3725 editio
1225 3708 1242 3737 ‚
1279 3675 1396 3725 item
1431 3675 1559 3723 anti-
1644 3676 1747 3725 dati
1771 3676 1971 3725 nomine
1994 3676 2189 3738 injuria.

537 3755 688 3819 quien
730 3756 888 3803 omnis
902 3789 918 3815 ,
951 3766 1004 3803 et
1039 3755 1194 3805 Palu.
1238 3756 1352 3805 cod.
1391 3777 1415 3799 ι
1437 3770 1557 3803 num
1717 3756 1766 3805 5.
1784 3755 1927 3805 Nihil
1938 3756 2231 3820 pervenit-ee.
2256 3756 2621 3819 Argumentum
2647 3770 2678 3802 a

537 3833 659 3897 quid
679 3834 892 3897 petierit,
917 3835 1052 3899 quod
1085 3850 1187 3883 me
1215 3833 1369 3899 portin
1402 3844 1553 3893 enen
1643 3836 1781 3898 ptri,
1800 3833 1937 3898 qnod
1974 3834 2105 3883 enim
2138 3834 2193 3883 in
2218 3849 2321 3883 nno
2352 3832 2490 3882 socio
2516 3832 2678 3891 valet,

540 3928 660 3961 num
677 3911 798 3974 quid
815 3928 968 3977 quum
983 3914 1201 3970 abstulit,
1221 3916 1484 3963 οἱα-ΙΝ.
1502 3914 1558 3961 L.
1646 3912 1805 3963 valeat
1826 3914 1879 3963 in
1906 3913 2081 3963 altem.

608 3992 796 4040 xvm.
820 4008 864 4041 ι.
901 3994 1076 4045 Alteri.
1107 3995 1201 4043 Pro
1225 3994 1380 4043 nltero
1407 4008 1555 4040 nemo
1720 3993 1774 4042 6.
1814 3993 2088 4043 Actionem.
2116 3992 2412 4042 Facultatum
2444 3989 2678 4054 tuijuria

537 4081 702 4136 petere
719 4080 896 4136 potent.
1653 4072 1994 4153 petoequendi.
