2984 4684
474 373 609 445 106
1110 377 1209 445 Μ.
1256 378 1333 443 Τ.
1388 377 1950 447 CICERONIS

464 502 815 595 stringere
834 507 895 541 ¹⁰
928 520 1522 597 unamquamque
1553 522 1746 587 rem,
1777 513 1862 569 ut
1881 522 2138 570 omnes
2165 498 2600 598 intelligant,

465 634 581 681 me
618 632 767 679 non
802 607 1049 679 studio
1068 618 1126 653 ¹¹
1162 632 1498 681 accusare
1521 661 1540 698 ,
1567 606 1696 679 sed
1732 604 1977 679 officio
2011 604 2420 679 defendere.
2589 602 2598 625 ¹

556 720 887 789 XXXIII.
938 716 1168 791 Video
1200 720 1446 815 igitur,
1480 741 1730 789 causas
1769 742 1922 789 esse
1951 718 2348 816 permultas
2367 772 2388 805 ,
2436 742 2602 815 quae

462 831 682 899 istum
709 828 1184 926 impellerent.
1203 828 1596 901 Videamus
1621 852 1847 917 nunc,
1869 852 2100 926 ecqua
2124 827 2424 901 facultas
2449 854 2604 899 sus-

466 935 784 1034 cipiendi
829 936 1165 1009 maleficii
1204 936 1445 1009 fuerit.
1472 938 1619 1012 Ubi
1641 941 1924 1011 occisus
1951 952 2062 1011 est
2079 942 2240 1011 Sex.
2257 940 2604 1011 Roscius?

467 1051 731 1118 Romae.
759 1047 1000 1139 Quid?
1034 1062 1149 1136 tu,
1174 1050 1423 1136 Rosci,
1443 1047 1576 1120 ubi
1601 1063 1778 1120 tunc
1805 1047 2010 1121 eras?
2033 1053 2303 1122 Romae.
2329 1054 2604 1121 Verum

459 1156 641 1254 quid
666 1157 761 1228 ad
788 1160 981 1229 rem?
1004 1173 1076 1229 et
1096 1160 1217 1229 alii
1248 1161 1457 1231 multi
1474 1172 1522 1231 ¹.
1549 1163 1775 1252 Quasi
1805 1160 2109 1232 nuncid
2139 1176 2417 1258 agatur,
2437 1162 2606 1256 quis

468 1293 554 1338 ex
589 1282 787 1340 tanta
824 1268 1292 1341 multitudine
1332 1270 1718 1360 occiderit,
1747 1294 1833 1344 ac
1869 1295 2021 1342 non
2049 1270 2192 1343 hoc
2218 1284 2609 1368 quaeratur,

470 1402 641 1448 eum
668 1433 687 1467 ,
717 1382 848 1476 qui
876 1386 1121 1451 Romae
1152 1384 1244 1451 sit
1274 1384 1558 1453 occisus
1577 1436 1598 1469 ‚
1631 1396 1884 1453 utrum
1908 1381 2370 1452 verisimilius
2397 1382 2490 1449 sit
2513 1377 2608 1448 ab

471 1512 561 1559 eo
582 1514 739 1561 esse
764 1494 1111 1579 occisum,
1128 1495 1255 1588 qui
1278 1491 1610 1563 assiduus
1631 1516 1722 1563 eo
1746 1506 2076 1590 tempore
2101 1496 2348 1561 Romae
2369 1487 2612 1573 fuerit,

471 1623 566 1670 an
619 1598 713 1671 ab
760 1624 887 1690 eo,
917 1604 1047 1697 qui
1090 1602 1337 1673 multis
1372 1605 1585 1675 annis
1625 1606 1930 1674 Romam
1961 1602 2270 1672 omnino
2303 1622 2454 1671 non
2487 1620 2608 1668 ac·

478 1714 795 1783 cesserit.

574 1824 726 1916 Age
748 1873 769 1907 ,
794 1844 996 1891 nunc
1023 1836 1293 1893 ceteras
1320 1819 1692 1893 facultates
1719 1844 2020 1919 quoque
2047 1817 2612 1891 consideremus

478 1932 652 1999 Erat
673 1944 830 2000 tum
861 1929 1253 2002 multitudo
1280 1933 1703 2002 sicariorum
1721 1986 1742 2019 ‚
1767 1929 1845 2001 id
1866 1928 2072 2028 quod
2101 1950 2622 2001 commemora-

483 2042 589 2110 vit
612 2044 955 2129 EruciuS,
991 2056 1065 2113 et
1096 2040 1430 2115 homines
1458 2045 1762 2141 impune
1805 2040 2347 2113 occidebantur.
2382 2035 2624 2130 Quid?

484 2174 570 2221 ea
600 2150 995 2222 multitudo
1029 2176 1193 2249 quae
1224 2156 1419 2225 erat?
1445 2156 1735 2252 opinor,
1759 2167 1887 2225 aut
1913 2176 2204 2240 eorum,
2229 2152 2359 2248 qui
2393 2152 2470 2218 in
2492 2146 2630 2218 ho-

487 2264 646 2333 nis²
678 2277 885 2334 erant
914 2266 1249 2362 occupati
1271 2290 1292 2353 3
1316 2278 1445 2335 aut
1470 2288 1765 2352 eorum,
1790 2266 1919 2362 qui
1951 2260 2045 2333 ab
2077 2261 2234 2332 aliis
2265 2256 2630 2331 conduce-

488 2370 785 2462 bantur,
824 2386 909 2443 ut
938 2374 1259 2471 aliquem
1286 2374 1724 2447 occiderent.
1757 2377 1828 2446 Si
1862 2398 1986 2445 eos
2017 2387 2254 2471 putas»,
2289 2372 2422 2467 qui
2452 2368 2627 2440 alie-

492 2508 673 2555 num
690 2485 1155 2584 appetebant,
1170 2500 1252 2556 tu
1270 2511 1346 2557 es
1364 2489 1440 2556 in
1460 2506 1549 2557 eo
1568 2488 2043 2582 numero,qui
2064 2497 2310 2553 nostra
2323 2481 2636 2578 pecunia

491 2590 695 2665 dives
722 2618 799 2666 es
828 2620 846 2665 t
876 2597 987 2666 sin
1022 2620 1146 2667 eos
1163 2650 1183 2683 ,
1204 2621 1393 2693 quos
1410 2645 1431 2684 ,
1452 2598 1583 2693 qui
1613 2595 1884 2666 leviore
1907 2598 2206 2667 nomine
2233 2590 2632 2690 appellant,

492 2702 1000 2801 percussores-³
1044 2719 1350 2795 vocant3
1384 2730 1666 2803 quaere,
1709 2709 1788 2775 in
1829 2706 2040 2801 cujus
2080 2702 2226 2775 fide
2249 2708 2280 2757 4
2333 2705 2480 2773 sint
2500 2753 2520 2789 ‚
2560 2712 2636 2770 et

491 2815 821 2887 clientela
850 2842 866 2886 ε
901 2816 1081 2888 mihi
1114 2815 1361 2904 crede,
1403 2815 1722 2912 aliquem
1762 2812 1852 2886 de
1881 2817 2222 2886 societate
2255 2826 2380 2882 tua
2424 2831 2632 2906 repe-

494 2928 654 2997 ries.
683 2930 799 3014 Et,
821 2925 1184 3026 quidquid
1207 2942 1289 2997 tu
1316 2941 1570 2998 contra
1593 2925 1884 3014 dixeris,
1908 2923 1984 2995 id
2012 2948 2181 2996 cum
2211 2919 2636 2993 defensione

498 3050 747 3107 nostra
778 3038 1244 3109 contendito:
1279 3040 1380 3109 ita
1411 3036 1750 3109 facillime
1775 3060 1990 3109 causa
2015 3040 2170 3107 Sex.
2194 3034 2436 3106 Roscii
2468 3050 2638 3102 cum

501 3160 627 3217 tua
653 3143 1091 3217 conferetur.

596 3260 811 3328 Dices
830 3282 847 3324 ε
876 3255 1075 3348 Quid
1096 3270 1349 3356 postea
1362 3253 1419 3345 ⁵,
1442 3260 1501 3345 si
1520 3262 1768 3329 Romae
1785 3252 2116 3327 assiduus
2134 3250 2242 3323 fui
2264 3252 2294 3321 P
2315 3252 2646 3347 Respon-

577 3424 660 3457 10.
680 3407 1029 3473 Perstringere.
1046 3409 1241 3457 Leviter
1258 3409 1530 3473 attingere,
1618 3408 1738 3457 bant
1757 3421 2069 3472 percussores
2093 3403 2158 3452 ad
2183 3401 2389 3461 caedem,
2425 3398 2648 3449 mercede

504 3498 563 3536 ut
585 3491 728 3537 Verr.
758 3489 847 3546 w,
877 3495 928 3545 4,
953 3504 1001 3549 7.
1620 3488 1892 3553 proposita.

580 3584 661 3618 11.
694 3568 887 3617 Studio.
924 3568 1041 3615 Non
1080 3564 1243 3615 dedit-
1278 3580 1457 3631 opern,
1484 3577 1534 3615 et
1695 3568 1743 3615 3.
1774 3570 2099 3615 Per-cassura.
2137 3564 2292 3619 Istos,
2323 3559 2430 3624 lege
2463 3570 2550 3605 sun
2585 3554 2652 3604 de

504 3662 611 3695 mea
629 3647 825 3705 indole3
843 3646 930 3695 ned
954 3646 1145 3695 ratione
1172 3644 1327 3695 officii
1353 3661 1411 3694 ae
1441 3644 1533 3694 de·
1621 3646 1824 3705 sicariis,
1839 3658 2000 3709 poenae
2013 3650 2258 3691 mmet-at
2275 3637 2426 3688 Sulla.
2443 3632 2651 3686 sueton.

506 3728 758 3777 tensionis.
1621 3728 1654 3775 J
1655 3726 1723 3774 ul.
1746 3740 1766 3772 1
1781 3740 1801 3772 1
1812 3761 1827 3774 .

576 3807 827 3855 xxxm.
848 3822 893 3854 t.
911 3809 983 3855 Ee
1008 3808 1101 3857 alii
1126 3808 1281 3857 multi.
1314 3805 1532 3857 Subaud.
1697 3813 1745 3861 4.
1783 3805 1844 3851 In
1871 3800 2012 3868 eujus
2022 3800 2153 3870 fide.
2179 3794 2492 3863 Chrysogoni
2521 3792 2659 3843 acili-

508 3897 631 3934 ωηο
666 3887 804 3934 erint
842 3886 1031 3935 Romae.
1062 3887 1385 3951 Dialogismus
1406 3886 1536 3932 inter
1624 3897 1719 3936 eet.
1738 3883 1868 3932 Vide
1891 3880 1980 3929 inf.
2004 3882 2087 3942 37.

508 3964 573 4014 T.
595 3965 831 4013 Roscium
852 3977 904 4014 et
928 3965 1229 4016 Ciceronem.
1697 3964 1749 4013 5.
1781 3960 1915 4027 Quid
1924 3964 2138 4025 postea?
2161 3954 2218 4007 Si
2242 3959 2414 4005 Rome
2435 3952 2663 4002 assiduus

584 4059 637 4091 a.
654 4046 713 4091 In
732 4044 887 4093 bonis.
912 4046 1201 4093 Occisomm
1226 4042 1532 4108 diripiendis.
1625 4042 1725 4107 fui,
1751 4042 1873 4107 quid
1893 4038 2010 4087 inde
2023 4038 2243 4102 sequitur
2256 4037 2280 4083 ἓ
2305 4050 2369 4081 an
2391 4032 2664 4083 concludes
2695 4096 2704 4109 .

512 4124 667 4173 Iidem
697 4124 751 4173 hi
782 4136 995 4175 sectores
1020 4126 1265 4174 bonorum
1295 4122 1538 4173 conduce-
1625 4123 1862 4173 Roscium
1895 4134 1922 4165 a
1948 4134 2026 4165 me
2051 4114 2363 4165 interfectum
2376 4116 2400 4162 ἰ)
