2984 4684
824 412 957 478 DE
1005 411 1451 480 JUDICIIS
1501 413 1981 480 PRIVATIS.
2331 409 2470 484 583

341 531 635 611 fuerunt,
668 530 905 611 literis,
942 532 1337 619 argumentis
1384 555 1464 596 ex
1509 534 1644 620 ipsa
1691 555 1794 610 re,
1845 531 1926 595 de
1976 553 2104 619 qua
2139 532 2468 620 agebatur,

340 633 741 722 depromptis
762 635 827 698 in
847 635 1093 724 agenda
1116 659 1307 700 causa
1330 637 1715 701 certabatur.
1739 637 1894 720 Ejus
1915 639 2008 701 rei
2031 636 2470 718 conficiendae,

338 763 411 804 ac
456 755 659 804 status
708 741 1145 832 excogitandi,
1185 739 1381 830 aique
1418 766 1500 808 eo
1534 744 1952 831 probationes
1985 765 2212 808 omnes
2246 745 2472 809 confe-

336 845 523 909 rendi
558 844 901 912 artificium
940 870 1019 911 ex
1056 847 1235 912 libris
1279 849 1594 912 Oratoriis
1617 897 1636 930 ,
1683 849 1903 912 multis
1946 850 2158 914 verbis
2195 849 2472 914 demon·

337 966 595 1015 stratur.
630 953 861 1040 Neque
907 955 1081 1018 enim
1128 956 1199 1016 in
1256 955 1391 1020 aliis
1450 954 1786 1043 praeceptis
1837 955 2089 1042 antiqui
2140 955 2470 1035 rhetores,

336 1073 467 1120 tam
510 1059 697 1146 graeci
746 1081 943 1146 quam
990 1059 1206 1140 latini,
1253 1061 1401 1146 plus
1450 1059 1690 1141 studii,
1751 1075 1864 1124 aut
1907 1083 2118 1148 operae
2163 1083 2473 1124 consum·
2561 1113 2584 1120 -

326 1179 628 1248 pserunt.

423 1270 629 1334 Causa
674 1251 1025 1358 utrimque·
1044 1287 1379 1358 perorata,
1438 1295 1556 1359 per
1607 1273 2072 1354 instrumenta,
2124 1287 2350 1354 testes,
2396 1295 2471 1335 ac

328 1372 783 1454 jusjurandum
822 1376 1356 1442 ministrabantur
1386 1377 1806 1465 probationes
1827 1425 1844 1458 ‚
1880 1395 1948 1442 et
1979 1393 2134 1441 ante
2169 1378 2320 1441 solis
2359 1399 2470 1441 oc-

334 1501 553 1547 casum
590 1483 908 1550 sententia
938 1482 1287 1548 ferebatur.
1316 1484 1550 1571 Neque
1587 1484 1760 1546 enim
1795 1505 1874 1546 ex
1899 1484 2028 1548 XII
2063 1481 2299 1547 tabulis
2326 1499 2478 1571 post

334 1585 485 1650 solis
518 1608 821 1652 occasum
860 1589 967 1668 jus
1010 1587 1172 1671 dici,
1219 1611 1433 1676 neque
1485 1611 1678 1654 causa
1723 1589 2030 1677 cognosci
2079 1603 2352 1676 poterat.
2403 1588 2472 1652 Si

337 1713 525 1755 causa
568 1691 771 1772 judici
811 1693 1140 1760 videretur
1190 1693 1403 1760 adhuc
1458 1695 1828 1776 obscurior,
1873 1695 2127 1774 jurabat
2164 1694 2287 1756 sibi
2337 1715 2474 1756 non

336 1795 615 1884 liquere3
646 1813 843 1884 atque
872 1797 1025 1862 inde
1056 1798 1141 1862 ad
1173 1815 1516 1888 praetorem
1538 1799 1952 1864 redeundum
1979 1815 2146 1878 erat,
2171 1798 2288 1885 qui
2317 1797 2473 1862 alte·

336 1926 484 1967 rum
511 1900 696 1968 daret
714 1902 1031 1986 judicem,
1062 1922 1129 1970 et
1154 1904 1440 1971 secunda
1466 1907 1636 1970 actio
1664 1903 2080 1972 instituenda.
2108 1902 2218 1968 Sin
2249 1920 2470 1967 autem

338 2007 673 2073 manifeste
702 2031 807 2074 res
844 2026 1117 2098 pateret,
1164 2012 1383 2074 statim
1415 2011 1804 2076 sententiam
1836 2007 2099 2074 ferebat.
2127 2009 2478 2074 Sententiae

336 2114 614 2180 ferendae
666 2139 799 2181 non
847 2140 989 2207 ‘una
1040 2118 1335 2182 omnium
1387 2115 1723 2199 judicum,
1779 2137 1992 2204 neque
2043 2116 2112 2180 in
2163 2115 2470 2178 omnibus

337 2222 541 2284 causis
582 2221 745 2286 ratio
792 2222 939 2286 fuit:
984 2221 1111 2286 Sed
1150 2222 1287 2286 hoec
1332 2222 1800 2311 pronuntiandi
1849 2221 2131 2287 formula
2175 2221 2469 2286 moribus

337 2342 477 2389 erat
522 2343 811 2415 recepta,
859 2343 935 2392 ut
978 2327 1302 2410 dicerent,
1346 2350 1481 2392 non
1516 2328 1812 2394 absolute
1855 2350 1993 2391 rem
2025 2327 2114 2392 ita
2145 2309 2320 2406 esse,
2353 2343 2470 2390 aut

338 2453 473 2495 non
519 2453 689 2511 esse,
738 2431 855 2496 sed
888 2455 1007 2520 per
1042 2430 1428 2496 modestiam
1461 2433 1584 2496 sibi
1614 2432 1818 2504 videri
1851 2449 1966 2494 aut
2012 2431 2130 2512 ita,
2181 2447 2295 2496 aut
2329 2454 2463 2495 non

337 2537 420 2600 ita
484 2559 643 2600 esse.
700 2536 909 2606 Semel
969 2538 1095 2600 lata
1153 2537 1469 2600 sententia
1490 2584 1510 2616 ‚
1561 2537 1818 2603 nullum
1867 2537 2000 2616 jam
2053 2551 2191 2598 erat
2229 2533 2468 2615 judicis

340 2663 614 2724 munus;
659 2665 803 2730 quae
847 2638 1215 2730 peragenda
1253 2641 1692 2728 sequebantur
1733 2639 1813 2704 ad
1873 2657 2080 2704 unum
2126 2655 2468 2728 praetorem

336 2747 767 2834 pertinebant.

954 2899 1051 2963 De
1083 2899 1491 2988 exsequenda
1522 2901 1849 2962 sententia.

422 3073 455 3138 J
460 3071 675 3138 udicio
707 3093 913 3138 causan
936 3073 1223 3162 perfecto
1241 3119 1261 3154 ,
1290 3071 1429 3161 lege
1450 3070 1580 3136 ΧΠ
1601 3069 1968 3134 tabularum
1991 3069 2343 3132 cavebatur
2368 3070 2468 3131 uti

334 3180 675 3246 damnatus
706 3177 869 3243 illud
900 3179 1075 3246 ultro
1112 3193 1608 3265 exsequeretur;
1641 3195 1827 3240 secus
1855 3189 2008 3261 post
2029 3172 2302 3260 trigiam
2327 3171 2466 3236 dies

339 3307 535 3372 quam
553 3283 791 3349 debere
798 3283 1119 3364 judicatus
1136 3284 1365 3366 fuerat,
1380 3303 1612 3347 manus
1627 3281 1687 3346 ei
1697 3279 2020 3367 apetitore
2037 3276 2469 3358 injiciebatur3

336 3392 523 3471 cujus
539 3391 810 3456 actionis
826 3405 1121 3455 tenorem
1135 3389 1315 3455 dedit
1332 3389 1564 3454 Gaius:
1587 3419 1614 3443 «ι
1631 3387 1828 3470 Qnon
1847 3408 1930 3449 ru
1953 3407 2110 3450 mm
2124 3405 2468 3448 mmm-rus

338 3519 477 3562 sm
506 3519 848 3562 numa-ms
874 3519 975 3578 ns,
1008 3518 1395 3560 susum-mu
1424 3519 1465 3559 x
1490 3517 1724 3558 mum
1751 3515 1892 3572 φη
1921 3513 2090 3557 nono
2129 3513 2306 3556 nano
2335 3511 2468 3553 non

338 3623 617 3666 sonus-n
634 3650 651 3684 ,
673 3625 755 3666 on
774 3625 911 3666 mu
931 3625 1066 3666 rum
1094 3623 1220 3666 mo
1236 3625 1369 3667 'run
1390 3621 1780 3665 sus-rnnuum
1805 3623 1846 3662 x
1865 3618 2148 3662 mmmm
2172 3616 2470 3660 sumen-1

340 3730 553 3773 uanus
574 3725 971 3790 1nstc1o»;et
991 3705 1183 3771 simul
1205 3689 1483 3794 aliquam
1515 3705 1807 3793 corporis
1831 3705 1967 3784 ejus
1999 3718 2243 3790 partem
2272 3723 2468 3789 pren·

339 3811 551 3876 debat.
586 3813 724 3876 Nec
747 3811 978 3876 licebat
1006 3809 1294 3890 judicato
1331 3833 1598 3875 manum
1637 3833 1674 3872 a
1697 3833 1764 3873 se
1799 3807 2120 3895 depellere
2149 3823 2215 3870 et
2245 3827 2360 3893 pro
2396 3827 2465 3868 se

339 3918 481 4006 lege
517 3939 741 4006 agere3
779 3916 893 3981 sed
922 3916 1245 3982 vindicem
1282 3915 1511 3997 dabat,
1558 3917 1671 4003 qui
1706 3936 1827 4003 pro
1869 3937 1938 3977 se
1975 3934 2234 3976 causam
2270 3933 2460 4000 agere

339 4025 601 4090 solebat.
648 4023 783 4105 Qui
828 4023 1149 4087 vindicem
1198 4044 1332 4085 non
1370 4021 1598 4102 dabat,
1647 4020 1918 4084 domum
1967 4017 2328 4084 ducebatur
2381 4016 2464 4078 ab

340 4148 554 4196 actore
574 4180 589 4207 ,
624 4146 688 4195 et
717 4129 1130 4194 vinciebatur.
1168 4130 1259 4192 Ea
1302 4128 1552 4192 ratione
1589 4127 1845 4194 debitor
1877 4126 2168 4191 addictus
2199 4139 2469 4213 propter
