2984 4684
566 367 707 455 462
1198 365 1295 436 M.
1346 367 1427 472 T,
1476 366 2062 452 CICERONIS

562 507 755 562 toves
790 491 949 586 ejus
994 487 1315 560 dicerent
1343 543 1365 574 ,
1406 513 1636 586 quum
1677 491 1902 584 magis
1941 485 2300 560 invidioso
2348 495 2694 578 erimine,

562 626 781 698 quam
823 625 995 672 vero
1030 613 1542 686 arcesseretur3
1577 601 1673 670 ita
1701 625 1742 670 a
1775 602 1908 668 Cn
1941 601 2288 696 Pompeio
2313 598 2697 676 absolutus

562 728 707 802 est,
742 728 847 784 ut
838 714 925 782 in
956 737 1043 782 eo
1083 713 1240 818 ipso
1262 707 1536 806 judicio
1563 711 1942 808 Pompeius
1977 709 2174 780 hunc
2205 708 2526 808 hospitio
2553 737 2696 786 suo

558 819 1054 916 dignissimum
1104 799 1514 891 statueritss?
1549 821 1646 890 ita
1681 843 1904 916 porro
1937 817 2270 892 laudatus
2305 819 2694 897 defensus·

560 954 705 1027 que
746 930 837 1002 ab
882 930 1223 1002 omuibus
1264 930 1568 1015 Siculis,
1613 945 1692 1002 ut
1733 929 1926 1002 idem
1963 933 2348 1029 Pompeius
2398 959 2552 1004 non
2591 935 2698 1006 ab

560 1039 857 1113 homine
902 1043 1175 1130 solum,
1216 1040 1341 1112 sed
1392 1044 1607 1112 etiam
1657 1065 1696 1112 a
1743 1045 2110 1138 provincia
2149 1057 2306 1114 tota
2347 1069 2424 1116 se
2466 1045 2700 1140 hujus

556 1149 1007 1223 absolutione
1067 1153 1247 1222 inire
1320 1153 1622 1248 gratiam
1672 1150 2195 1224 arbitraretur?
2265 1160 2739 1244 Postremo,

552 1275 755 1333 estne
806 1261 961 1350 hic,
1020 1265 1151 1360 qui
1206 1277 1279 1332 et
1331 1262 1652 1332 animum
1707 1263 1788 1334 iu
1844 1262 2362 1361 rempublicam
2427 1265 2701 1340 habuit

549 1370 943 1465 ejusmodi,
979 1387 1053 1442 et
1088 1386 1370 1443 tantum
1408 1373 1832 1444 auctoritate
1867 1373 2062 1471 apud
2105 1398 2278 1446 suos
2311 1379 2504 1448 cives
2547 1401 2696 1473 po-

550 1485 729 1572 tuit,
768 1499 851 1554 ut
886 1482 1263 1580 perficeret
1304 1485 1381 1552 in
1423 1482 1656 1553 Sicilia
1691 1481 1920 1570 solum,
1977 1497 2047 1554 te
2092 1499 2434 1581 praetore,
2481 1487 2694 1583 quod

548 1617 701 1664 non
746 1592 965 1666 modo
1004 1593 1285 1666 Siculus
1326 1617 1577 1679 neme,
1613 1590 1740 1664 sed
1779 1617 1872 1664 ne
1910 1593 2146 1664 Sicilia
2181 1592 2478 1690 quidem
2525 1609 2692 1667 tota

552 1707 901 1802 potuisset
934 1732 948 1774 ι
979 1721 1058 1776 ut
1095 1730 1182 1776 ex
1208 1702 1481 1802 oppido
1497 1702 1824 1776 Thermis
1855 1702 2134 1774 nullum
2161 1705 2446 1802 signum
2468 1757 2488 1788 ‚
2521 1704 2694 1774 nul-

546 1814 699 1884 lum
752 1829 1301 1900 ornamentum,
1344 1812 1528 1884 nihil
1582 1838 1670 1884 ex
1709 1837 1948 1900 sacro,
1997 1812 2179 1883 nihil
2231 1813 2320 1884 de
2383 1812 2690 1911 publico

550 1926 975 2022 attingeres;
1035 1949 1267 2021 quum
1324 1925 1716 2021 praesertim
1755 1936 1991 1996 essent
2037 1921 2262 1996 multa
2301 1923 2686 2019 praeclara,

548 2048 623 2106 et
666 2049 749 2104 tu
804 2039 1047 2104 omnia
1094 2032 1598 2130 concupisses?
1639 2035 1972 2129 Denique
2013 2057 2214 2103 nunc
2253 2031 2452 2116 vide,
2495 2035 2686 2130 quid

545 2147 739 2214 inter
768 2157 875 2229 te,
908 2143 1113 2238 cujus
1150 2145 1443 2214 nomine
1472 2140 1668 2240 apud
1707 2141 1982 2214 Siculos
2017 2139 2168 2214 dies
2205 2140 2368 2214 festi
2399 2145 2684 2238 agitau-

545 2269 688 2338 tur,
728 2269 804 2325 et
850 2253 1183 2351 praeclara
1230 2251 1351 2323 illa
1387 2255 1654 2324 Verrea
1699 2251 2179 2340 celebrantur,
2241 2255 2362 2326 cui
2421 2266 2678 2324 statuae

540 2367 785 2434 Romae
820 2377 1011 2434 stant
1044 2365 1417 2450 inauratae,
1450 2388 1494 2434 a
1529 2365 1897 2446 communi
1919 2373 1945 2418 7
1989 2361 2240 2434 Siciliae
2261 2416 2284 2447 ,
2319 2362 2676 2459 quemad-

542 2473 843 2545 modum
882 2475 1311 2572 inscriptum
1364 2471 1728 2558 videmuS,
1785 2470 2024 2544 datae:
2071 2470 2270 2557 vide,
2335 2475 2670 2568 inquam,

538 2583 719 2682 quid
768 2588 959 2656 inter
992 2599 1100 2673 te,
1145 2600 1220 2655 et
1255 2584 1452 2657 hunc
1493 2584 1860 2670 Siculum,
1899 2586 2028 2680 qui
2069 2581 2198 2656 abs
2233 2595 2308 2654 te
2351 2597 2499 2669 est,
2547 2608 2672 2680 pa-

538 2707 753 2765 trono
786 2694 1072 2783 Siciliae,
1114 2693 1682 2780 condemnatus»,
1728 2695 2037 2766 intersit
2090 2699 2306 2764 Hunc
2347 2695 2676 2766 civitates

537 2828 627 2874 ex
660 2804 897 2876 Sicilia
932 2804 1347 2904 permultae,
1374 2806 1788 2876 testimonio
1823 2827 2000 2889 su0,
2041 2801 2670 2901 legationibusque

538 2913 636 2984 ob
655 2908 687 2960 ⁸
717 2940 871 2986 eam
904 2941 1059 2986 rem
1088 2919 1356 3002 missis»,
1386 2914 1676 3013 publice
1707 2912 2004 2986 laudaut
2030 2941 2045 2982 :
2073 2928 2182 3002 te,
2205 2917 2532 2986 omnium
2565 2918 2672 2986 Si-

530 3024 861 3096 culorum
900 3041 1288 3122 patronum
1309 3080 1328 3112 ,
1361 3051 1508 3097 una
1533 3027 1960 3097 Mamertina
1989 3027 2268 3113 civitas„
2303 3029 2494 3096 socia
2515 3023 2669 3095 fur-

530 3149 775 3205 torum
810 3159 893 3206 ac
924 3135 1369 3234 flagitiorum·
1403 3151 1733 3224 tuorum,
1776 3133 2064 3233 publice
2095 3133 2382 3224 laudat;
2415 3139 2512 3207 ita
2553 3151 2665 3207 ta·-

532 3271 701 3315 men
726 3299 746 3334 ,
796 3270 988 3316 novo
1029 3271 1266 3332 more,
1310 3261 1393 3318 ut
1436 3247 1650 3342 legati
1692 3245 1958 3318 laedant
1975 3256 2032 3333 ⁹,
2071 3246 2330 3342 legatio
2374 3245 2662 3317 laudet:

526 3354 1101 3454 ceterae'quidern
1141 3360 1458 3430 civitates
1498 3356 1788 3455 publice
1838 3357 2098 3442 literiS,
2147 3355 2658 3454 legationibuS,

522 3619 828 3670 obtinebant.
878 3621 953 3670 Do
1006 3621 1195 3670 sthenii
1246 3623 1545 3678 constantia,
1633 3619 1714 3684 ph
1736 3619 1994 3671 habuimus
2011 3621 2130 3670 Aet.
2147 3619 2292 3683 prim.
2318 3646 2388 3656 —
2409 3621 2571 3668 Datae.
2591 3621 2660 3668 Ut

523 3700 637 3748 vide
653 3717 799 3766 supra
818 3717 926 3766 unp.
949 3701 1015 3765 39
1035 3735 1051 3762 ‚
1082 3712 1187 3750 not.
1214 3717 1233 3748 1
1246 3737 1259 3751 .
1632 3717 1842 3773 patrono
1861 3707 2056 3757 Sicilie.
2076 3707 2151 3756 Cf.
2171 3706 2286 3754 Inst-
2305 3707 2392 3765 61,
2413 3707 2502 3758 63.

594 3781 643 3828 6.
683 3781 931 3828 Ernestius
948 3815 962 3838 ,
1006 3779 1297 3830 emendandi
1338 3781 1544 3828 nimium
1705 3787 1754 3834 8.
1775 3787 1856 3835 Sic
1883 3785 2142 3834 Lambinus
2160 3819 2176 3844 ,
2209 3787 2470 3844 Gmtemn,
2495 3797 2542 3833 et
2567 3786 2656 3850 qni

522 3859 799 3917 studiosus,
822 3861 965 3920 iussit
998 3861 1177 3909 excudi
1202 3883 1227 3902 ι
1244 3872 1476 3910 statueret
1494 3883 1540 3910 n.
1631 3876 1746 3930 post
1771 3881 1858 3914 σοι
1875 3865 2004 3915 Tull.
2029 3865 2242 3915 edidere.
2269 3866 2400 3915 Olim
2426 3867 2522 3916 «ad
2549 3881 2656 3916 enm

528 3938 576 3984 J.
598 3937 657 3982 V.
683 3939 739 3984 L.
912 3943 915 3950 '
1633 3961 1794 3992 reno.
1822 3947 2032 3994 s.v.1..

600 4029 648 4072 7.
686 4017 731 4060 A
756 4018 1012 4064 communi.
1050 4018 1108 4066 ld
1134 4029 1238 4080 est,
1272 4020 1544 4068 communi·
1701 4041 1752 4086 9.
1789 4024 2012 4072 Loedant.
2049 4027 2312 4074 Accuaent.
2344 4025 2476 4073 Vide
2509 4025 2650 4070 Vel-r.

523 4099 636 4139 tate.
668 4093 835 4144 Graes
862 4093 1077 4157 locutio,
1104 4100 1245 4158 cujus
1261 4099 1358 4158 jam
1387 4116 1545 4147 exem·
1633 4105 1720 4161 Π,
1747 4119 1774 4150 2
1809 4119 1918 4166 sqq.
