<?xml version="1.0" encoding="UTF-8"?>
<!DOCTYPE html PUBLIC "-//W3C//DTD XHTML 1.0 Transitional//EN"
    "http://www.w3.org/TR/xhtml1/DTD/xhtml1-transitional.dtd">
<html xmlns="http://www.w3.org/1999/xhtml" xml:lang="en" lang="en">
 <head>
  <title>
</title>
<meta http-equiv="Content-Type" content="text/html;charset=utf-8" />
  <meta name='ocr-system' content='tesseract 3.04.00' />
  <meta name='ocr-capabilities' content='ocr_page ocr_carea ocr_par ocr_line ocrx_word'/>
</head>
<body>
  <div class='ocr_page' id='page_1' title='image "./mtciceronisquae03lemagoog_0412.png"; bbox 0 0 2984 4684; ppageno 0'>
   <div class='ocr_carea' id='block_1_1' title="bbox 485 402 1979 514">
    <p class='ocr_par' dir='ltr' id='par_1_1' title="bbox 485 402 1979 514">
     <span class='ocr_line' id='line_1_1' title="bbox 485 402 1979 514; baseline -0.003 -25"><span class='ocrx_word' id='word_1_1' title='bbox 485 417 623 514; x_wconf 78' lang='lat'>372</span> <span class='ocrx_word' id='word_1_2' title='bbox 1140 402 1235 484; x_wconf 84' lang='lat' dir='ltr'>M.</span> <span class='ocrx_word' id='word_1_3' title='bbox 1288 409 1364 484; x_wconf 88' lang='grc' dir='ltr'>Τ.</span> <span class='ocrx_word' id='word_1_4' title='bbox 1419 413 1979 486; x_wconf 85' lang='lat' dir='ltr'>CICERONIS</span> 
     </span>
    </p>
   </div>
   <div class='ocr_carea' id='block_1_2' title="bbox 455 529 2651 3398">
    <p class='ocr_par' dir='ltr' id='par_1_2' title="bbox 455 529 2651 2926">
     <span class='ocr_line' id='line_1_2' title="bbox 580 529 2623 639; baseline 0 -28"><span class='ocrx_word' id='word_1_5' title='bbox 580 535 762 611; x_wconf 74' lang='lat' dir='ltr'>Lm.</span> <span class='ocrx_word' id='word_1_6' title='bbox 817 529 1115 626; x_wconf 81' lang='lat' dir='ltr'>Vereor,</span> <span class='ocrx_word' id='word_1_7' title='bbox 1153 563 1248 610; x_wconf 90' lang='lat' dir='ltr'>ne</span> <span class='ocrx_word' id='word_1_8' title='bbox 1283 539 1446 636; x_wconf 87' lang='lat' dir='ltr'>quis</span> <span class='ocrx_word' id='word_1_9' title='bbox 1487 535 1674 610; x_wconf 85' lang='lat' dir='ltr'>forte</span> <span class='ocrx_word' id='word_1_10' title='bbox 1722 535 1814 610; x_wconf 92' lang='lat' dir='ltr'>de</span> <span class='ocrx_word' id='word_1_11' title='bbox 1864 538 2144 636; x_wconf 91' lang='lat' dir='ltr'>populo</span> <span class='ocrx_word' id='word_1_12' title='bbox 2166 591 2187 626; x_wconf 91' lang='lat'>,</span> <span class='ocrx_word' id='word_1_13' title='bbox 2229 539 2363 637; x_wconf 90' lang='lat' dir='ltr'>qui</span> <span class='ocrx_word' id='word_1_14' title='bbox 2397 541 2623 639; x_wconf 81' lang='lat' dir='ltr'>priori</span> 
     </span>
     <span class='ocr_line' id='line_1_3' title="bbox 483 645 2625 750; baseline -0.001 -26"><span class='ocrx_word' id='word_1_15' title='bbox 483 653 772 724; x_wconf 84' lang='lat' dir='ltr'>actione</span> <span class='ocrx_word' id='word_1_16' title='bbox 795 673 948 719; x_wconf 92' lang='lat' dir='ltr'>non</span> <span class='ocrx_word' id='word_1_17' title='bbox 975 645 1216 737; x_wconf 84' lang='lat' dir='ltr'>affuit,</span> <span class='ocrx_word' id='word_1_18' title='bbox 1249 647 1402 720; x_wconf 83' lang='lat' dir='ltr'>haec</span> <span class='ocrx_word' id='word_1_19' title='bbox 1419 703 1440 736; x_wconf 93' lang='lat'>,</span> <span class='ocrx_word' id='word_1_20' title='bbox 1467 651 1640 746; x_wconf 91' lang='lat' dir='ltr'>quia</span> <span class='ocrx_word' id='word_1_21' title='bbox 1675 663 1977 749; x_wconf 89' lang='lat' dir='ltr'>propter</span> <span class='ocrx_word' id='word_1_22' title='bbox 2003 649 2359 746; x_wconf 83' lang='lat' dir='ltr'><strong>insignem</strong></span> <span class='ocrx_word' id='word_1_23' title='bbox 2392 652 2625 750; x_wconf 89' lang='lat' dir='ltr'>turpi-</span> 
     </span>
     <span class='ocr_line' id='line_1_4' title="bbox 483 755 2623 856; baseline 0.001 -24"><span class='ocrx_word' id='word_1_24' title='bbox 483 758 814 832; x_wconf 86' lang='lat' dir='ltr'><strong>tudinem</strong></span> <span class='ocrx_word' id='word_1_25' title='bbox 829 771 1000 830; x_wconf 89' lang='lat' dir='ltr'>sunt</span> <span class='ocrx_word' id='word_1_26' title='bbox 1017 756 1491 846; x_wconf 84' lang='lat' dir='ltr'>incredibilia,</span> <span class='ocrx_word' id='word_1_27' title='bbox 1512 755 1689 856; x_wconf 90' lang='lat' dir='ltr'>fingi</span> <span class='ocrx_word' id='word_1_28' title='bbox 1716 783 1759 830; x_wconf 92' lang='lat' dir='ltr'>a</span> <span class='ocrx_word' id='word_1_29' title='bbox 1791 783 1910 830; x_wconf 90' lang='lat' dir='ltr'>me</span> <span class='ocrx_word' id='word_1_30' title='bbox 1936 757 2346 832; x_wconf 85' lang='lat' dir='ltr'>arbitretur.</span> <span class='ocrx_word' id='word_1_31' title='bbox 2364 764 2467 832; x_wconf 91' lang='lat' dir='ltr'>Ea</span> <span class='ocrx_word' id='word_1_32' title='bbox 2491 785 2623 834; x_wconf 90' lang='lat' dir='ltr'>vos</span> 
     </span>
     <span class='ocr_line' id='line_1_5' title="bbox 483 867 2621 966; baseline 0.001 -24"><span class='ocrx_word' id='word_1_33' title='bbox 483 886 732 960; x_wconf 87' lang='lat' dir='ltr'>antea,</span> <span class='ocrx_word' id='word_1_34' title='bbox 761 867 1042 966; x_wconf 88' lang='lat' dir='ltr'>judices</span> <span class='ocrx_word' id='word_1_35' title='bbox 1063 923 1084 957; x_wconf 91' lang='lat'>,</span> <span class='ocrx_word' id='word_1_36' title='bbox 1129 871 1591 966; x_wconf 85' lang='lat' dir='ltr'>cognovistis.</span> <span class='ocrx_word' id='word_1_37' title='bbox 1625 871 1825 941; x_wconf 82' lang='lat' dir='ltr'>Dixit</span> <span class='ocrx_word' id='word_1_38' title='bbox 1852 869 2137 966; x_wconf 80' lang='lat' dir='ltr'>juratus</span> <span class='ocrx_word' id='word_1_39' title='bbox 2168 875 2240 942; x_wconf 93' lang='grc' dir='ltr'>Ρ.</span> <span class='ocrx_word' id='word_1_40' title='bbox 2274 873 2621 962; x_wconf 76' lang='lat' dir='ltr'>Potitius,</span> 
     </span>
     <span class='ocr_line' id='line_1_6' title="bbox 481 977 2615 1081; baseline 0.001 -29"><span class='ocrx_word' id='word_1_41' title='bbox 481 995 682 1052; x_wconf 91' lang='lat' dir='ltr'>tutor</span> <span class='ocrx_word' id='word_1_42' title='bbox 707 978 962 1079; x_wconf 89' lang='lat' dir='ltr'>pupilli</span> <span class='ocrx_word' id='word_1_43' title='bbox 995 979 1192 1050; x_wconf 79' lang='lat' dir='ltr'>Junii</span> <span class='ocrx_word' id='word_1_44' title='bbox 1223 1007 1240 1050; x_wconf 75' lang='grc' dir='ltr'><strong><em>ε</em></strong></span> <span class='ocrx_word' id='word_1_45' title='bbox 1273 977 1457 1051; x_wconf 83' lang='lat' dir='ltr'>dixit</span> <span class='ocrx_word' id='word_1_46' title='bbox 1489 983 1587 1051; x_wconf 89' lang='lat' dir='ltr'>M.</span> <span class='ocrx_word' id='word_1_47' title='bbox 1619 982 1879 1053; x_wconf 78' lang='lat' dir='ltr'>Junius</span> <span class='ocrx_word' id='word_1_48' title='bbox 1916 995 2121 1053; x_wconf 91' lang='lat' dir='ltr'>tutor</span> <span class='ocrx_word' id='word_1_49' title='bbox 2156 994 2230 1053; x_wconf 92' lang='lat' dir='ltr'>et</span> <span class='ocrx_word' id='word_1_50' title='bbox 2269 997 2615 1081; x_wconf 90' lang='lat' dir='ltr'>patruus:</span> 
     </span>
     <span class='ocr_line' id='line_1_7' title="bbox 477 1086 2621 1188; baseline 0.001 -26"><span class='ocrx_word' id='word_1_51' title='bbox 477 1091 788 1163; x_wconf 83' lang='lat' dir='ltr'>Mustius</span> <span class='ocrx_word' id='word_1_52' title='bbox 822 1086 1158 1178; x_wconf 72' lang='lat' dir='ltr'>dixisset,</span> <span class='ocrx_word' id='word_1_53' title='bbox 1195 1091 1250 1160; x_wconf 84' lang='lat' dir='ltr'>si</span> <span class='ocrx_word' id='word_1_54' title='bbox 1294 1088 1599 1177; x_wconf 83' lang='lat' dir='ltr'>viveret3</span> <span class='ocrx_word' id='word_1_55' title='bbox 1648 1088 1779 1162; x_wconf 88' lang='lat' dir='ltr'>sed</span> <span class='ocrx_word' id='word_1_56' title='bbox 1812 1113 1951 1188; x_wconf 91' lang='lat' dir='ltr'>pro</span> <span class='ocrx_word' id='word_1_57' title='bbox 1985 1093 2257 1163; x_wconf 88' lang='lat' dir='ltr'>Mustio</span> <span class='ocrx_word' id='word_1_58' title='bbox 2276 1145 2297 1180; x_wconf 91' lang='lat'>,</span> <span class='ocrx_word' id='word_1_59' title='bbox 2340 1094 2621 1164; x_wconf 87' lang='lat' dir='ltr'>recenti</span> 
     </span>
     <span class='ocr_line' id='line_1_8' title="bbox 477 1195 2651 1298; baseline 0 -25"><span class='ocrx_word' id='word_1_60' title='bbox 477 1225 556 1273; x_wconf 88' lang='lat' dir='ltr'>re</span> <span class='ocrx_word' id='word_1_61' title='bbox 598 1200 690 1273; x_wconf 90' lang='lat' dir='ltr'>de</span> <span class='ocrx_word' id='word_1_62' title='bbox 733 1201 1004 1272; x_wconf 89' lang='lat' dir='ltr'>Mustio</span> <span class='ocrx_word' id='word_1_63' title='bbox 1043 1195 1372 1270; x_wconf 85' lang='lat' dir='ltr'>auditum</span> <span class='ocrx_word' id='word_1_64' title='bbox 1395 1209 1416 1242; x_wconf 84' lang='lat'>¹</span> <span class='ocrx_word' id='word_1_65' title='bbox 1463 1197 1645 1270; x_wconf 83' lang='lat' dir='ltr'>dixit</span> <span class='ocrx_word' id='word_1_66' title='bbox 1674 1203 1750 1270; x_wconf 91' lang='lat' dir='ltr'>L.</span> <span class='ocrx_word' id='word_1_67' title='bbox 1774 1202 2162 1272; x_wconf 86' lang='lat' dir='ltr'>Domitius.</span> <span class='ocrx_word' id='word_1_68' title='bbox 2207 1199 2353 1290; x_wconf 88' lang='lat' dir='ltr'>Qui</span> <span class='ocrx_word' id='word_1_69' title='bbox 2383 1222 2651 1298; x_wconf 63' lang='lat' dir='ltr'>quum‘</span> 
     </span>
     <span class='ocr_line' id='line_1_9' title="bbox 474 1306 2619 1407; baseline -0 -22"><span class='ocrx_word' id='word_1_70' title='bbox 474 1317 727 1400; x_wconf 87' lang='lat' dir='ltr'>sciret,</span> <span class='ocrx_word' id='word_1_71' title='bbox 757 1334 876 1382; x_wconf 90' lang='lat' dir='ltr'>me</span> <span class='ocrx_word' id='word_1_72' title='bbox 911 1333 1002 1380; x_wconf 86' lang='lat' dir='ltr'>ex</span> <span class='ocrx_word' id='word_1_73' title='bbox 1033 1309 1302 1380; x_wconf 91' lang='lat' dir='ltr'>Mustio</span> <span class='ocrx_word' id='word_1_74' title='bbox 1332 1311 1498 1380; x_wconf 88' lang='lat' dir='ltr'>vivo</span> <span class='ocrx_word' id='word_1_75' title='bbox 1530 1306 1849 1398; x_wconf 87' lang='lat' dir='ltr'>audisse,</span> <span class='ocrx_word' id='word_1_76' title='bbox 1884 1308 2091 1407; x_wconf 89' lang='lat' dir='ltr'>quod</span> <span class='ocrx_word' id='word_1_77' title='bbox 2127 1335 2217 1382; x_wconf 92' lang='lat' dir='ltr'>eo</span> <span class='ocrx_word' id='word_1_78' title='bbox 2248 1334 2413 1382; x_wconf 90' lang='lat' dir='ltr'>sum</span> <span class='ocrx_word' id='word_1_79' title='bbox 2438 1336 2619 1384; x_wconf 86' lang='lat' dir='ltr'>usus</span> 
     </span>
     <span class='ocr_line' id='line_1_10' title="bbox 474 1417 2619 1522; baseline -0 -29"><span class='ocrx_word' id='word_1_80' title='bbox 474 1421 874 1522; x_wconf 90' lang='lat' dir='ltr'>plurimum</span> <span class='ocrx_word' id='word_1_81' title='bbox 900 1417 1221 1514; x_wconf 83' lang='lat' dir='ltr'>(etenim</span> <span class='ocrx_word' id='word_1_82' title='bbox 1257 1417 1334 1490; x_wconf 92' lang='lat' dir='ltr'>id</span> <span class='ocrx_word' id='word_1_83' title='bbox 1358 1417 1713 1514; x_wconf 86' lang='lat' dir='ltr'>judicium</span> <span class='ocrx_word' id='word_1_84' title='bbox 1734 1473 1753 1508; x_wconf 95' lang='lat'>,</span> <span class='ocrx_word' id='word_1_85' title='bbox 1789 1417 1993 1516; x_wconf 92' lang='lat' dir='ltr'>quod</span> <span class='ocrx_word' id='word_1_86' title='bbox 2022 1444 2254 1519; x_wconf 88' lang='lat' dir='ltr'>prope</span> <span class='ocrx_word' id='word_1_87' title='bbox 2285 1424 2619 1492; x_wconf 88' lang='lat' dir='ltr'>omnium</span> 
     </span>
     <span class='ocr_line' id='line_1_11' title="bbox 473 1529 2619 1620; baseline 0 -16"><span class='ocrx_word' id='word_1_88' title='bbox 473 1531 928 1605; x_wconf 87' lang='lat' dir='ltr'>fortunarum</span> <span class='ocrx_word' id='word_1_89' title='bbox 956 1553 1254 1602; x_wconf 89' lang='lat' dir='ltr'>suarum</span> <span class='ocrx_word' id='word_1_90' title='bbox 1283 1533 1361 1600; x_wconf 92' lang='lat' dir='ltr'>C.</span> <span class='ocrx_word' id='word_1_91' title='bbox 1388 1532 1699 1602; x_wconf 88' lang='lat' dir='ltr'>Mustius</span> <span class='ocrx_word' id='word_1_92' title='bbox 1721 1529 2014 1620; x_wconf 92' lang='lat' dir='ltr'>habuit,</span> <span class='ocrx_word' id='word_1_93' title='bbox 2044 1555 2161 1603; x_wconf 87' lang='lat' dir='ltr'>me</span> <span class='ocrx_word' id='word_1_94' title='bbox 2189 1556 2342 1604; x_wconf 89' lang='lat' dir='ltr'>uno</span> <span class='ocrx_word' id='word_1_95' title='bbox 2371 1531 2619 1604; x_wconf 83' lang='lat' dir='ltr'>defen-</span> 
     </span>
     <span class='ocr_line' id='line_1_12' title="bbox 475 1638 2616 1738; baseline -0.003 -22"><span class='ocrx_word' id='word_1_96' title='bbox 475 1643 695 1716; x_wconf 88' lang='lat' dir='ltr'>dente</span> <span class='ocrx_word' id='word_1_97' title='bbox 724 1641 978 1737; x_wconf 89' lang='lat' dir='ltr'>vicit),</span> <span class='ocrx_word' id='word_1_98' title='bbox 1005 1663 1240 1738; x_wconf 90' lang='lat' dir='ltr'>quum</span> <span class='ocrx_word' id='word_1_99' title='bbox 1275 1638 1460 1728; x_wconf 89' lang='lat' dir='ltr'>hoc,</span> <span class='ocrx_word' id='word_1_100' title='bbox 1498 1652 1583 1711; x_wconf 91' lang='lat' dir='ltr'>ut</span> <span class='ocrx_word' id='word_1_101' title='bbox 1622 1638 1787 1710; x_wconf 89' lang='lat' dir='ltr'>dico</span> <span class='ocrx_word' id='word_1_102' title='bbox 1810 1693 1830 1729; x_wconf 92' lang='lat'>,</span> <span class='ocrx_word' id='word_1_103' title='bbox 1866 1638 2080 1710; x_wconf 90' lang='lat' dir='ltr'>sciret</span> <span class='ocrx_word' id='word_1_104' title='bbox 2116 1641 2195 1710; x_wconf 91' lang='lat' dir='ltr'>L.</span> <span class='ocrx_word' id='word_1_105' title='bbox 2216 1640 2616 1728; x_wconf 79' lang='lat' dir='ltr'>DomitiuS,</span> 
     </span>
     <span class='ocr_line' id='line_1_13' title="bbox 471 1749 2617 1839; baseline -0.002 -13"><span class='ocrx_word' id='word_1_106' title='bbox 471 1779 590 1826; x_wconf 89' lang='lat' dir='ltr'>me</span> <span class='ocrx_word' id='word_1_107' title='bbox 629 1754 850 1839; x_wconf 89' lang='lat' dir='ltr'>scire,</span> <span class='ocrx_word' id='word_1_108' title='bbox 915 1750 1011 1823; x_wconf 87' lang='lat' dir='ltr'>ad</span> <span class='ocrx_word' id='word_1_109' title='bbox 1051 1775 1222 1822; x_wconf 89' lang='lat' dir='ltr'>eum</span> <span class='ocrx_word' id='word_1_110' title='bbox 1276 1775 1392 1822; x_wconf 88' lang='lat' dir='ltr'>res</span> <span class='ocrx_word' id='word_1_111' title='bbox 1435 1774 1695 1821; x_wconf 89' lang='lat' dir='ltr'>omnes</span> <span class='ocrx_word' id='word_1_112' title='bbox 1728 1749 2081 1821; x_wconf 88' lang='lat' dir='ltr'>Mustium</span> <span class='ocrx_word' id='word_1_113' title='bbox 2116 1749 2411 1821; x_wconf 87' lang='lat' dir='ltr'>solitum</span> <span class='ocrx_word' id='word_1_114' title='bbox 2460 1773 2617 1821; x_wconf 91' lang='lat' dir='ltr'>esse</span> 
     </span>
     <span class='ocr_line' id='line_1_14' title="bbox 471 1855 2613 1959; baseline -0.002 -24"><span class='ocrx_word' id='word_1_115' title='bbox 471 1855 791 1948; x_wconf 73' lang='lat' dir='ltr'>deferre3</span> <span class='ocrx_word' id='word_1_116' title='bbox 831 1877 1076 1932; x_wconf 89' lang='lat' dir='ltr'>tamen</span> <span class='ocrx_word' id='word_1_117' title='bbox 1113 1859 1205 1932; x_wconf 90' lang='lat' dir='ltr'>de</span> <span class='ocrx_word' id='word_1_118' title='bbox 1246 1859 1648 1933; x_wconf 90' lang='lat' dir='ltr'>Chelidone</span> <span class='ocrx_word' id='word_1_119' title='bbox 1688 1860 2010 1948; x_wconf 89' lang='lat' dir='ltr'>reticuit,</span> <span class='ocrx_word' id='word_1_120' title='bbox 2047 1858 2294 1959; x_wconf 90' lang='lat' dir='ltr'>quoad</span> <span class='ocrx_word' id='word_1_121' title='bbox 2326 1861 2613 1958; x_wconf 90' lang='lat' dir='ltr'>potuit:</span> 
     </span>
     <span class='ocr_line' id='line_1_15' title="bbox 470 1968 2613 2070; baseline -0.001 -26"><span class='ocrx_word' id='word_1_122' title='bbox 470 1975 614 2044; x_wconf 89' lang='lat' dir='ltr'>alio</span> <span class='ocrx_word' id='word_1_123' title='bbox 667 1971 1220 2070; x_wconf 88' lang='lat' dir='ltr'>responsionem</span> <span class='ocrx_word' id='word_1_124' title='bbox 1271 1994 1476 2042; x_wconf 90' lang='lat' dir='ltr'>suam</span> <span class='ocrx_word' id='word_1_125' title='bbox 1542 1969 1912 2042; x_wconf 85' lang='lat' dir='ltr'>derivavit.</span> <span class='ocrx_word' id='word_1_126' title='bbox 1978 1972 2252 2042; x_wconf 87' lang='lat' dir='ltr'>Tantus</span> <span class='ocrx_word' id='word_1_127' title='bbox 2308 1973 2383 2040; x_wconf 93' lang='lat' dir='ltr'>in</span> <span class='ocrx_word' id='word_1_128' title='bbox 2434 1968 2613 2042; x_wconf 86' lang='lat' dir='ltr'>ado-</span> 
     </span>
     <span class='ocr_line' id='line_1_16' title="bbox 467 2079 2615 2178; baseline 0 -26"><span class='ocrx_word' id='word_1_129' title='bbox 467 2083 783 2154; x_wconf 90' lang='lat' dir='ltr'>lescente</span> <span class='ocrx_word' id='word_1_130' title='bbox 815 2079 1210 2150; x_wconf 89' lang='lat' dir='ltr'>clarissimo</span> <span class='ocrx_word' id='word_1_131' title='bbox 1235 2102 1317 2150; x_wconf 88' lang='lat' dir='ltr'>ac</span> <span class='ocrx_word' id='word_1_132' title='bbox 1341 2081 1671 2178; x_wconf 90' lang='lat' dir='ltr'>principe</span> <span class='ocrx_word' id='word_1_133' title='bbox 1692 2079 2140 2176; x_wconf 81' lang='lat' dir='ltr'>juventutis²</span> <span class='ocrx_word' id='word_1_134' title='bbox 2169 2079 2411 2177; x_wconf 90' lang='lat' dir='ltr'>pudor</span> <span class='ocrx_word' id='word_1_135' title='bbox 2436 2079 2615 2170; x_wconf 79' lang='lat' dir='ltr'>fuit,</span> 
     </span>
     <span class='ocr_line' id='line_1_17' title="bbox 469 2186 2613 2289; baseline 0.001 -27"><span class='ocrx_word' id='word_1_136' title='bbox 469 2204 556 2262; x_wconf 88' lang='lat' dir='ltr'>ut</span> <span class='ocrx_word' id='word_1_137' title='bbox 581 2186 1008 2286; x_wconf 87' lang='lat' dir='ltr'>aliquandiu</span> <span class='ocrx_word' id='word_1_138' title='bbox 1027 2241 1047 2276; x_wconf 95' lang='lat'>,</span> <span class='ocrx_word' id='word_1_139' title='bbox 1083 2211 1314 2285; x_wconf 90' lang='lat' dir='ltr'>quum</span> <span class='ocrx_word' id='word_1_140' title='bbox 1343 2213 1384 2258; x_wconf 92' lang='lat' dir='ltr'>a</span> <span class='ocrx_word' id='word_1_141' title='bbox 1416 2212 1535 2260; x_wconf 88' lang='lat' dir='ltr'>me</span> <span class='ocrx_word' id='word_1_142' title='bbox 1576 2203 2058 2287; x_wconf 88' lang='lat' dir='ltr'>premeretur,</span> <span class='ocrx_word' id='word_1_143' title='bbox 2084 2194 2331 2262; x_wconf 89' lang='lat' dir='ltr'>omnia</span> <span class='ocrx_word' id='word_1_144' title='bbox 2362 2196 2613 2289; x_wconf 89' lang='lat' dir='ltr'>potius</span> 
     </span>
     <span class='ocr_line' id='line_1_18' title="bbox 465 2295 2613 2399; baseline 0.001 -25"><span class='ocrx_word' id='word_1_145' title='bbox 465 2295 975 2399; x_wconf 88' lang='lat' dir='ltr'>responderet,</span> <span class='ocrx_word' id='word_1_146' title='bbox 1002 2321 1224 2396; x_wconf 88' lang='lat' dir='ltr'>quam</span> <span class='ocrx_word' id='word_1_147' title='bbox 1257 2296 1733 2370; x_wconf 89' lang='lat' dir='ltr'>Chelidonem</span> <span class='ocrx_word' id='word_1_148' title='bbox 1756 2301 2184 2384; x_wconf 86' lang='lat' dir='ltr'>nominaret.</span> <span class='ocrx_word' id='word_1_149' title='bbox 2212 2303 2456 2375; x_wconf 88' lang='lat' dir='ltr'>Primo</span> <span class='ocrx_word' id='word_1_150' title='bbox 2482 2329 2613 2378; x_wconf 89' lang='lat' dir='ltr'>ne-</span> 
     </span>
     <span class='ocr_line' id='line_1_19' title="bbox 463 2405 2611 2506; baseline 0.001 -22"><span class='ocrx_word' id='word_1_151' title='bbox 463 2411 807 2485; x_wconf 86' lang='lat' dir='ltr'>cessarios</span> <span class='ocrx_word' id='word_1_152' title='bbox 842 2408 1045 2480; x_wconf 88' lang='lat' dir='ltr'>istius</span> <span class='ocrx_word' id='word_1_153' title='bbox 1071 2406 1163 2480; x_wconf 90' lang='lat' dir='ltr'>ad</span> <span class='ocrx_word' id='word_1_154' title='bbox 1185 2405 1396 2482; x_wconf 81' lang='lat' dir='ltr'>eum3</span> <span class='ocrx_word' id='word_1_155' title='bbox 1431 2408 1773 2506; x_wconf 87' lang='lat' dir='ltr'>allegatos</span> <span class='ocrx_word' id='word_1_156' title='bbox 1810 2433 1968 2481; x_wconf 89' lang='lat' dir='ltr'>esse</span> <span class='ocrx_word' id='word_1_157' title='bbox 2000 2409 2308 2501; x_wconf 88' lang='lat' dir='ltr'>dicebat,</span> <span class='ocrx_word' id='word_1_158' title='bbox 2342 2411 2611 2488; x_wconf 88' lang='lat' dir='ltr'>deinde</span> 
     </span>
     <span class='ocr_line' id='line_1_20' title="bbox 462 2518 2608 2624; baseline 0.001 -29"><span class='ocrx_word' id='word_1_159' title='bbox 462 2519 853 2620; x_wconf 89' lang='lat' dir='ltr'>aliquando</span> <span class='ocrx_word' id='word_1_160' title='bbox 885 2534 1176 2592; x_wconf 87' lang='lat' dir='ltr'>coactus</span> <span class='ocrx_word' id='word_1_161' title='bbox 1199 2518 1674 2592; x_wconf 90' lang='lat' dir='ltr'>Chelidonem</span> <span class='ocrx_word' id='word_1_162' title='bbox 1708 2522 2126 2593; x_wconf 86' lang='lat' dir='ltr'>nominavit.</span> <span class='ocrx_word' id='word_1_163' title='bbox 2166 2525 2335 2594; x_wconf 89' lang='lat' dir='ltr'>Non</span> <span class='ocrx_word' id='word_1_164' title='bbox 2372 2539 2443 2597; x_wconf 91' lang='lat' dir='ltr'>te</span> <span class='ocrx_word' id='word_1_165' title='bbox 2474 2551 2608 2624; x_wconf 89' lang='lat' dir='ltr'>pu-</span> 
     </span>
     <span class='ocr_line' id='line_1_21' title="bbox 461 2629 2607 2732; baseline 0.001 -28"><span class='ocrx_word' id='word_1_166' title='bbox 461 2633 620 2720; x_wconf 89' lang='lat' dir='ltr'>det,</span> <span class='ocrx_word' id='word_1_167' title='bbox 641 2637 933 2721; x_wconf 81' lang='lat' dir='ltr'>VerreS,</span> <span class='ocrx_word' id='word_1_168' title='bbox 955 2630 1113 2728; x_wconf 89' lang='lat' dir='ltr'>ejus</span> <span class='ocrx_word' id='word_1_169' title='bbox 1133 2630 1458 2702; x_wconf 89' lang='lat' dir='ltr'>mulieris</span> <span class='ocrx_word' id='word_1_170' title='bbox 1483 2629 1837 2701; x_wconf 89' lang='lat' dir='ltr'>arbitratu</span> <span class='ocrx_word' id='word_1_171' title='bbox 1856 2633 2152 2730; x_wconf 87' lang='lat' dir='ltr'>gessisse</span> <span class='ocrx_word' id='word_1_172' title='bbox 2182 2649 2563 2732; x_wconf 86' lang='lat' dir='ltr'>praeturam</span> <span class='ocrx_word' id='word_1_173' title='bbox 2580 2692 2607 2726; x_wconf 89' lang='lat'>,</span> 
     </span>
     <span class='ocr_line' id='line_1_22' title="bbox 463 2737 2609 2843; baseline 0.001 -28"><span class='ocrx_word' id='word_1_174' title='bbox 463 2767 684 2843; x_wconf 89' lang='lat' dir='ltr'>quam</span> <span class='ocrx_word' id='word_1_175' title='bbox 706 2749 788 2816; x_wconf 89' lang='lat' dir='ltr'>L.</span> <span class='ocrx_word' id='word_1_176' title='bbox 815 2742 1180 2814; x_wconf 90' lang='lat' dir='ltr'>Domitius</span> <span class='ocrx_word' id='word_1_177' title='bbox 1211 2737 1303 2812; x_wconf 94' lang='lat' dir='ltr'>ab</span> <span class='ocrx_word' id='word_1_178' title='bbox 1333 2765 1410 2812; x_wconf 93' lang='lat' dir='ltr'>se</span> <span class='ocrx_word' id='word_1_179' title='bbox 1442 2741 1851 2828; x_wconf 88' lang='lat' dir='ltr'>nominari,</span> <span class='ocrx_word' id='word_1_180' title='bbox 1888 2742 2008 2812; x_wconf 83' lang='lat' dir='ltr'>vix</span> <span class='ocrx_word' id='word_1_181' title='bbox 2037 2740 2175 2813; x_wconf 89' lang='lat' dir='ltr'>sibi</span> <span class='ocrx_word' id='word_1_182' title='bbox 2210 2742 2609 2818; x_wconf 88' lang='lat' dir='ltr'>honestum</span> 
     </span>
     <span class='ocr_line' id='line_1_23' title="bbox 455 2847 1176 2926; baseline -0.004 0"><span class='ocrx_word' id='word_1_183' title='bbox 455 2879 614 2926; x_wconf 91' lang='lat' dir='ltr'>esse</span> <span class='ocrx_word' id='word_1_184' title='bbox 648 2847 1176 2925; x_wconf 78' lang='lat' dir='ltr'>arbitrabatur?</span> 
     </span>
    </p>

    <p class='ocr_par' dir='ltr' id='par_1_3' title="bbox 459 2957 2603 3398">
     <span class='ocr_line' id='line_1_24' title="bbox 558 2957 2603 3060; baseline 0.002 -24"><span class='ocrx_word' id='word_1_185' title='bbox 558 2967 738 3036; x_wconf 90' lang='lat' dir='ltr'>LIV.</span> <span class='ocrx_word' id='word_1_186' title='bbox 768 2962 1040 3058; x_wconf 86' lang='lat' dir='ltr'>Rejecti</span> <span class='ocrx_word' id='word_1_187' title='bbox 1067 2987 1109 3034; x_wconf 82' lang='lat' dir='ltr'>a</span> <span class='ocrx_word' id='word_1_188' title='bbox 1139 2961 1539 3035; x_wconf 86' lang='lat' dir='ltr'>Chelidone</span> <span class='ocrx_word' id='word_1_189' title='bbox 1561 3016 1580 3052; x_wconf 96' lang='lat'>,</span> <span class='ocrx_word' id='word_1_190' title='bbox 1617 2957 1917 3060; x_wconf 85' lang='lat' dir='ltr'>capiunt</span> <span class='ocrx_word' id='word_1_191' title='bbox 1943 2961 2325 3037; x_wconf 85' lang='lat' dir='ltr'>consilium</span> <span class='ocrx_word' id='word_1_192' title='bbox 2360 2989 2603 3042; x_wconf 81' lang='lat' dir='ltr'>neces-</span> 
     </span>
     <span class='ocr_line' id='line_1_25' title="bbox 459 3073 2601 3172; baseline 0.001 -24"><span class='ocrx_word' id='word_1_193' title='bbox 459 3076 726 3148; x_wconf 89' lang='lat' dir='ltr'>sarium</span> <span class='ocrx_word' id='word_1_194' title='bbox 754 3128 773 3163; x_wconf 95' lang='lat'>,</span> <span class='ocrx_word' id='word_1_195' title='bbox 825 3086 908 3145; x_wconf 87' lang='lat' dir='ltr'>ut</span> <span class='ocrx_word' id='word_1_196' title='bbox 949 3073 1346 3172; x_wconf 85' lang='lat' dir='ltr'>suscipiant</span> <span class='ocrx_word' id='word_1_197' title='bbox 1397 3073 1536 3171; x_wconf 91' lang='lat' dir='ltr'>ipsi</span> <span class='ocrx_word' id='word_1_198' title='bbox 1576 3075 1955 3170; x_wconf 90' lang='lat' dir='ltr'>negotium</span> <span class='ocrx_word' id='word_1_199' title='bbox 1994 3091 2015 3144; x_wconf 70' lang='lat'>2</span> <span class='ocrx_word' id='word_1_200' title='bbox 2055 3098 2223 3145; x_wconf 90' lang='lat' dir='ltr'>cum</span> <span class='ocrx_word' id='word_1_201' title='bbox 2266 3075 2601 3151; x_wconf 89' lang='lat' dir='ltr'>Rabonio</span> 
     </span>
     <span class='ocr_line' id='line_1_26' title="bbox 461 3183 2599 3285; baseline -0.001 -23"><span class='ocrx_word' id='word_1_202' title='bbox 461 3206 701 3262; x_wconf 90' lang='lat' dir='ltr'>tutore</span> <span class='ocrx_word' id='word_1_203' title='bbox 723 3200 774 3274; x_wconf 90' lang='lat'>¹,</span> <span class='ocrx_word' id='word_1_204' title='bbox 825 3184 1028 3285; x_wconf 91' lang='lat' dir='ltr'>quod</span> <span class='ocrx_word' id='word_1_205' title='bbox 1090 3201 1244 3257; x_wconf 89' lang='lat' dir='ltr'>erat</span> <span class='ocrx_word' id='word_1_206' title='bbox 1299 3186 1420 3254; x_wconf 81' lang='lat' dir='ltr'>vix</span> <span class='ocrx_word' id='word_1_207' title='bbox 1475 3189 1625 3256; x_wconf 91' lang='lat' dir='ltr'>H-S</span> <span class='ocrx_word' id='word_1_208' title='bbox 1678 3183 2193 3283; x_wconf 79' lang='lat' dir='ltr'>quadraginta²</span> <span class='ocrx_word' id='word_1_209' title='bbox 2252 3186 2599 3276; x_wconf 88' lang='lat' dir='ltr'>millium,</span> 
     </span>
     <span class='ocr_line' id='line_1_27' title="bbox 461 3294 2601 3398; baseline 0 -26"><span class='ocrx_word' id='word_1_210' title='bbox 461 3301 865 3398; x_wconf 87' lang='lat' dir='ltr'>transigunt</span> <span class='ocrx_word' id='word_1_211' title='bbox 897 3299 1044 3368; x_wconf 86' lang='lat' dir='ltr'>11-s</span> <span class='ocrx_word' id='word_1_212' title='bbox 1069 3295 1399 3368; x_wconf 87' lang='lat' dir='ltr'>ducentis</span> <span class='ocrx_word' id='word_1_213' title='bbox 1433 3294 1771 3368; x_wconf 76' lang='lat' dir='ltr'>millibus·</span> <span class='ocrx_word' id='word_1_214' title='bbox 1798 3295 2043 3368; x_wconf 82' lang='lat' dir='ltr'>Refert</span> <span class='ocrx_word' id='word_1_215' title='bbox 2068 3297 2164 3368; x_wconf 92' lang='lat' dir='ltr'>ad</span> <span class='ocrx_word' id='word_1_216' title='bbox 2196 3301 2417 3370; x_wconf 89' lang='lat' dir='ltr'>istum</span> <span class='ocrx_word' id='word_1_217' title='bbox 2442 3326 2601 3372; x_wconf 88' lang='lat' dir='ltr'>rem</span> 
     </span>
    </p>
   </div>
   <div class='ocr_carea' id='block_1_3' title="bbox 447 3501 2601 4210">
    <p class='ocr_par' dir='ltr' id='par_1_4' title="bbox 453 3501 2601 3894">
     <span class='ocr_line' id='line_1_28' title="bbox 523 3501 2601 3577; baseline -0.002 -18"><span class='ocrx_word' id='word_1_218' title='bbox 523 3512 653 3559; x_wconf 84' lang='lat' dir='ltr'>Lm.</span> <span class='ocrx_word' id='word_1_219' title='bbox 677 3525 726 3558; x_wconf 84' lang='lat'>1.</span> <span class='ocrx_word' id='word_1_220' title='bbox 758 3503 1014 3554; x_wconf 69' lang='lat' dir='ltr'>Auditum,</span> <span class='ocrx_word' id='word_1_221' title='bbox 1043 3503 1169 3552; x_wconf 73' lang='lat' dir='ltr'>Nam</span> <span class='ocrx_word' id='word_1_222' title='bbox 1193 3503 1328 3568; x_wconf 79' lang='lat' dir='ltr'>apud</span> <span class='ocrx_word' id='word_1_223' title='bbox 1353 3504 1479 3551; x_wconf 77' lang='lat' dir='ltr'>anti·-</span> <span class='ocrx_word' id='word_1_224' title='bbox 1638 3505 1693 3551; x_wconf 87' lang='grc'>3.</span> <span class='ocrx_word' id='word_1_225' title='bbox 1718 3502 1807 3551; x_wconf 85' lang='lat' dir='ltr'>Ad</span> <span class='ocrx_word' id='word_1_226' title='bbox 1832 3517 1958 3551; x_wconf 77' lang='lat' dir='ltr'>eum.</span> <span class='ocrx_word' id='word_1_227' title='bbox 1996 3501 2077 3553; x_wconf 71' lang='lat' dir='ltr'>Ad</span> <span class='ocrx_word' id='word_1_228' title='bbox 2105 3501 2337 3570; x_wconf 71' lang='lat' dir='ltr'>Verrem,</span> <span class='ocrx_word' id='word_1_229' title='bbox 2370 3511 2456 3574; x_wconf 83' lang='lat' dir='ltr'>qui</span> <span class='ocrx_word' id='word_1_230' title='bbox 2480 3527 2601 3577; x_wconf 59' lang='lat' dir='ltr'>nge-</span> 
     </span>
     <span class='ocr_line' id='line_1_29' title="bbox 453 3579 2421 3656; baseline 0.001 -20"><span class='ocrx_word' id='word_1_231' title='bbox 453 3607 579 3656; x_wconf 85' lang='lat' dir='ltr'>quos</span> <span class='ocrx_word' id='word_1_232' title='bbox 611 3589 757 3637; x_wconf 76' lang='lat' dir='ltr'>etiam</span> <span class='ocrx_word' id='word_1_233' title='bbox 785 3583 846 3634; x_wconf 83' lang='lat' dir='ltr'>de</span> <span class='ocrx_word' id='word_1_234' title='bbox 871 3582 1124 3633; x_wconf 70' lang='lat' dir='ltr'>auditione</span> <span class='ocrx_word' id='word_1_235' title='bbox 1149 3581 1480 3630; x_wconf 81' lang='lat' dir='ltr'>testimonium</span> <span class='ocrx_word' id='word_1_236' title='bbox 1568 3592 1680 3630; x_wconf 87' lang='lat' dir='ltr'>rent</span> <span class='ocrx_word' id='word_1_237' title='bbox 1706 3591 1818 3630; x_wconf 77' lang='lat' dir='ltr'>cum</span> <span class='ocrx_word' id='word_1_238' title='bbox 1846 3589 1908 3632; x_wconf 83' lang='lat' dir='ltr'>eo</span> <span class='ocrx_word' id='word_1_239' title='bbox 1934 3579 1996 3632; x_wconf 87' lang='lat' dir='ltr'>de</span> <span class='ocrx_word' id='word_1_240' title='bbox 2016 3601 2070 3633; x_wconf 82' lang='lat' dir='ltr'>re</span> <span class='ocrx_word' id='word_1_241' title='bbox 2096 3587 2421 3652; x_wconf 78' lang='lat' dir='ltr'>transigenda.</span> 
     </span>
     <span class='ocr_line' id='line_1_30' title="bbox 454 3663 2599 3730; baseline -0.002 -11"><span class='ocrx_word' id='word_1_242' title='bbox 454 3669 722 3720; x_wconf 72' lang='lat' dir='ltr'>dicebatur.</span> <span class='ocrx_word' id='word_1_243' title='bbox 747 3664 880 3714; x_wconf 77' lang='lat' dir='ltr'>Vide</span> <span class='ocrx_word' id='word_1_244' title='bbox 905 3677 1000 3728; x_wconf 87' lang='lat' dir='ltr'>pro</span> <span class='ocrx_word' id='word_1_245' title='bbox 1023 3663 1176 3711; x_wconf 76' lang='lat' dir='ltr'>Rosc-</span> <span class='ocrx_word' id='word_1_246' title='bbox 1203 3663 1342 3712; x_wconf 81' lang='lat' dir='ltr'>Com.</span> <span class='ocrx_word' id='word_1_247' title='bbox 1371 3677 1480 3727; x_wconf 78' lang='lat' dir='ltr'>cap.</span> <span class='ocrx_word' id='word_1_248' title='bbox 1640 3663 1769 3712; x_wconf 81' lang='lat' dir='ltr'>LIV.</span> <span class='ocrx_word' id='word_1_249' title='bbox 1808 3679 1854 3712; x_wconf 88' lang='lat'>1.</span> <span class='ocrx_word' id='word_1_250' title='bbox 1890 3665 2082 3712; x_wconf 75' lang='lat' dir='ltr'>Tutore.</span> <span class='ocrx_word' id='word_1_251' title='bbox 2119 3667 2377 3730; x_wconf 78' lang='lat' dir='ltr'>Emphssis</span> <span class='ocrx_word' id='word_1_252' title='bbox 2410 3669 2464 3717; x_wconf 84' lang='lat' dir='ltr'>in</span> <span class='ocrx_word' id='word_1_253' title='bbox 2496 3671 2599 3720; x_wconf 70' lang='lat' dir='ltr'>hoe</span> 
     </span>
     <span class='ocr_line' id='line_1_31' title="bbox 462 3739 2598 3808; baseline 0 -13"><span class='ocrx_word' id='word_1_254' title='bbox 462 3759 542 3806; x_wconf 69' lang='lat'>14.</span> <span class='ocrx_word' id='word_1_255' title='bbox 585 3775 657 3786; x_wconf 89' lang='lat'>—</span> <span class='ocrx_word' id='word_1_256' title='bbox 703 3749 762 3796; x_wconf 85' lang='lat' dir='ltr'>L.</span> <span class='ocrx_word' id='word_1_257' title='bbox 800 3741 1060 3793; x_wconf 76' lang='lat' dir='ltr'>Domitius.</span> <span class='ocrx_word' id='word_1_258' title='bbox 1095 3740 1478 3802; x_wconf 70' lang='lat' dir='ltr'>Ahenobarbus,</span> <span class='ocrx_word' id='word_1_259' title='bbox 1567 3739 1747 3799; x_wconf 86' lang='lat' dir='ltr'>verbo,</span> <span class='ocrx_word' id='word_1_260' title='bbox 1782 3741 1921 3805; x_wconf 74' lang='lat' dir='ltr'>qussi</span> <span class='ocrx_word' id='word_1_261' title='bbox 1954 3741 2087 3790; x_wconf 74' lang='lat' dir='ltr'>dieat</span> <span class='ocrx_word' id='word_1_262' title='bbox 2115 3760 2231 3792; x_wconf 86' lang='lat' dir='ltr'>cum</span> <span class='ocrx_word' id='word_1_263' title='bbox 2264 3761 2327 3795; x_wconf 89' lang='lat' dir='ltr'>eo</span> <span class='ocrx_word' id='word_1_264' title='bbox 2364 3747 2598 3808; x_wconf 79' lang='lat' dir='ltr'>homine,</span> 
     </span>
     <span class='ocr_line' id='line_1_32' title="bbox 455 3818 2597 3894; baseline -0.001 -19"><span class='ocrx_word' id='word_1_265' title='bbox 455 3829 542 3892; x_wconf 85' lang='lat' dir='ltr'>qui</span> <span class='ocrx_word' id='word_1_266' title='bbox 561 3837 731 3891; x_wconf 77' lang='lat' dir='ltr'>postea</span> <span class='ocrx_word' id='word_1_267' title='bbox 756 3822 930 3872; x_wconf 81' lang='lat' dir='ltr'>consul</span> <span class='ocrx_word' id='word_1_268' title='bbox 950 3820 1045 3871; x_wconf 79' lang='lat' dir='ltr'>suit</span> <span class='ocrx_word' id='word_1_269' title='bbox 1065 3821 1131 3870; x_wconf 80' lang='lat' dir='ltr'>A.</span> <span class='ocrx_word' id='word_1_270' title='bbox 1153 3821 1216 3870; x_wconf 90' lang='lat' dir='ltr'>U.</span> <span class='ocrx_word' id='word_1_271' title='bbox 1235 3821 1357 3884; x_wconf 81' lang='lat'>699.</span> <span class='ocrx_word' id='word_1_272' title='bbox 1564 3818 1645 3866; x_wconf 84' lang='lat' dir='ltr'>cui</span> <span class='ocrx_word' id='word_1_273' title='bbox 1670 3819 1879 3868; x_wconf 73' lang='lat' dir='ltr'>maxime</span> <span class='ocrx_word' id='word_1_274' title='bbox 1906 3835 1998 3886; x_wconf 82' lang='lat' dir='ltr'>pro</span> <span class='ocrx_word' id='word_1_275' title='bbox 2019 3821 2212 3887; x_wconf 86' lang='lat' dir='ltr'>pupillo</span> <span class='ocrx_word' id='word_1_276' title='bbox 2240 3836 2343 3874; x_wconf 74' lang='lat' dir='ltr'>ent</span> <span class='ocrx_word' id='word_1_277' title='bbox 2374 3844 2597 3894; x_wconf 70' lang='lat' dir='ltr'>pugnan-</span> 
     </span>
    </p>

    <p class='ocr_par' dir='ltr' id='par_1_5' title="bbox 447 3895 2591 4210">
     <span class='ocr_line' id='line_1_33' title="bbox 528 3895 1702 3968; baseline -0.006 -14"><span class='ocrx_word' id='word_1_278' title='bbox 528 3923 580 3954; x_wconf 78' lang='lat'>2.</span> <span class='ocrx_word' id='word_1_279' title='bbox 627 3903 848 3967; x_wconf 76' lang='lat' dir='ltr'>Principe</span> <span class='ocrx_word' id='word_1_280' title='bbox 874 3899 1155 3968; x_wconf 70' lang='lat' dir='ltr'>juventutis.</span> <span class='ocrx_word' id='word_1_281' title='bbox 1198 3901 1323 3963; x_wconf 78' lang='lat' dir='ltr'>Qnae</span> <span class='ocrx_word' id='word_1_282' title='bbox 1365 3898 1474 3946; x_wconf 80' lang='lat' dir='ltr'>hus</span> <span class='ocrx_word' id='word_1_283' title='bbox 1564 3895 1702 3948; x_wconf 83' lang='lat' dir='ltr'>dum.</span> 
     </span>
     <span class='ocr_line' id='line_1_34' title="bbox 450 3959 2588 4048; baseline 0 -14"><span class='ocrx_word' id='word_1_284' title='bbox 450 3984 652 4035; x_wconf 73' lang='lat' dir='ltr'>attribui</span> <span class='ocrx_word' id='word_1_285' title='bbox 686 3982 810 4031; x_wconf 83' lang='lat' dir='ltr'>solet</span> <span class='ocrx_word' id='word_1_286' title='bbox 845 3977 1236 4030; x_wconf 72' lang='lat' dir='ltr'>adolescentibus</span> <span class='ocrx_word' id='word_1_287' title='bbox 1271 3959 1475 4028; x_wconf 72' lang='lat' dir='ltr'>nobilis2</span> <span class='ocrx_word' id='word_1_288' title='bbox 1636 3994 1687 4026; x_wconf 75' lang='lat' dir='ltr'>a.</span> <span class='ocrx_word' id='word_1_289' title='bbox 1710 3981 1819 4028; x_wconf 67' lang='lat' dir='ltr'>[st-S</span> <span class='ocrx_word' id='word_1_290' title='bbox 1840 3981 2199 4048; x_wconf 71' lang='lat' dir='ltr'>quadraginta.</span> <span class='ocrx_word' id='word_1_291' title='bbox 2231 3987 2361 4038; x_wconf 79' lang='lat' dir='ltr'>Cire.</span> <span class='ocrx_word' id='word_1_292' title='bbox 2380 3987 2531 4048; x_wconf 76' lang='lat' dir='ltr'>8‚2oo</span> <span class='ocrx_word' id='word_1_293' title='bbox 2548 3989 2588 4039; x_wconf 79' lang='lat' dir='ltr'>f.</span> 
     </span>
     <span class='ocr_line' id='line_1_35' title="bbox 452 4056 2591 4126; baseline -0.002 -14"><span class='ocrx_word' id='word_1_294' title='bbox 452 4065 584 4112; x_wconf 76' lang='lat' dir='ltr'>simis</span> <span class='ocrx_word' id='word_1_295' title='bbox 600 4098 616 4122; x_wconf 83' lang='lat'>,</span> <span class='ocrx_word' id='word_1_296' title='bbox 647 4062 734 4126; x_wconf 81' lang='lat' dir='ltr'>qni</span> <span class='ocrx_word' id='word_1_297' title='bbox 757 4071 899 4109; x_wconf 79' lang='lat' dir='ltr'>oetate</span> <span class='ocrx_word' id='word_1_298' title='bbox 925 4056 1313 4109; x_wconf 68' lang='lat' dir='ltr'>excludebantur</span> <span class='ocrx_word' id='word_1_299' title='bbox 1337 4074 1366 4107; x_wconf 75' lang='grc' dir='ltr'>ι</span> <span class='ocrx_word' id='word_1_300' title='bbox 1394 4073 1472 4106; x_wconf 78' lang='lat' dir='ltr'>ca·</span> <span class='ocrx_word' id='word_1_301' title='bbox 1563 4059 1624 4106; x_wconf 86' lang='lat' dir='ltr'>Et</span> <span class='ocrx_word' id='word_1_302' title='bbox 1656 4059 1823 4124; x_wconf 76' lang='lat' dir='ltr'>paullo</span> <span class='ocrx_word' id='word_1_303' title='bbox 1844 4061 1998 4120; x_wconf 75' lang='lat' dir='ltr'>infra,</span> <span class='ocrx_word' id='word_1_304' title='bbox 2030 4082 2055 4104; x_wconf 79' lang='grc' dir='ltr'>ιι</span> <span class='ocrx_word' id='word_1_305' title='bbox 2072 4064 2174 4113; x_wconf 79' lang='lat' dir='ltr'>H-s</span> <span class='ocrx_word' id='word_1_306' title='bbox 2196 4063 2419 4117; x_wconf 66' lang='lat' dir='ltr'>ducenti.</span> <span class='ocrx_word' id='word_1_307' title='bbox 2439 4069 2591 4117; x_wconf 76' lang='lat' dir='ltr'>milu-</span> 
     </span>
     <span class='ocr_line' id='line_1_36' title="bbox 447 4135 2131 4210; baseline -0.007 -21"><span class='ocrx_word' id='word_1_308' title='bbox 447 4141 696 4210; x_wconf 68' lang='lat' dir='ltr'>pmsendis</span> <span class='ocrx_word' id='word_1_309' title='bbox 723 4135 1097 4202; x_wconf 72' lang='lat' dir='ltr'>magistratibus.</span> <span class='ocrx_word' id='word_1_310' title='bbox 1563 4135 1690 4184; x_wconf 73' lang='lat' dir='ltr'>hm»</span> <span class='ocrx_word' id='word_1_311' title='bbox 1706 4173 1722 4200; x_wconf 78' lang='lat'>,</span> <span class='ocrx_word' id='word_1_312' title='bbox 1751 4141 1866 4188; x_wconf 74' lang='lat' dir='ltr'>circ,</span> <span class='ocrx_word' id='word_1_313' title='bbox 1882 4145 2069 4196; x_wconf 73' lang='lat'>41,000</span> <span class='ocrx_word' id='word_1_314' title='bbox 2093 4143 2131 4191; x_wconf 65' lang='lat' dir='ltr'>f,</span> 
     </span>
    </p>
   </div>
  </div>
 </body>
</html>
