2984 4684
537 349 674 422 512
1315 345 1882 414 EXCURSUS

621 459 792 532 Sunt
821 467 934 555 qui
965 465 1164 531 velint
1195 463 1535 528 cohortem
1568 465 1931 552 praetoriam
1964 463 2305 528 militarem
2338 463 2665 553 peditibus

535 579 748 642 solum
771 573 1169 654 constitisse3
1197 593 1470 658 oemque
1501 569 1583 634 ab
1610 570 1797 634 initio
1826 570 1969 658 ipso
1996 593 2217 634 rerum
2248 593 2665 635 romanarum

538 685 900 747 institutam
963 680 1180 742 fuisse.
1229 677 1395 742 Sane
1447 677 1587 756 ejus
1652 676 1897 742 mentio
1958 675 2091 755 jam
2156 699 2197 740 a
2260 679 2667 766 temporibus

534 791 606 856 P.
643 787 962 853 Postumii
1013 783 1344 849 dictatoris
1393 783 1677 848 occurrit
1714 781 1892 870 apud
1936 782 2228 865 Livium,
2273 783 2377 847 his
2409 784 2665 848 verbis:

535 893 850 960 «Cohorti
887 913 1050 973 suae,
1074 912 1272 978 quam
1303 887 1618 954 delectam
1650 911 1921 954 manum
1952 888 2231 976 praesidii
2272 911 2463 953 musa
2498 891 2669 954 cim

533 1025 602 1066 se
645 999 958 1080 habebat,
999 995 1110 1060 dat
1161 997 1442 1086 signum.
1493 994 1745 1060 Cohors
1798 992 2131 1058 dictatoris
2182 1011 2327 1059 tum
2378 995 2667 1082 primum

533 1105 826 1196 praelium
863 1102 1070 1165 iniit».
1107 1101 1245 1165 Liv.
1279 1099 1380 1182 11,
1413 1121 1516 1164 20.
1552 1101 1669 1190 His
1698 1099 1947 1180 verbis,
1980 1099 2276 1164 «Cohors
2298 1097 2665 1182 dictatoris,

537 1230 700 1278 etc.»
735 1209 1048 1274 docemur
1092 1203 1162 1270 1⁰
1195 1206 1537 1270 cohortem
1568 1205 1743 1268 illam
1775 1205 1907 1284 jam
1945 1221 2096 1270 ante
2139 1203 2460 1268 Postumii
2498 1221 2669 1268 tem-

533 1337 694 1408 pora
728 1315 928 1379 fuisse
961 1312 1358 1393 institutam3
1407 1309 1476 1374 2⁰
1508 1333 1650 1375 eam
1692 1333 1827 1376 nou
1848 1359 1867 1392 ,
1916 1310 2041 1376 nisi
2074 1333 2283 1399 quum
2321 1311 2666 1376 necessitas

531 1439 821 1514 cogeret,
867 1441 1228 1510 pugnasse3
1259 1433 1456 1505 atque
1477 1433 1629 1482 ante
1664 1417 2075 1481 Postumium
2108 1439 2465 1505 numquam
2498 1440 2665 1504 prae-

533 1531 696 1595 lium
729 1527 966 1592 iniisse.
1015 1523 1460 1588 Nihilominus
1496 1522 1673 1588 istud
1706 1523 2021 1612 praetoriae
2069 1522 2357 1588 cohortis
2404 1523 2667 1587 institu-

535 1653 680 1701 tum
721 1633 954 1697 Festus
1009 1629 1208 1694 refert
1241 1626 1325 1693 ad
1369 1629 1442 1693 P.
1467 1629 1837 1718 Scipionem
1868 1629 2289 1694 Africanum:
2320 1629 2667 1693 ‹Praetoria

534 1742 770 1806 cohors
814 1753 912 1802 est
959 1734 1164 1818 dicta,
1199 1735 1416 1824 inquit
1437 1783 1456 1818 ,
1500 1733 1681 1823 quod
1720 1758 1758 1798 a
1793 1750 2068 1823 praetore
2103 1757 2239 1798 non
2273 1733 2665 1801 discedebat.

533 1847 748 1936 Scipio
787 1846 960 1909 enim
995 1843 1336 1908 Africanus
1380 1841 1629 1929 primus
1670 1841 2095 1905 fortissimum
2130 1865 2457 1930 quemque
2490 1841 2667 1905 dele-

535 1955 656 2044 git,
693 1952 808 2041 qui
843 1951 923 2014 ab
961 1950 1103 2037 ipso
1140 1949 1208 2010 in
1253 1947 1424 2010 bello
1473 1970 1611 2011 non
1648 1945 2043 2028 discederet,
2081 1961 2148 2011 et
2176 1963 2391 2012 cetero
2426 1947 2669 2012 militiae

533 2079 804 2122 munere
859 2070 1144 2135 vacaret,
1219 2069 1284 2116 et
1357 2051 1727 2140 sesquiplex
1792 2052 2193 2140 stipendium
2276 2053 2593 2142 acciperet
2618 2085 2666 2117 ιι.

537 2166 699 2228 Uter
733 2163 935 2250 igitur
968 2157 1374 2224 audiendus?
1399 2158 1741 2242 Liviusne,
1778 2181 1861 2222 an
1898 2159 2177 2224 Festus?
2210 2157 2534 2224 Neutrum
2561 2183 2667 2224 er-

529 2269 694 2332 roris
723 2287 984 2354 argues,
1025 2263 1080 2328 si
1109 2262 1402 2351 Lipsium
1434 2260 1749 2326 audieris:
1784 2263 1965 2326 «Iam
2006 2261 2271 2350 quidem
2294 2311 2311 2344 ‚
2350 2263 2595 2352 inquit,
2630 2286 2668 2326 a

536 2371 854 2438 Postumii
887 2369 1294 2458 temporibus
1328 2367 1455 2432 fuit
1490 2369 1727 2433 cohors
1774 2369 2107 2456 praetoria,
2157 2367 2272 2433 sed
2308 2391 2454 2432 raro
2485 2393 2671 2432 usur·

534 2497 720 2569 pata:
750 2478 878 2541 fuit
909 2499 946 2540 e
975 2475 1354 2540 voluntariis
1386 2477 1694 2557 fortasse,
1730 2489 1845 2538 aut
1876 2475 1947 2538 in
1979 2475 2177 2538 unius
2208 2497 2443 2565 pugnae
2470 2499 2668 2540 even·-

536 2605 678 2652 tum
707 2583 926 2672 captis·
968 2585 1052 2647 At
1083 2581 1330 2669 Scipio,
1365 2599 1442 2645 ut
1473 2579 1795 2644 ordinaria
1824 2597 2019 2664 esset,
2048 2598 2124 2644 ut
2156 2603 2505 2646 munerum
2542 2583 2665 2645 mi·

535 2694 686 2758 litiae
717 2690 1124 2754 vacationem
1143 2735 1162 2768 ,
1197 2703 1263 2750 et
1294 2683 1691 2776 stipendium
1721 2685 1995 2774 amplius
2026 2685 2327 2770 haberet,
2356 2687 2668 2769 instituit3

537 2823 612 2863 ac
645 2793 924 2884 proinde
953 2793 1090 2873 ejus
1127 2809 1356 2856 auctor
1385 2813 1421 2854 a
1442 2792 1637 2856 Festo
1670 2791 1931 2855 habitus
1966 2809 2128 2857 est».
2154 2793 2329 2880 Lips.
2362 2793 2445 2858 de
2476 2793 2667 2860 Milit.

541 2905 640 2984 11,
677 2909 740 2981 4.
768 2903 976 2966 Porro
1013 2900 1388 2963 institutum
1420 2897 1584 2962 illud
1615 2897 1789 2962 idem
1814 2899 2067 2988 Lipsius
2100 2899 2517 2964 referendum
2555 2924 2671 2988 pu·

543 3027 636 3074 tat
662 3005 744 3072 ad
767 3007 1144 3072 Africanum
1171 3005 1533 3110 minorem,
1564 3026 1682 3067 seu
1708 3004 2219 3087 Numantinum,
2260 2999 2325 3068 1⁰
2347 3007 2497 3093 quia
2528 3007 2669 3070 silet

541 3116 625 3180 de
657 3115 768 3178 illo
799 3111 1148 3199 Polybius,
1185 3083 1400 3196 quod
1410 3125 1799 3198 argumento
1845 3124 1972 3189 est,
2021 3109 2180 3174 illud
2228 3133 2363 3174 aevo
2412 3111 2669 3192 majoris

543 3220 824 3288 Africani
859 3219 924 3280 in
961 3237 1089 3280 usu
1117 3237 1252 3278 non
1287 3215 1523 3298 fuisse3
1574 3215 1644 3278 2⁰
1676 3216 2056 3279 auctoritate
2090 3215 2326 3281 ductus
2363 3219 2669 3307 Appiani,

543 3329 656 3418 qui
695 3324 1098 3391 Ibericorum
1130 3341 1274 3408 pag.
1306 3319 1464 3400 516,
1502 3319 1726 3384 scribit
1766 3317 2285 3385 «Numantinum
2314 3323 2581 3387 clientes
2606 3341 2669 3386 et

543 3435 785 3498 amicos
817 3451 896 3493 ex
938 3425 1114 3490 Urbe
1147 3423 1444 3489 eduxisse
1487 3425 1570 3490 ad
1607 3425 2033 3514 quingentos,
2080 3449 2249 3514 quos
2285 3427 2355 3490 in
2390 3443 2669 3492 turmam

543 3560 742 3604 unam
777 3533 1067 3599 redactos
1098 3531 1370 3594 vocabat
1396 3541 1540 3610 φίλων
1570 3541 1699 3612 ἴλην,
1723 3531 1767 3594 i.
1788 3555 1845 3594 e.
1870 3531 2208 3596 cohortem
2240 3533 2600 3598 amicorum
2622 3565 2669 3598 ι.

541 3646 860 3711 Cohortes
923 3640 1236 3730 praetorioe
1289 3639 1517 3719 Marii,
1572 3638 1842 3721 Petreii,
1892 3640 2193 3717 Antonii,
2254 3641 2557 3706 Sallustio
2607 3655 2672 3705 et

541 3749 892 3820 Plutarcho
945 3761 1414 3812 memorantur.
1459 3747 1671 3810 Caesar
1725 3745 1969 3809 nullam
2032 3745 2288 3810 videtur
2344 3745 2665 3812 habuisse.

545 3859 836 3926 Ducibus
863 3857 1020 3922 olim
1057 3855 1322 3945 singulae
1343 3905 1360 3935 ,
1406 3867 1630 3942 postea
1662 3852 1813 3917 duci
1846 3853 1963 3917 uni
1988 3851 2205 3943 plures
2233 3853 2539 3919 cohortes
2566 3853 2671 3918 ad·

542 3969 691 4030 ditae.
732 3981 902 4028 sunt.
953 3960 1328 4026 Praetoriani
1377 3959 1645 4040 milites,
1692 3959 1833 4046 gall.
1888 3957 1955 4022 la
1992 3959 2199 4048 garde
2231 3957 2666 4047 pretor-ienae,

539 4073 836 4161 exemplo
877 4068 1274 4156 praetorianae
1312 4065 1601 4131 cohortis
1652 4065 1733 4128 ad
1774 4065 2147 4154 principum
2184 4065 2450 4131 tutelam
2482 4066 2667 4131 iusti-
