2984 4684
471 341 605 414 118
1107 343 1208 410 M.
1257 343 1337 410 T.
1388 339 1965 411 CICERONIS

461 487 774 560 rumque
805 463 1038 534 socios
1052 515 1072 551 ,
1097 461 1389 534 induxit
1404 517 1425 552 ,
1447 461 1735 560 decepit
1750 515 1771 550 ,
1794 461 2155 549 destituit,
2176 459 2599 532 adversariis

462 571 790 662 tradidit,
833 575 1036 644 omni
1070 570 1324 644 fraude
1365 587 1439 644 et
1479 570 1786 672 perfidia
1814 569 2113 644 fefellit:
2147 575 2277 668 qui
2309 570 2402 642 de
2440 575 2600 668 ejus

461 685 728 756 scelere
775 685 1121 781 suspicari
1165 682 1348 754 nihil
1383 697 1827 781 potuerunt;
1868 685 2147 753 socium
2187 679 2409 753 officii
2441 705 2595 752 me·

461 808 668 866 tuere
719 818 870 866 non
911 793 1364 883 debuerunt3
1419 795 1579 890 ejus
1620 793 1965 864 malitiam
2010 817 2163 863 nou
2214 791 2597 878 viderunt3

459 907 772 976 orationi
811 929 1014 977 vanae
1051 902 1538 976 crediderunt.
1573 907 1827 1001 Itaque
1867 925 2067 974 nunc
2110 902 2215 973 illi
2260 901 2599 973 homines

459 1011 948 1086 honestissimi
999 1027 1300 1112 propter
1343 1016 1553 1084 istius
1599 1012 1895 1086 insidias
1942 1036 2199 1112 parum
2246 1025 2603 1109 putantur

461 1125 653 1194 cauti
697 1122 1131 1221 providique
1163 1121 1425 1194 fuisse:
1456 1125 1625 1206 iste,
1656 1127 1787 1221 qui
1822 1126 2031 1197 initio
2063 1121 2398 1222 proditor
2424 1119 2599 1209 fuit,

461 1229 726 1304 deinde
751 1230 1052 1330 perfuga
1070 1286 1091 1320 ,
1116 1235 1246 1330 qui
1277 1234 1515 1330 primo
1546 1237 1913 1305 sociorum
1945 1232 2247 1304 consilia
2273 1230 2603 1303 adversa·

463 1342 587 1413 riis
606 1343 1042 1430 enuntiavit,
1065 1341 1330 1414 deinde
1353 1345 1767 1415 societatem
1788 1369 1955 1414 cum
1978 1347 2156 1441 ipsis
2179 1342 2603 1414 adversariis

459 1455 658 1541 coiit,
684 1466 908 1524 terret
931 1455 1148 1524 etiam
1181 1478 1318 1526 nos
1333 1509 1353 1543 ,
1379 1456 1474 1526 ac¹
1489 1457 1833 1543 minatur,
1858 1453 2091 1526 tribus
2116 1453 2433 1552 praediis,
2457 1452 2603 1524 hoc

460 1577 571 1634 est
587 1615 609 1652 ,
636 1566 942 1661 praemiis
961 1564 1248 1638 sceleris
1269 1580 1591 1636 ornatus.
1616 1571 1702 1636 In
1728 1565 2085 1662 ejusmodi
2110 1569 2279 1653 vita,
2290 1591 2316 1662 J
2326 1563 2601 1652 udices,

461 1674 538 1740 in
572 1671 684 1742 his
717 1686 828 1742 tot
863 1676 1226 1770 tantisque
1253 1672 1571 1772 flagitiis,
1597 1675 1741 1746 hoc
1766 1677 2115 1773 quoqu'e‘*
2144 1673 2603 1761 maleficium,

463 1781 555 1854 de
587 1806 740 1879 quo
769 1782 1126 1880 judicium
1161 1799 1301 1874 est,
1333 1789 1731 1884 reperietiS.

449 1963 468 1986 Ι
557 1897 844 1964 Etenim
874 1919 1195 1993 quaerere
1216 1893 1351 1968 ita⁵
1373 1895 1653 1968 debetis
1676 1923 1693 1966 τ
1720 1896 2097 1968 ubimulta
2116 1921 2353 1986 avare,
2375 1895 2604 1966 multa

461 2002 826 2093 audacter,
859 2006 1088 2076 multa
1122 2005 1494 2105 improbe,
1514 2007 1743 2079 multa
1772 2005 2159 2107 perfidiose
2186 2005 2371 2079 facta
2400 2005 2601 2077 vide-

464 2117 596 2204 tis,
641 2113 746 2186 ibi
792 2114 868 2185 id
921 2117 1155 2188 scelus
1189 2142 1490 2216 quoque
1533 2119 1753 2190 latere
1797 2123 1988 2189 inter
2028 2119 2149 2190 illa
2192 2132 2305 2190 tot
2338 2115 2605 2213 flagitia

461 2237 814 2323 putatote.
848 2229 1158 2300 Tametsi
1189 2227 1334 2298 hoc
1371 2228 1673 2326 quidem
1704 2232 2003 2300 minime
2034 2228 2239 2318 latet,
2276 2227 2479 2327 quod
2507 2231 2605 2298 ita

463 2349 892 2432 promptum
926 2352 998 2408 et
1017 2341 1471 2436 propositum
1501 2355 1632 2428 est,
1654 2355 1739 2410 ut
1764 2364 1915 2410 non
1945 2364 2035 2411 ex
2056 2341 2193 2412 illis
2214 2337 2605 2424 maleficiis,

465 2471 629 2545 quae
652 2449 729 2518 in
748 2447 874 2520 illo
904 2464 1186 2523 constat
1207 2475 1385 2540 esse,
1412 2451 1555 2522 hoc
1578 2452 2055 2548 intelligatur3
2080 2473 2331 2522 verum
2356 2475 2447 2522 ex
2468 2449 2609 2520 hoc

463 2561 706 2649 etiam,
737 2563 797 2630 si
830 2559 1031 2658 quod
1065 2561 1354 2633 illorum
1387 2561 1574 2633 forte
1601 2561 2081 2651 dubitabitur,
2108 2564 2603 2634 convincatur.

459 2667 657 2760 Quid
681 2668 974 2742 tandem
992 2725 1013 2761 ,
1035 2696 1280 2768 quaeso
1295 2727 1314 2760 ,
1330 2671 1657 2769 judices?
1680 2698 1861 2743 num
1881 2687 2009 2743 aut
2028 2672 2148 2743 ille
2176 2672 2434 2743 lanista
2456 2696 2608 2744 om·

461 2782 644 2853 nino
655 2782 804 2875 jam
821 2804 864 2851 a
883 2781 1136 2876 gladiis
1162 2785 1538 2854 recessisse
1557 2782 1870 2872 videtur,
1891 2797 2021 2854 aut
2044 2786 2177 2854 iste
2204 2782 2605 2880 discipulus

463 2892 806 2986 magistro
841 2893 1205 2966 tantulum
1241 2893 1334 2965 de
1377 2907 1533 2964 arte
1581 2893 2028 2966 concedere?
2073 2898 2211 2964 Par
2246 2908 2357 2965 est
2384 2896 2607 2964 avari-

463 3002 602 3088 tia,
635 3000 885 3070 similis
920 3000 1345 3100 improbitas
1369 3056 1390 3091 ,
1450 3001 1703 3074 eadem
1736 3001 2229 3102 impudentia,
2272 2999 2604 3101 gemina⁶

458 3107 780 3180 audacia.

562 3224 744 3292 XLI.
793 3221 1117 3309 Etenim,
1167 3225 1515 3318 quoniam
1560 3219 1782 3293 fidem
1824 3223 2147 3318 magistri
2201 3224 2605 3318 cognostiS,

461 3334 875 3429 cognoscite
917 3354 1118 3400 nunc
1149 3329 1486 3430 discipuli
1518 3335 1953 3429 aequitatem.
1982 3333 2150 3404 Dixi
2173 3332 2323 3428 jam
2352 3346 2602 3422 antea,

457 3465 956 3541 saepenumero
989 3442 1390 3539 postulatos
1435 3467 1591 3517 esse
1635 3441 1727 3514 ab
1774 3442 1928 3512 istis
1949 3451 1971 3484 ¹
2019 3438 2207 3512 duos
2244 3464 2495 3512 servos
2526 3444 2603 3510 in

454 3615 568 3646 vere
591 3598 732 3648 nullo
766 3597 918 3648 modo
956 3615 1230 3664 possumus.
1257 3599 1480 3650 ‘I'ransla-¹
1638 3599 1691 3648 5.
1716 3601 1945 3662 ρων-σω
1967 3598 2061 3646 ica.
2102 3601 2243 3646 Hanc
2278 3596 2424 3662 sequi
2462 3613 2605 3662 regu·

453 3681 529 3726 tio
557 3693 584 3725 a
609 3677 960 3742 gladiatoribus
987 3679 1166 3740 ducta,
1198 3679 1290 3728 nbi
1314 3679 1376 3728 de
1401 3681 1477 3728 in-
1564 3677 1663 3727 lam
1680 3679 1735 3726 in
1753 3677 2036 3742 qum-endo.

452 3756 590 3806 sidit·
607 3756 839 3805 cavendis
856 3757 1034 3821 agitur.
1631 3760 1685 3808 6.
1710 3757 1941 3808 Gemina.
1974 3761 2084 3816 Par,
2110 3755 2305 3806 similis.
2324 3757 2409 3806 Sic
2420 3754 2605 3824 gemel-

525 3843 574 3891 4.
612 3835 718 3883 Hoc
755 3851 964 3900 quoque.
993 3839 1052 3886 Iu
1085 3838 1186 3888 vita
1220 3838 1478 3904 capitonis
1566 3839 1640 3887 lus
1664 3837 1799 3902 apud
1818 3841 1996 3889 Horat.
2018 3839 2199 3894 Sat-11,
2224 3837 2277 3896 3,
2308 3843 2432 3894 ²4⁴·

451 3927 553 3966 tam
573 3913 842 3978 flagititin,
875 3917 1124 3980 reperietis
1147 3918 1294 3968 etiam
1317 3918 1477 3966 scelus
1634 3919 1769 3966 xm.
1810 3930 1857 3966 1.
1882 3917 1967 3966 Ab
1998 3915 2121 3966 istit.
2160 3915 2242 3964 Ab
2277 3913 2600 3971 adversariis,

449 3994 593 4056 illud,
631 3993 692 4042 de
719 4009 822 4058 quo
845 4011 979 4046 nunc
995 3999 1170 4068 agitur,
1191 4015 1364 4062 nempe
1381 4013 1474 4048 σκ-
1563 3995 1604 4048 ἰ.
1632 4012 1679 4046 ο.
1704 4011 1797 4043 nos
1826 4011 1853 4043 a
1870 3995 2067 4072 dnobus
2097 3995 2293 4045 Rosciis
2314 3993 2599 4060 putul-ne.

449 4075 560 4124 dem
584 4078 634 4126 S.
657 4073 842 4124 Roscii.
1566 4073 1685 4126 vid.
1705 4091 1815 4140 sup.
1840 4076 1925 4124 28.
