2984 4684
467 399 614 475 236
813 400 1368 473 EXCURSUS
1413 402 1551 471 DE
1598 400 2254 473 PROVINCIIS.

459 537 556 600 tio
599 532 944 599 consulatu
991 532 1132 597 baec
1183 531 1416 598 habet:
1461 562 1490 589 ιι
1520 532 1687 617 Quo
1730 530 1951 597 omnia
1996 549 2205 619 quum
2254 530 2325 593 in
2372 546 2605 597 senatu

461 660 718 705 summa
749 637 945 705 laude
973 640 1464 721 extollerentur,
1483 638 1545 704 ei
1578 638 1740 704 duas
1770 636 1995 703 denuo
2020 636 2331 727 legiones,
2360 654 2429 701 et
2446 652 2609 703 tem·

459 768 584 837 pus
629 746 716 811 ad
759 747 1028 813 aliarum
1073 746 1366 837 gentium
1407 746 1755 837 imperium
1800 744 2101 812 attribuit
2118 774 2166 809 ι.
2218 746 2427 809 Coesar
2464 744 2605 834 ipse

459 850 574 919 lib.
605 852 639 916 I
671 850 754 918 de
783 851 963 917 Bello
1003 851 1172 916 civili
1221 852 1314 917 ita
1347 852 1611 917 scribit:
1646 880 1675 909 ι
1704 850 2059 916 Provincia
2086 850 2351 940 privatis
2378 848 2603 915 decer-

461 974 744 1041 nuntur,
779 957 926 1023 dum
957 958 1358 1041 consulares,
1385 959 1651 1047 reliqum
1682 956 2032 1048 pretorio,
2068 957 2357 1045 Scipioni
2388 957 2603 1045 Syria,

457 1063 750 1129 Domitio
775 1063 978 1130 Gallia
1003 1064 1270 1129 obvenit
1283 1088 1341 1147 »ς
1369 1064 1679 1129 retulerat
1706 1078 1923 1130 autem
1953 1062 2037 1129 de
2060 1064 2410 1153 provinciis
2431 1064 2600 1127 Len·

458 1169 638 1233 tulus
671 1171 904 1235 consul
933 1170 1151 1235 statim
1183 1186 1334 1259 post
1371 1168 1679 1236 kalendas
1717 1168 1967 1250 januar.
2018 1169 2463 1253 Quamobrem
2480 1216 2499 1251 ,
2544 1170 2601 1233 si

459 1276 694 1340 Caesari
725 1296 862 1340 non
903 1274 1256 1341 effluxisset
1291 1292 1553 1367 tempus
1590 1277 1847 1367 imperii
1888 1274 2183 1341 kalendis
2221 1290 2409 1341 mart.
2444 1276 2599 1339 anni

456 1402 586 1470 qoo
606 1428 627 1464 ,
686 1381 984 1449 decretus
1017 1382 1110 1446 illi
1141 1383 1372 1449 fuisset
1399 1404 1741 1449 successor
1770 1398 1923 1447 ante
1962 1398 2223 1473 tempus
2260 1384 2403 1472 lege
2432 1382 2603 1447 Tre·

456 1488 659 1555 bonia
704 1487 1188 1578 proscriptum,
1231 1490 1476 1581 quippe
1520 1506 1671 1555 ante
1710 1488 1968 1554 kalend.
2002 1504 2192 1555 mart.
2230 1489 2390 1555 anni
2436 1510 2555 1576 7⁰¹
2576 1538 2599 1571 ‚

459 1616 669 1683 quum
701 1594 948 1661 factum
991 1597 1189 1661 fuerit
1229 1595 1570 1662 decretum
1616 1594 1701 1661 de
1746 1596 2159 1663 successione
2201 1596 2418 1659 statim
2452 1608 2602 1683 post

458 1700 713 1766 kalend.
741 1700 872 1781 jan.
903 1700 1100 1783 hujus
1123 1704 1324 1785 anni3
1373 1701 1657 1791 ideoque
1698 1722 1835 1767 non
1888 1702 2359 1767 dissimulasset
2390 1702 2605 1765 Cesar

456 1822 706 1873 tantam
737 1806 1038 1887 injuriam
1057 1856 1078 1891 ,
1106 1828 1315 1896 quum
1347 1807 1591 1873 ibidem
1621 1808 1745 1872 alia
1778 1808 2033 1873 minora
2068 1822 2413 1896 queratur:
2462 1836 2489 1862 ιι
2518 1807 2599 1870 In

459 1934 530 1980 se
563 1914 716 1979 novi
755 1916 1010 2006 generis
1038 1916 1310 2004 imperia
1341 1916 1691 1999 constitui,
1720 1917 1789 1981 in
1823 1938 1893 1981 se
1924 1918 2070 1998 jura
2104 1916 2599 2005 magistratuum

455 2021 842 2085 commutari
862 2068 880 2103 ,
923 2042 1008 2085 ne
1046 2042 1125 2086 ex
1159 2038 1468 2112 praetura,
1503 2038 1627 2087 etc.
1648 2054 1675 2080 υ
1734 2042 1951 2110 neque
1990 2022 2265 2089 verbum
2318 2022 2473 2086 facit
2514 2021 2603 2085 de

463 2126 664 2190 misso
707 2142 860 2191 ante
907 2126 1272 2217 legitimum
1319 2144 1579 2217 tempus
1632 2148 2022 2193 successore.
2066 2130 2343 2193 Constat
2380 2128 2601 2217 igitur,

463 2232 994 2321 quinquennium
1068 2234 1226 2325 legis
1285 2234 1625 2300 Treboniae
1686 2254 1825 2299 non
1888 2235 2233 2299 excessisse
2296 2233 2601 2299 kalendas

461 2354 650 2403 mart.
703 2339 862 2403 anni
908 2360 1072 2427 7oo,
1121 2356 1188 2403 et
1229 2341 1462 2405 Coesari
1518 2340 1853 2407 decretum
1906 2340 2106 2406 fuisse
2154 2362 2599 2406 successorem

460 2446 826 2510 Domitium
851 2462 1002 2535 post
1033 2445 1288 2512 kalend.
1319 2446 1569 2528 januar.
1598 2448 1753 2512 anni
1788 2470 1947 2535 701,
1986 2470 2065 2511 ex
2098 2448 2365 2512 Caesaris
2404 2448 2603 2511 Com·

458 2552 823 2635 mentariis,
859 2568 928 2617 et
967 2552 1104 2617 aliis
1138 2554 1537 2619 auctoribus.
1573 2554 1715 2619 Iam
1750 2576 1905 2619 vero
1936 2569 2225 2643 peterem
2260 2554 2345 2619 ab
2376 2552 2605 2619 adver·

461 2657 640 2723 sariis
661 2706 680 2739 ‚
709 2680 998 2747 quonam
1020 2660 1168 2739 jure
1193 2680 1312 2749 per
1338 2658 1567 2725 decem
1598 2656 1743 2725 illos
1774 2680 2058 2742 menses,
2090 2662 2203 2749 qui
2240 2680 2601 2725 numeran-

459 2780 570 2829 tur
595 2785 632 2828 a
659 2766 1112 2853 quinquennio
1131 2767 1265 2847 jam
1289 2768 1509 2854 elapso
1538 2786 1751 2855 usque
1782 2766 1866 2830 ad
1902 2788 2365 2849 successorem,
2386 2767 2603 2830 Caesar

457 2869 814 2934 obtinuerit
859 2870 1136 2935 Gallias:
1187 2872 1244 2936 si
1281 2871 1543 2955 dicant,
1590 2872 1773 2961 quod
1809 2868 2109 2937 nondum
2146 2893 2185 2936 a
2216 2886 2449 2937 senatu
2482 2890 2599 2935 ve-

459 2974 663 3039 nisset
689 2998 1042 3059 successor,
1065 2978 1272 3066 legem
1301 2978 1673 3042 Corneliam
1696 2976 2055 3042 admittunt
2070 3002 2089 3061 3
2104 2978 2181 3041 ‘si
2206 2998 2384 3055 vero,
2418 2974 2601 3065 quod

456 3080 804 3169 imperium
821 3081 886 3144 vi
911 3082 1204 3163 retinuit,
1220 3082 1352 3162 jam
1377 3098 1521 3147 tum
1548 3105 1703 3173 ergo
1721 3082 2111 3163 judicandus
2138 3082 2351 3147 fuerat
2370 3082 2601 3165 hostis,

461 3209 598 3252 nou
627 3204 973 3276 postquam
1003 3188 1169 3253 ultra
1201 3188 1360 3255 fines
1395 3190 1745 3279 provinciae
1786 3188 1975 3255 duxit
2014 3190 2392 3254 exercitum.
2426 3190 2599 3254 Nam

435 3292 516 3357 .si
559 3292 847 3360 kalendis
893 3310 1078 3360 mart.
1107 3297 1263 3359 anni
1299 3318 1430 3382 700
1467 3296 1820 3385 imperium
1854 3296 2094 3360 Caesari
2138 3294 2394 3359 nullum
2430 3310 2600 3378 erat,

465 3414 696 3487 utpote
731 3422 866 3463 non
901 3415 1324 3490 prorogatum
1355 3424 1393 3465 a
1431 3416 1696 3483 senatu,
1722 3420 1843 3467 cur
1870 3422 2008 3467 non
2040 3399 2171 3464 hoc
2193 3398 2369 3490 apud
2398 3400 2603 3465 histo-

459 3506 629 3571 ricos
656 3508 1050 3597 exprobrant
1071 3508 1334 3573 Caesaris
1361 3508 1632 3590 inimici,
1651 3508 1765 3596 qui
1795 3509 1955 3573 levia
1978 3507 2169 3573 etiam
2200 3528 2605 3597 persequun-

461 3612 615 3677 tur?
661 3636 781 3678 cur
823 3614 1282 3703 proconsulem
1331 3630 1398 3680 et
1451 3616 1911 3704 imperatorem
1960 3614 2179 3681 adhuc
2230 3612 2605 3703 appellant?

456 3740 578 3781 cur
637 3742 773 3783 non
835 3720 1006 3785 hanc
1065 3721 1216 3786 belli
1271 3742 1528 3787 causam
1578 3721 2033 3809 prm-tendunt?
2080 3723 2233 3786 Iure
2284 3720 2598 3783 nimirum

455 3824 776 3890 retinebat
809 3827 1156 3917 imperium
1172 3875 1191 3910 ,
1230 3826 1344 3893 sed
1385 3842 1612 3892 eontra
1645 3827 1815 3917 leges
1852 3846 2295 3891 successorem
2340 3845 2601 3890 recusa·-

457 3928 603 4011 bat,
637 3930 820 4019 quod
867 3956 1076 3997 unum
1113 3933 1202 3998 illi
1243 3932 1436 4012 objici
1479 3932 1751 3997 solebat.

1891 4058 1945 4122 F
1946 4078 2179 4121 unns-1¹1
2188 4078 2280 4119 us.
