2984 4684
717 414 852 482 DE
899 410 1671 481 VECTIGALIBUS
1718 412 1975 480 REIP.
2014 423 2147 479 etc.
2365 406 2507 504 569

373 536 508 601 haec
551 533 828 597 istorum
868 531 1276 596 immodestia
1319 548 1396 596 ut
1439 531 1824 597 tollerentur
1863 533 2147 620 portoria
2211 530 2380 619 (Cic.
2422 530 2507 595 ad

374 639 603 722 Quint.
640 638 747 702 Fr.
783 636 987 725 Epist.
1022 637 1092 719 1,
1137 635 1230 725 1),
1278 652 1343 701 et
1385 654 1460 701 ut
1498 637 1828 729 publicani
1865 660 2112 703 nomen
2148 636 2304 701 odio
2339 652 2511 702 esset

374 744 605 810 exteris
629 742 1024 809 nationibus.
1054 742 1183 808 Cic.
1211 744 1281 807 in
1295 742 1478 808 Verr.
1513 746 1580 810 II
1599 792 1618 826 ,
1642 766 1782 832 cap.
1808 743 1866 809 3.
1900 745 2120 809 Stante
2156 742 2510 833 republica,

374 850 874 945 publicanorum
911 849 1168 914 fraudes
1203 850 1443 933 multis,
1469 848 1803 919 interdum
1832 866 1899 915 et
1926 850 2149 915 exsilio
2171 849 2509 951 vindicatae

376 972 549 1023 sunt.
578 956 812 1021 Postea
858 979 938 1021 ex
980 954 1191 1022 edicto
1231 956 1513 1022 Neronis
1549 973 1857 1047 praetores
1890 972 1954 1021 et
1995 956 2298 1045 praesides
2334 972 2511 1021 extra

379 1061 678 1127 ordinem
719 1060 1024 1129 adversus
1051 1062 1434 1151 publicanos
1475 1063 1621 1143 jura
1662 1062 2112 1128 reddiderunt.
2140 1062 2512 1144 Corn.Tac.

377 1168 578 1250 XIII,
622 1165 724 1233 50.
762 1168 1014 1235 Deinde
1049 1184 1286 1259 praetor
1315 1170 1711 1235 ordinariam
1744 1170 2067 1235 actionem
2110 1166 2324 1252 dedit,
2370 1191 2513 1256 quae

382 1276 778 1363 proponitur
821 1277 890 1339 in
941 1277 1019 1341 fr.
1063 1300 1090 1339 1
1137 1300 1235 1366 pr.
1278 1278 1523 1367 Digest.
1578 1275 1658 1342 de
1708 1277 1959 1343 Public.
2000 1292 2067 1341 et
2094 1275 2343 1365 Vectig.
2391 1274 2519 1338 hoc

383 1402 617 1445 sensu:
652 1380 759 1446 «Si
795 1380 951 1469 quid
984 1382 1232 1471 publici
1265 1384 1568 1465 nomine,
1613 1382 1940 1471 publicani
1973 1398 2086 1447 aut
2131 1380 2379 1445 familia
2405 1402 2521 1443 eo-

385 1508 533 1549 rum
567 1487 630 1550 vi
672 1484 1095 1572 ademissent,
1139 1504 1254 1553 aut
1291 1487 1607 1555 damnum
1653 1488 1923 1571 injuria,
1970 1490 2297 1553 furtumve
2330 1484 2521 1551 fecis-

384 1608 559 1673 sent,
605 1593 774 1656 intra
823 1614 1071 1657 annum
1119 1594 1188 1657 in
1234 1592 1545 1684 duplum,
1596 1609 1746 1683 post
1797 1616 2043 1658 annum
2093 1594 2162 1657 in
2210 1590 2515 1678 simplum

385 1698 722 1767 restituere
751 1714 1130 1766 tenerentur
1151 1730 1200 1765 n.

1278 1806 1602 1872 Dnsuan.
1642 1830 1723 1871 nx
1766 1826 2167 1871 nncnnslonr.
2211 1824 2528 1876 ism-roms.
