<?xml version="1.0" encoding="UTF-8"?>
<!DOCTYPE html PUBLIC "-//W3C//DTD XHTML 1.0 Transitional//EN"
    "http://www.w3.org/TR/xhtml1/DTD/xhtml1-transitional.dtd">
<html xmlns="http://www.w3.org/1999/xhtml" xml:lang="en" lang="en">
 <head>
  <title>
</title>
<meta http-equiv="Content-Type" content="text/html;charset=utf-8" />
  <meta name='ocr-system' content='tesseract 3.04.00' />
  <meta name='ocr-capabilities' content='ocr_page ocr_carea ocr_par ocr_line ocrx_word'/>
</head>
<body>
  <div class='ocr_page' id='page_1' title='image "./mtciceronisquae03lemagoog_0391.png"; bbox 0 0 2984 4684; ppageno 0'>
   <div class='ocr_carea' id='block_1_1' title="bbox 729 386 2490 472">
    <p class='ocr_par' dir='ltr' id='par_1_1' title="bbox 729 386 2490 472">
     <span class='ocr_line' id='line_1_1' title="bbox 729 386 2490 472; baseline 0.001 -14"><span class='ocrx_word' id='word_1_1' title='bbox 729 389 843 460; x_wconf 81' lang='lat' dir='ltr'><strong>IN</strong></span> <span class='ocrx_word' id='word_1_2' title='bbox 892 387 1341 456; x_wconf 86' lang='lat' dir='ltr'>VERREM</span> <span class='ocrx_word' id='word_1_3' title='bbox 1392 387 1615 456; x_wconf 91' lang='lat' dir='ltr'><strong>ACT.</strong></span> <span class='ocrx_word' id='word_1_4' title='bbox 1669 387 1781 472; x_wconf 89' lang='lat'><strong>11,</strong></span> <span class='ocrx_word' id='word_1_5' title='bbox 1833 389 2027 456; x_wconf 89' lang='lat' dir='ltr'><strong>LIB.</strong></span> <span class='ocrx_word' id='word_1_6' title='bbox 2063 390 2116 456; x_wconf 92' lang='grc' dir='ltr'><strong>Ι.</strong></span> <span class='ocrx_word' id='word_1_7' title='bbox 2361 386 2490 459; x_wconf 78' lang='lat'><strong>351</strong></span> 
     </span>
    </p>
   </div>
   <div class='ocr_carea' id='block_1_2' title="bbox 300 505 2628 3370">
    <p class='ocr_par' dir='ltr' id='par_1_2' title="bbox 349 505 2506 1137">
     <span class='ocr_line' id='line_1_2' title="bbox 350 505 2506 612; baseline -0.002 -25"><span class='ocrx_word' id='word_1_8' title='bbox 350 515 765 612; x_wconf 81' lang='lat' dir='ltr'><strong>elapsurum</strong></span> <span class='ocrx_word' id='word_1_9' title='bbox 828 511 1031 580; x_wconf 89' lang='lat' dir='ltr'><strong>omni</strong></span> <span class='ocrx_word' id='word_1_10' title='bbox 1080 509 1498 606; x_wconf 82' lang='lat' dir='ltr'>suspicione</span> <span class='ocrx_word' id='word_1_11' title='bbox 1541 505 1986 580; x_wconf 81' lang='lat' dir='ltr'><strong>arbitrabare</strong></span> <span class='ocrx_word' id='word_1_12' title='bbox 2005 563 2026 592; x_wconf 84' lang='lat'>‚</span> <span class='ocrx_word' id='word_1_13' title='bbox 2074 511 2178 596; x_wconf 90' lang='lat' dir='ltr'><strong>si,</strong></span> <span class='ocrx_word' id='word_1_14' title='bbox 2235 509 2506 608; x_wconf 90' lang='lat' dir='ltr'><strong>quibus</strong></span> 
     </span>
     <span class='ocr_line' id='line_1_3' title="bbox 349 617 2504 722; baseline -0.001 -26"><span class='ocrx_word' id='word_1_15' title='bbox 349 626 739 722; x_wconf 88' lang='lat' dir='ltr'><strong>pecuniam</strong></span> <span class='ocrx_word' id='word_1_16' title='bbox 774 619 1161 707; x_wconf 78' lang='lat' dir='ltr'><strong>credeba5‚</strong></span> <span class='ocrx_word' id='word_1_17' title='bbox 1202 620 1285 690; x_wconf 90' lang='lat' dir='ltr'><strong>iis</strong></span> <span class='ocrx_word' id='word_1_18' title='bbox 1324 643 1725 718; x_wconf 87' lang='lat' dir='ltr'><strong>expensum</strong></span> <span class='ocrx_word' id='word_1_19' title='bbox 1768 644 1921 689; x_wconf 91' lang='lat' dir='ltr'><strong>non</strong></span> <span class='ocrx_word' id='word_1_20' title='bbox 1959 617 2504 720; x_wconf 80' lang='lat' dir='ltr'><strong>ferreS‚-neque</strong></span> 
     </span>
     <span class='ocr_line' id='line_1_4' title="bbox 350 726 2504 828; baseline 0 -23"><span class='ocrx_word' id='word_1_21' title='bbox 350 741 427 806; x_wconf 89' lang='lat' dir='ltr'><strong>in</strong></span> <span class='ocrx_word' id='word_1_22' title='bbox 467 751 625 807; x_wconf 88' lang='lat' dir='ltr'><strong>tuas</strong></span> <span class='ocrx_word' id='word_1_23' title='bbox 664 731 945 804; x_wconf 88' lang='lat' dir='ltr'><strong>tabulas</strong></span> <span class='ocrx_word' id='word_1_24' title='bbox 982 730 1214 802; x_wconf 89' lang='lat' dir='ltr'><strong>ullum</strong></span> <span class='ocrx_word' id='word_1_25' title='bbox 1250 753 1526 801; x_wconf 89' lang='lat' dir='ltr'><strong>nomen</strong></span> <span class='ocrx_word' id='word_1_26' title='bbox 1560 726 1902 815; x_wconf 75' lang='lat' dir='ltr'><strong>referre5‚</strong></span> <span class='ocrx_word' id='word_1_27' title='bbox 1943 755 2176 828; x_wconf 88' lang='lat' dir='ltr'><strong>quum</strong></span> <span class='ocrx_word' id='word_1_28' title='bbox 2214 747 2326 804; x_wconf 90' lang='lat' dir='ltr'><strong>tot</strong></span> <span class='ocrx_word' id='word_1_29' title='bbox 2365 733 2504 806; x_wconf 83' lang='lat' dir='ltr'><strong>tibi</strong></span> 
     </span>
     <span class='ocr_line' id='line_1_5' title="bbox 350 837 2506 940; baseline -0.001 -23"><span class='ocrx_word' id='word_1_30' title='bbox 350 843 775 918; x_wconf 83' lang='lat' dir='ltr'><strong>nominibus</strong></span> <span class='ocrx_word' id='word_1_31' title='bbox 818 856 1195 940; x_wconf 89' lang='lat' dir='ltr'><strong>acceptum</strong></span> <span class='ocrx_word' id='word_1_32' title='bbox 1230 842 1465 913; x_wconf 88' lang='lat' dir='ltr'><strong>Curtii</strong></span> <span class='ocrx_word' id='word_1_33' title='bbox 1503 837 1903 911; x_wconf 84' lang='lat' dir='ltr'><strong>referrent?</strong></span> <span class='ocrx_word' id='word_1_34' title='bbox 1929 839 2126 932; x_wconf 87' lang='lat' dir='ltr'><strong>Quid</strong></span> <span class='ocrx_word' id='word_1_35' title='bbox 2163 841 2506 940; x_wconf 86' lang='lat' dir='ltr'><strong>proderat</strong></span> 
     </span>
     <span class='ocr_line' id='line_1_6' title="bbox 354 949 2506 1051; baseline -0.001 -24"><span class='ocrx_word' id='word_1_36' title='bbox 354 954 526 1042; x_wconf 84' lang='lat' dir='ltr'><strong>tibi,</strong></span> <span class='ocrx_word' id='word_1_37' title='bbox 566 969 639 1026; x_wconf 88' lang='lat' dir='ltr'><strong>te</strong></span> <span class='ocrx_word' id='word_1_38' title='bbox 677 975 1079 1051; x_wconf 86' lang='lat' dir='ltr'><strong>expensum</strong></span> <span class='ocrx_word' id='word_1_39' title='bbox 1119 950 1256 1022; x_wconf 90' lang='lat' dir='ltr'><strong>illis</strong></span> <span class='ocrx_word' id='word_1_40' title='bbox 1299 975 1453 1022; x_wconf 89' lang='lat' dir='ltr'><strong>non</strong></span> <span class='ocrx_word' id='word_1_41' title='bbox 1494 949 1799 1022; x_wconf 80' lang='lat' dir='ltr'><strong>tulisse?</strong></span> <span class='ocrx_word' id='word_1_42' title='bbox 1841 955 1954 1023; x_wconf 90' lang='lat' dir='ltr'><strong>An</strong></span> <span class='ocrx_word' id='word_1_43' title='bbox 1999 953 2145 1024; x_wconf 87' lang='lat' dir='ltr'><strong>tuis</strong></span> <span class='ocrx_word' id='word_1_44' title='bbox 2190 953 2364 1026; x_wconf 88' lang='lat' dir='ltr'><strong>solis</strong></span> <span class='ocrx_word' id='word_1_45' title='bbox 2402 970 2506 1027; x_wconf 88' lang='lat' dir='ltr'><strong>ta·-</strong></span> 
     </span>
     <span class='ocr_line' id='line_1_7' title="bbox 352 1059 1908 1137; baseline -0.004 0"><span class='ocrx_word' id='word_1_46' title='bbox 352 1065 547 1137; x_wconf 84' lang='lat' dir='ltr'><strong>bulis</strong></span> <span class='ocrx_word' id='word_1_47' title='bbox 582 1080 655 1136; x_wconf 89' lang='lat' dir='ltr'><strong>te</strong></span> <span class='ocrx_word' id='word_1_48' title='bbox 695 1087 986 1136; x_wconf 90' lang='lat' dir='ltr'><strong>causam</strong></span> <span class='ocrx_word' id='word_1_49' title='bbox 1023 1060 1393 1134; x_wconf 86' lang='lat' dir='ltr'><strong>dicturum</strong></span> <span class='ocrx_word' id='word_1_50' title='bbox 1432 1059 1908 1134; x_wconf 81' lang='lat' dir='ltr'><strong>existimasti?</strong></span> 
     </span>
    </p>

    <p class='ocr_par' dir='ltr' id='par_1_3' title="bbox 300 1171 2628 3370">
     <span class='ocr_line' id='line_1_8' title="bbox 448 1171 2506 1273; baseline 0 -26"><span class='ocrx_word' id='word_1_51' title='bbox 448 1180 595 1247; x_wconf 89' lang='lat' dir='ltr'><strong>XL.</strong></span> <span class='ocrx_word' id='word_1_52' title='bbox 636 1180 905 1246; x_wconf 90' lang='lat' dir='ltr'><strong>Verum</strong></span> <span class='ocrx_word' id='word_1_53' title='bbox 944 1171 1035 1244; x_wconf 90' lang='lat' dir='ltr'><strong>ad</strong></span> <span class='ocrx_word' id='word_1_54' title='bbox 1066 1171 1264 1243; x_wconf 92' lang='lat' dir='ltr'><strong>illam</strong></span> <span class='ocrx_word' id='word_1_55' title='bbox 1283 1171 1434 1267; x_wconf 85' lang='lat' dir='ltr'><strong>jam</strong></span> <span class='ocrx_word' id='word_1_56' title='bbox 1466 1171 1838 1242; x_wconf 84' lang='lat' dir='ltr'><strong>veniamus</strong></span> <span class='ocrx_word' id='word_1_57' title='bbox 1871 1171 2288 1269; x_wconf 85' lang='lat' dir='ltr'><strong>praeclaram</strong></span> <span class='ocrx_word' id='word_1_58' title='bbox 2322 1200 2506 1273; x_wconf 83' lang='lat' dir='ltr'><strong>prae-</strong></span> 
     </span>
     <span class='ocr_line' id='line_1_9' title="bbox 354 1281 2508 1380; baseline 0.001 -24"><span class='ocrx_word' id='word_1_59' title='bbox 354 1302 593 1371; x_wconf 81' lang='lat' dir='ltr'><strong>mram</strong></span> <span class='ocrx_word' id='word_1_60' title='bbox 613 1296 669 1374; x_wconf 84' lang='lat'><strong>¹,</strong></span> <span class='ocrx_word' id='word_1_61' title='bbox 702 1285 1153 1380; x_wconf 87' lang='lat' dir='ltr'><strong>criminaque</strong></span> <span class='ocrx_word' id='word_1_62' title='bbox 1188 1305 1306 1370; x_wconf 90' lang='lat' dir='ltr'><strong>ea,</strong></span> <span class='ocrx_word' id='word_1_63' title='bbox 1331 1306 1496 1379; x_wconf 84' lang='lat' dir='ltr'><strong>quae</strong></span> <span class='ocrx_word' id='word_1_64' title='bbox 1527 1282 1813 1352; x_wconf 89' lang='lat' dir='ltr'><strong>notiora</strong></span> <span class='ocrx_word' id='word_1_65' title='bbox 1841 1295 2015 1352; x_wconf 88' lang='lat' dir='ltr'><strong>sunt</strong></span> <span class='ocrx_word' id='word_1_66' title='bbox 2036 1281 2150 1352; x_wconf 88' lang='lat' dir='ltr'><strong>his</strong></span> <span class='ocrx_word' id='word_1_67' title='bbox 2165 1335 2196 1378; x_wconf 22' lang='lat'><strong>‚⁸</strong></span> <span class='ocrx_word' id='word_1_68' title='bbox 2226 1286 2354 1380; x_wconf 91' lang='lat' dir='ltr'><strong>qui</strong></span> <span class='ocrx_word' id='word_1_69' title='bbox 2390 1285 2508 1358; x_wconf 92' lang='lat' dir='ltr'><strong>ad·</strong></span> 
     </span>
     <span class='ocr_line' id='line_1_10' title="bbox 354 1389 2511 1493; baseline 0 -27"><span class='ocrx_word' id='word_1_70' title='bbox 354 1411 557 1484; x_wconf 88' lang='lat' dir='ltr'><strong>sunt,</strong></span> <span class='ocrx_word' id='word_1_71' title='bbox 577 1419 795 1493; x_wconf 88' lang='lat' dir='ltr'><strong>quam</strong></span> <span class='ocrx_word' id='word_1_72' title='bbox 824 1393 1209 1490; x_wconf 76' lang='lat' dir='ltr'><strong>nobiS‚qui</strong></span> <span class='ocrx_word' id='word_1_73' title='bbox 1236 1391 1564 1462; x_wconf 88' lang='lat' dir='ltr'><strong>meditati</strong></span> <span class='ocrx_word' id='word_1_74' title='bbox 1591 1389 1682 1462; x_wconf 88' lang='lat' dir='ltr'><strong>ad</strong></span> <span class='ocrx_word' id='word_1_75' title='bbox 1712 1390 2104 1463; x_wconf 89' lang='lat' dir='ltr'><strong>dicendum</strong></span> <span class='ocrx_word' id='word_1_76' title='bbox 2137 1397 2511 1492; x_wconf 88' lang='lat' dir='ltr'><strong>paratique</strong></span> 
     </span>
     <span class='ocr_line' id='line_1_11' title="bbox 353 1500 2510 1600; baseline 0.001 -26"><span class='ocrx_word' id='word_1_77' title='bbox 353 1508 687 1578; x_wconf 85' lang='lat' dir='ltr'><strong>venimus</strong></span> <span class='ocrx_word' id='word_1_78' title='bbox 727 1531 743 1575; x_wconf 73' lang='grc' dir='ltr'><strong><em>ε</em></strong></span> <span class='ocrx_word' id='word_1_79' title='bbox 790 1506 867 1574; x_wconf 88' lang='lat' dir='ltr'><strong>in</strong></span> <span class='ocrx_word' id='word_1_80' title='bbox 924 1501 1191 1598; x_wconf 89' lang='lat' dir='ltr'><strong>quibus</strong></span> <span class='ocrx_word' id='word_1_81' title='bbox 1233 1527 1387 1573; x_wconf 90' lang='lat' dir='ltr'><strong>non</strong></span> <span class='ocrx_word' id='word_1_82' title='bbox 1432 1500 1737 1591; x_wconf 86' lang='lat' dir='ltr'><strong>dubito,</strong></span> <span class='ocrx_word' id='word_1_83' title='bbox 1790 1505 1973 1600; x_wconf 89' lang='lat' dir='ltr'><strong>quin</strong></span> <span class='ocrx_word' id='word_1_84' title='bbox 2025 1501 2510 1578; x_wconf 87' lang='lat' dir='ltr'><strong>offensionem</strong></span> 
     </span>
     <span class='ocr_line' id='line_1_12' title="bbox 356 1610 2510 1714; baseline 0 -27"><span class='ocrx_word' id='word_1_85' title='bbox 356 1617 805 1714; x_wconf 74' lang='lat' dir='ltr'><strong>negligentiae</strong></span> <span class='ocrx_word' id='word_1_86' title='bbox 840 1614 1069 1684; x_wconf 88' lang='lat' dir='ltr'><strong>vitare</strong></span> <span class='ocrx_word' id='word_1_87' title='bbox 1111 1626 1333 1711; x_wconf 87' lang='lat' dir='ltr'><strong>atque</strong></span> <span class='ocrx_word' id='word_1_88' title='bbox 1370 1610 1698 1711; x_wconf 84' lang='lat' dir='ltr'><strong>effugere</strong></span> <span class='ocrx_word' id='word_1_89' title='bbox 1749 1639 1903 1685; x_wconf 89' lang='lat' dir='ltr'><strong>non</strong></span> <span class='ocrx_word' id='word_1_90' title='bbox 1942 1615 2241 1711; x_wconf 87' lang='lat' dir='ltr'><strong>possim.</strong></span> <span class='ocrx_word' id='word_1_91' title='bbox 2295 1617 2510 1688; x_wconf 87' lang='lat' dir='ltr'><strong>Multi</strong></span> 
     </span>
     <span class='ocr_line' id='line_1_13' title="bbox 358 1725 2510 1826; baseline 0 -28"><span class='ocrx_word' id='word_1_92' title='bbox 358 1732 554 1799; x_wconf 89' lang='lat' dir='ltr'><strong>enim</strong></span> <span class='ocrx_word' id='word_1_93' title='bbox 588 1729 689 1798; x_wconf 87' lang='lat' dir='ltr'><strong>ita</strong></span> <span class='ocrx_word' id='word_1_94' title='bbox 730 1725 976 1798; x_wconf 90' lang='lat' dir='ltr'><strong>dicent</strong></span> <span class='ocrx_word' id='word_1_95' title='bbox 1005 1751 1023 1796; x_wconf 75' lang='grc' dir='ltr'><em>τ</em></span> <span class='ocrx_word' id='word_1_96' title='bbox 1058 1755 1103 1808; x_wconf 68' lang='grc' dir='ltr'><strong>α,</strong></span> <span class='ocrx_word' id='word_1_97' title='bbox 1121 1729 1232 1796; x_wconf 91' lang='lat' dir='ltr'><strong>De</strong></span> <span class='ocrx_word' id='word_1_98' title='bbox 1268 1726 1395 1796; x_wconf 93' lang='lat' dir='ltr'><strong>illo</strong></span> <span class='ocrx_word' id='word_1_99' title='bbox 1430 1725 1615 1795; x_wconf 90' lang='lat' dir='ltr'><strong>nihil</strong></span> <span class='ocrx_word' id='word_1_100' title='bbox 1655 1725 1878 1813; x_wconf 87' lang='lat' dir='ltr'><strong>dixit,</strong></span> <span class='ocrx_word' id='word_1_101' title='bbox 1914 1726 1992 1796; x_wconf 91' lang='lat' dir='ltr'><strong>in</strong></span> <span class='ocrx_word' id='word_1_102' title='bbox 2039 1751 2192 1824; x_wconf 89' lang='lat' dir='ltr'><strong>quo</strong></span> <span class='ocrx_word' id='word_1_103' title='bbox 2230 1752 2366 1826; x_wconf 88' lang='lat' dir='ltr'><strong>ego</strong></span> <span class='ocrx_word' id='word_1_104' title='bbox 2397 1731 2510 1799; x_wconf 90' lang='lat' dir='ltr'><strong>in·</strong></span> 
     </span>
     <span class='ocr_line' id='line_1_14' title="bbox 356 1835 2515 1934; baseline 0.004 -30"><span class='ocrx_word' id='word_1_105' title='bbox 356 1870 387 1905; x_wconf 89' lang='lat'>«</span> <span class='ocrx_word' id='word_1_106' title='bbox 414 1837 629 1911; x_wconf 86' lang='lat' dir='ltr'><strong>terfui</strong></span> <span class='ocrx_word' id='word_1_107' title='bbox 678 1863 695 1908; x_wconf 78' lang='lat' dir='ltr'>t</span> <span class='ocrx_word' id='word_1_108' title='bbox 752 1837 945 1909; x_wconf 87' lang='lat' dir='ltr'><strong>illam</strong></span> <span class='ocrx_word' id='word_1_109' title='bbox 988 1835 1329 1932; x_wconf 87' lang='lat' dir='ltr'><strong>injuriam</strong></span> <span class='ocrx_word' id='word_1_110' title='bbox 1371 1861 1528 1908; x_wconf 92' lang='lat' dir='ltr'><strong>non</strong></span> <span class='ocrx_word' id='word_1_111' title='bbox 1567 1837 1845 1934; x_wconf 83' lang='lat' dir='ltr'><strong>attigit,</strong></span> <span class='ocrx_word' id='word_1_112' title='bbox 1893 1862 2053 1934; x_wconf 81' lang='lat' dir='ltr'><strong>quae</strong></span> <span class='ocrx_word' id='word_1_113' title='bbox 2097 1839 2326 1926; x_wconf 86' lang='lat' dir='ltr'><strong>mihi,</strong></span> <span class='ocrx_word' id='word_1_114' title='bbox 2388 1856 2515 1912; x_wconf 87' lang='lat' dir='ltr'><strong>aut</strong></span> 
     </span>
     <span class='ocr_line' id='line_1_15' title="bbox 358 1945 2516 2047; baseline 0.001 -31"><span class='ocrx_word' id='word_1_115' title='bbox 358 1981 393 2016; x_wconf 88' lang='lat'>«</span> <span class='ocrx_word' id='word_1_116' title='bbox 417 1974 580 2047; x_wconf 81' lang='lat' dir='ltr'><strong>quae</strong></span> <span class='ocrx_word' id='word_1_117' title='bbox 622 1948 856 2019; x_wconf 85' lang='lat' dir='ltr'><strong>amico</strong></span> <span class='ocrx_word' id='word_1_118' title='bbox 893 1971 1061 2019; x_wconf 89' lang='lat' dir='ltr'><strong>meo</strong></span> <span class='ocrx_word' id='word_1_119' title='bbox 1107 1945 1295 2019; x_wconf 89' lang='lat' dir='ltr'><strong>facta</strong></span> <span class='ocrx_word' id='word_1_120' title='bbox 1336 1961 1483 2035; x_wconf 76' lang='lat' dir='ltr'><strong>est,</strong></span> <span class='ocrx_word' id='word_1_121' title='bbox 1526 1945 1798 2044; x_wconf 88' lang='lat' dir='ltr'><strong>quibus</strong></span> <span class='ocrx_word' id='word_1_122' title='bbox 1837 1971 1974 2045; x_wconf 88' lang='lat' dir='ltr'><strong>ego</strong></span> <span class='ocrx_word' id='word_1_123' title='bbox 2026 1948 2104 2017; x_wconf 88' lang='lat' dir='ltr'><strong>in</strong></span> <span class='ocrx_word' id='word_1_124' title='bbox 2140 1947 2366 2020; x_wconf 88' lang='lat' dir='ltr'><strong>rebus</strong></span> <span class='ocrx_word' id='word_1_125' title='bbox 2407 1951 2516 2019; x_wconf 89' lang='lat' dir='ltr'><strong>in·-</strong></span> 
     </span>
     <span class='ocr_line' id='line_1_16' title="bbox 353 2055 2516 2160; baseline 0.002 -34"><span class='ocrx_word' id='word_1_126' title='bbox 353 2091 387 2126; x_wconf 91' lang='lat'>«</span> <span class='ocrx_word' id='word_1_127' title='bbox 412 2057 650 2132; x_wconf 83' lang='lat' dir='ltr'><strong>terfui.</strong></span> <span class='ocrx_word' id='word_1_128' title='bbox 670 2087 703 2123; x_wconf 64' lang='lat' dir='ltr'><strong>»v</strong></span> <span class='ocrx_word' id='word_1_129' title='bbox 727 2058 852 2129; x_wconf 90' lang='lat' dir='ltr'><strong>His</strong></span> <span class='ocrx_word' id='word_1_130' title='bbox 882 2055 1258 2146; x_wconf 89' lang='lat' dir='ltr'><strong>omnibus,</strong></span> <span class='ocrx_word' id='word_1_131' title='bbox 1280 2059 1411 2156; x_wconf 89' lang='lat' dir='ltr'><strong>qui</strong></span> <span class='ocrx_word' id='word_1_132' title='bbox 1448 2058 1653 2130; x_wconf 89' lang='lat' dir='ltr'><strong>istius</strong></span> <span class='ocrx_word' id='word_1_133' title='bbox 1683 2057 1979 2154; x_wconf 87' lang='lat' dir='ltr'><strong>injurias</strong></span> <span class='ocrx_word' id='word_1_134' title='bbox 2014 2073 2326 2150; x_wconf 88' lang='lat' dir='ltr'><strong>norunt,</strong></span> <span class='ocrx_word' id='word_1_135' title='bbox 2367 2059 2516 2160; x_wconf 24' lang='lat' dir='ltr'><strong>hoc·</strong></span> 
     </span>
     <span class='ocr_line' id='line_1_17' title="bbox 356 2169 2510 2269; baseline -0 -26"><span class='ocrx_word' id='word_1_136' title='bbox 356 2185 499 2258; x_wconf 86' lang='lat' dir='ltr'><strong>est,</strong></span> <span class='ocrx_word' id='word_1_137' title='bbox 539 2170 817 2269; x_wconf 92' lang='lat' dir='ltr'><strong>populo</strong></span> <span class='ocrx_word' id='word_1_138' title='bbox 856 2193 1163 2240; x_wconf 86' lang='lat' dir='ltr'><strong>romano</strong></span> <span class='ocrx_word' id='word_1_139' title='bbox 1200 2169 1571 2258; x_wconf 82' lang='lat' dir='ltr'><strong>universe,</strong></span> <span class='ocrx_word' id='word_1_140' title='bbox 1617 2193 1736 2240; x_wconf 88' lang='lat' dir='ltr'><strong>me</strong></span> <span class='ocrx_word' id='word_1_141' title='bbox 1773 2169 2248 2242; x_wconf 87' lang='lat' dir='ltr'><strong>vehementer</strong></span> <span class='ocrx_word' id='word_1_142' title='bbox 2285 2195 2510 2244; x_wconf 87' lang='lat' dir='ltr'><strong>excu-</strong></span> 
     </span>
     <span class='ocr_line' id='line_1_18' title="bbox 356 2276 2514 2378; baseline 0 -27"><span class='ocrx_word' id='word_1_143' title='bbox 356 2297 590 2353; x_wconf 82' lang='lat' dir='ltr'><strong>satum</strong></span> <span class='ocrx_word' id='word_1_144' title='bbox 630 2279 837 2368; x_wconf 86' lang='lat' dir='ltr'><strong>volo,</strong></span> <span class='ocrx_word' id='word_1_145' title='bbox 866 2304 1021 2350; x_wconf 87' lang='lat' dir='ltr'><strong>non</strong></span> <span class='ocrx_word' id='word_1_146' title='bbox 1051 2279 1484 2376; x_wconf 85' lang='lat' dir='ltr'><strong>negligentia</strong></span> <span class='ocrx_word' id='word_1_147' title='bbox 1513 2303 1675 2350; x_wconf 88' lang='lat' dir='ltr'><strong>mea</strong></span> <span class='ocrx_word' id='word_1_148' title='bbox 1711 2276 1868 2351; x_wconf 89' lang='lat' dir='ltr'><strong>fore</strong></span> <span class='ocrx_word' id='word_1_149' title='bbox 1887 2332 1910 2365; x_wconf 89' lang='lat'><strong>,</strong></span> <span class='ocrx_word' id='word_1_150' title='bbox 1949 2294 2034 2351; x_wconf 91' lang='lat' dir='ltr'><strong>ut</strong></span> <span class='ocrx_word' id='word_1_151' title='bbox 2061 2281 2293 2352; x_wconf 89' lang='lat' dir='ltr'><strong>multa</strong></span> <span class='ocrx_word' id='word_1_152' title='bbox 2326 2306 2514 2378; x_wconf 81' lang='lat' dir='ltr'><strong>prae-</strong></span> 
     </span>
     <span class='ocr_line' id='line_1_19' title="bbox 357 2385 2510 2484; baseline 0.001 -25"><span class='ocrx_word' id='word_1_153' title='bbox 357 2403 623 2461; x_wconf 88' lang='lat' dir='ltr'><strong>teream</strong></span> <span class='ocrx_word' id='word_1_154' title='bbox 648 2443 669 2478; x_wconf 88' lang='lat'>‚</span> <span class='ocrx_word' id='word_1_155' title='bbox 704 2385 831 2459; x_wconf 89' lang='lat' dir='ltr'><strong>sed</strong></span> <span class='ocrx_word' id='word_1_156' title='bbox 864 2387 1067 2484; x_wconf 91' lang='lat' dir='ltr'><strong>quod</strong></span> <span class='ocrx_word' id='word_1_157' title='bbox 1089 2387 1225 2458; x_wconf 86' lang='lat' dir='ltr'><strong>alia</strong></span> <span class='ocrx_word' id='word_1_158' title='bbox 1249 2386 1558 2459; x_wconf 89' lang='lat' dir='ltr'><strong>testibus</strong></span> <span class='ocrx_word' id='word_1_159' title='bbox 1579 2390 1861 2483; x_wconf 85' lang='lat' dir='ltr'><strong>integra</strong></span> <span class='ocrx_word' id='word_1_160' title='bbox 1883 2395 2233 2461; x_wconf 85' lang='lat' dir='ltr'><strong>reservari</strong></span> <span class='ocrx_word' id='word_1_161' title='bbox 2249 2392 2474 2463; x_wconf 70' lang='lat' dir='ltr'><strong>velim</strong></span> <span class='ocrx_word' id='word_1_162' title='bbox 2489 2449 2510 2480; x_wconf 87' lang='lat'>‚</span> 
     </span>
     <span class='ocr_line' id='line_1_20' title="bbox 356 2496 2512 2599; baseline 0.002 -31"><span class='ocrx_word' id='word_1_163' title='bbox 356 2497 582 2569; x_wconf 89' lang='lat' dir='ltr'><strong>multa</strong></span> <span class='ocrx_word' id='word_1_164' title='bbox 616 2511 859 2569; x_wconf 88' lang='lat' dir='ltr'><strong>autem</strong></span> <span class='ocrx_word' id='word_1_165' title='bbox 891 2511 1196 2595; x_wconf 87' lang='lat' dir='ltr'><strong>propter</strong></span> <span class='ocrx_word' id='word_1_166' title='bbox 1230 2498 1588 2568; x_wconf 89' lang='lat' dir='ltr'><strong>rationem</strong></span> <span class='ocrx_word' id='word_1_167' title='bbox 1631 2496 2004 2569; x_wconf 88' lang='lat' dir='ltr'><strong>brevitatis</strong></span> <span class='ocrx_word' id='word_1_168' title='bbox 2035 2524 2124 2586; x_wconf 57' lang='lat' dir='ltr'><strong>¹ac</strong></span> <span class='ocrx_word' id='word_1_169' title='bbox 2162 2507 2512 2599; x_wconf 90' lang='lat' dir='ltr'><strong>temporis</strong></span> 
     </span>
     <span class='ocr_line' id='line_1_21' title="bbox 300 2605 2509 2707; baseline 0 -26"><span class='ocrx_word' id='word_1_170' title='bbox 300 2615 309 2624; x_wconf 81' lang='lat'>‘</span> <span class='ocrx_word' id='word_1_171' title='bbox 358 2606 972 2707; x_wconf 62' lang='lat' dir='ltr'><strong>praetermittenda</strong></span> <span class='ocrx_word' id='word_1_172' title='bbox 1027 2607 1453 2705; x_wconf 81' lang='lat' dir='ltr'><strong>existimem.</strong></span> <span class='ocrx_word' id='word_1_173' title='bbox 1498 2605 1808 2678; x_wconf 87' lang='lat' dir='ltr'><strong>Fatebor</strong></span> <span class='ocrx_word' id='word_1_174' title='bbox 1848 2608 2063 2678; x_wconf 90' lang='lat' dir='ltr'><strong>etiam</strong></span> <span class='ocrx_word' id='word_1_175' title='bbox 2108 2609 2290 2680; x_wconf 91' lang='lat' dir='ltr'><strong>illud</strong></span> <span class='ocrx_word' id='word_1_176' title='bbox 2323 2612 2509 2681; x_wconf 88' lang='lat' dir='ltr'><strong>invi-</strong></span> 
     </span>
     <span class='ocr_line' id='line_1_22' title="bbox 358 2719 2511 2817; baseline 0.002 -29"><span class='ocrx_word' id='word_1_177' title='bbox 358 2734 477 2791; x_wconf 88' lang='lat' dir='ltr'><strong>tus</strong></span> <span class='ocrx_word' id='word_1_178' title='bbox 496 2729 552 2806; x_wconf 76' lang='lat'><strong>⁰²,</strong></span> <span class='ocrx_word' id='word_1_179' title='bbox 594 2743 716 2790; x_wconf 89' lang='lat' dir='ltr'><strong>me</strong></span> <span class='ocrx_word' id='word_1_180' title='bbox 753 2741 1053 2816; x_wconf 89' lang='lat' dir='ltr'><strong>prorsus</strong></span> <span class='ocrx_word' id='word_1_181' title='bbox 1076 2741 1351 2815; x_wconf 88' lang='lat' dir='ltr'><strong>‚quum</strong></span> <span class='ocrx_word' id='word_1_182' title='bbox 1387 2719 1520 2789; x_wconf 81' lang='lat' dir='ltr'><strong>iste</strong></span> <span class='ocrx_word' id='word_1_183' title='bbox 1557 2731 1918 2816; x_wconf 88' lang='lat' dir='ltr'><strong>punctum</strong></span> <span class='ocrx_word' id='word_1_184' title='bbox 1956 2720 2310 2817; x_wconf 90' lang='lat' dir='ltr'><strong>temporis</strong></span> <span class='ocrx_word' id='word_1_185' title='bbox 2351 2721 2511 2792; x_wconf 88' lang='lat' dir='ltr'><strong>nul-</strong></span> 
     </span>
     <span class='ocr_line' id='line_1_23' title="bbox 360 2828 2515 2928; baseline 0.001 -28"><span class='ocrx_word' id='word_1_186' title='bbox 360 2829 511 2900; x_wconf 89' lang='lat' dir='ltr'><strong>lum</strong></span> <span class='ocrx_word' id='word_1_187' title='bbox 538 2853 849 2901; x_wconf 82' lang='lat' dir='ltr'><strong>vacuum</strong></span> <span class='ocrx_word' id='word_1_188' title='bbox 874 2843 1177 2926; x_wconf 90' lang='lat' dir='ltr'><strong>peccato</strong></span> <span class='ocrx_word' id='word_1_189' title='bbox 1205 2828 1575 2926; x_wconf 82' lang='lat' dir='ltr'><strong>praeterire</strong></span> <span class='ocrx_word' id='word_1_190' title='bbox 1605 2851 1855 2923; x_wconf 86' lang='lat' dir='ltr'><strong>passus</strong></span> <span class='ocrx_word' id='word_1_191' title='bbox 1885 2831 2008 2917; x_wconf 89' lang='lat' dir='ltr'><strong>sit,</strong></span> <span class='ocrx_word' id='word_1_192' title='bbox 2037 2831 2314 2920; x_wconf 88' lang='lat' dir='ltr'><strong>omnia,</strong></span> <span class='ocrx_word' id='word_1_193' title='bbox 2353 2856 2515 2928; x_wconf 86' lang='lat' dir='ltr'><strong>quae</strong></span> 
     </span>
     <span class='ocr_line' id='line_1_24' title="bbox 363 2938 2628 3037; baseline 0.001 -26"><span class='ocrx_word' id='word_1_194' title='bbox 363 2938 455 3011; x_wconf 89' lang='lat' dir='ltr'><strong>ab</strong></span> <span class='ocrx_word' id='word_1_195' title='bbox 482 2943 621 3011; x_wconf 87' lang='lat' dir='ltr'><strong>isto</strong></span> <span class='ocrx_word' id='word_1_196' title='bbox 644 2939 1027 3011; x_wconf 90' lang='lat' dir='ltr'><strong>commissa</strong></span> <span class='ocrx_word' id='word_1_197' title='bbox 1050 2951 1223 3010; x_wconf 88' lang='lat' dir='ltr'><strong>sunt</strong></span> <span class='ocrx_word' id='word_1_198' title='bbox 1240 2993 1260 3026; x_wconf 90' lang='lat'>‚</span> <span class='ocrx_word' id='word_1_199' title='bbox 1288 2963 1442 3009; x_wconf 93' lang='lat' dir='ltr'><strong>non</strong></span> <span class='ocrx_word' id='word_1_200' title='bbox 1467 2939 1794 3036; x_wconf 90' lang='lat' dir='ltr'><strong>potuisse</strong></span> <span class='ocrx_word' id='word_1_201' title='bbox 1827 2962 2284 3037; x_wconf 88' lang='lat' dir='ltr'><strong>cognoscere.</strong></span> <span class='ocrx_word' id='word_1_202' title='bbox 2313 2944 2516 3033; x_wconf 88' lang='lat' dir='ltr'><strong>Qua·</strong></span> <span class='ocrx_word' id='word_1_203' title='bbox 2621 3013 2628 3026; x_wconf 79' lang='grc'><strong>,</strong></span> 
     </span>
     <span class='ocr_line' id='line_1_25' title="bbox 364 3048 2514 3149; baseline 0.001 -28"><span class='ocrx_word' id='word_1_204' title='bbox 364 3065 670 3149; x_wconf 88' lang='lat' dir='ltr'><strong>propter</strong></span> <span class='ocrx_word' id='word_1_205' title='bbox 700 3050 799 3121; x_wconf 86' lang='lat' dir='ltr'><strong>ita</strong></span> <span class='ocrx_word' id='word_1_206' title='bbox 826 3073 944 3121; x_wconf 90' lang='lat' dir='ltr'><strong>me</strong></span> <span class='ocrx_word' id='word_1_207' title='bbox 978 3048 1070 3121; x_wconf 88' lang='lat' dir='ltr'><strong>de</strong></span> <span class='ocrx_word' id='word_1_208' title='bbox 1097 3064 1427 3148; x_wconf 83' lang='lat' dir='ltr'><strong>praeturae</strong></span> <span class='ocrx_word' id='word_1_209' title='bbox 1460 3048 1887 3121; x_wconf 88' lang='lat' dir='ltr'><strong>criminibus</strong></span> <span class='ocrx_word' id='word_1_210' title='bbox 1920 3050 2279 3140; x_wconf 86' lang='lat' dir='ltr'><strong>auditote,</strong></span> <span class='ocrx_word' id='word_1_211' title='bbox 2306 3067 2390 3123; x_wconf 90' lang='lat' dir='ltr'><strong>ut</strong></span> <span class='ocrx_word' id='word_1_212' title='bbox 2423 3079 2514 3124; x_wconf 89' lang='lat' dir='ltr'><strong>ex</strong></span> 
     </span>
     <span class='ocr_line' id='line_1_26' title="bbox 366 3159 2517 3258; baseline 0.001 -26"><span class='ocrx_word' id='word_1_213' title='bbox 366 3175 678 3258; x_wconf 88' lang='lat' dir='ltr'><strong>utroque</strong></span> <span class='ocrx_word' id='word_1_214' title='bbox 712 3183 1011 3258; x_wconf 87' lang='lat' dir='ltr'><strong>genere,</strong></span> <span class='ocrx_word' id='word_1_215' title='bbox 1048 3174 1123 3231; x_wconf 87' lang='lat' dir='ltr'><strong>et</strong></span> <span class='ocrx_word' id='word_1_216' title='bbox 1153 3160 1336 3256; x_wconf 87' lang='lat' dir='ltr'><strong>juris</strong></span> <span class='ocrx_word' id='word_1_217' title='bbox 1370 3159 1713 3249; x_wconf 87' lang='lat' dir='ltr'><strong>dicundi,</strong></span> <span class='ocrx_word' id='word_1_218' title='bbox 1743 3175 1818 3232; x_wconf 91' lang='lat' dir='ltr'><strong>et</strong></span> <span class='ocrx_word' id='word_1_219' title='bbox 1853 3159 2256 3254; x_wconf 55' lang='lat' dir='ltr'><strong>sartorum?</strong></span> <span class='ocrx_word' id='word_1_220' title='bbox 2292 3176 2517 3235; x_wconf 88' lang='lat' dir='ltr'><strong>tecto-</strong></span> 
     </span>
     <span class='ocr_line' id='line_1_27' title="bbox 362 3269 2518 3370; baseline 0.001 -28"><span class='ocrx_word' id='word_1_221' title='bbox 362 3294 531 3342; x_wconf 88' lang='lat' dir='ltr'><strong>rum</strong></span> <span class='ocrx_word' id='word_1_222' title='bbox 565 3269 1088 3368; x_wconf 83' lang='lat' dir='ltr'><strong>exigendorum</strong></span> <span class='ocrx_word' id='word_1_223' title='bbox 1111 3325 1132 3358; x_wconf 90' lang='lat'>,</span> <span class='ocrx_word' id='word_1_224' title='bbox 1159 3295 1244 3342; x_wconf 94' lang='lat' dir='ltr'><strong>ea</strong></span> <span class='ocrx_word' id='word_1_225' title='bbox 1280 3269 1664 3370; x_wconf 86' lang='lat' dir='ltr'><strong>postuletis</strong></span> <span class='ocrx_word' id='word_1_226' title='bbox 1686 3327 1706 3360; x_wconf 83' lang='lat'><strong>,</strong></span> <span class='ocrx_word' id='word_1_227' title='bbox 1751 3296 1915 3369; x_wconf 84' lang='lat' dir='ltr'><strong>quae</strong></span> <span class='ocrx_word' id='word_1_228' title='bbox 1953 3273 2262 3343; x_wconf 85' lang='lat' dir='ltr'><strong>maxime</strong></span> <span class='ocrx_word' id='word_1_229' title='bbox 2301 3270 2518 3370; x_wconf 88' lang='lat' dir='ltr'><strong>digna</strong></span> 
     </span>
    </p>
   </div>
   <div class='ocr_carea' id='block_1_3' title="bbox 365 3479 2528 4191">
    <p class='ocr_par' dir='ltr' id='par_1_4' title="bbox 365 3479 2528 4191">
     <span class='ocr_line' id='line_1_28' title="bbox 365 3479 2518 3554; baseline 0.001 -18"><span class='ocrx_word' id='word_1_230' title='bbox 365 3487 576 3554; x_wconf 75' lang='lat' dir='ltr'><strong>pecunia</strong></span> <span class='ocrx_word' id='word_1_231' title='bbox 594 3508 645 3544; x_wconf 75' lang='lat' dir='ltr'><strong>n,</strong></span> <span class='ocrx_word' id='word_1_232' title='bbox 680 3479 925 3534; x_wconf 73' lang='lat' dir='ltr'><strong>servatum</strong></span> <span class='ocrx_word' id='word_1_233' title='bbox 962 3488 1111 3535; x_wconf 75' lang='lat' dir='ltr'><strong>etiam</strong></span> <span class='ocrx_word' id='word_1_234' title='bbox 1146 3505 1173 3536; x_wconf 79' lang='grc' dir='ltr'><strong>ιι</strong></span> <span class='ocrx_word' id='word_1_235' title='bbox 1212 3491 1397 3538; x_wconf 69' lang='lat' dir='ltr'><strong>Ferret.</strong></span> <span class='ocrx_word' id='word_1_236' title='bbox 1485 3489 1736 3552; x_wconf 69' lang='lat' dir='ltr'><strong>scripsisse</strong></span> <span class='ocrx_word' id='word_1_237' title='bbox 1771 3489 1938 3538; x_wconf 75' lang='lat' dir='ltr'><strong>«hand</strong></span> <span class='ocrx_word' id='word_1_238' title='bbox 1961 3491 2147 3539; x_wconf 80' lang='lat' dir='ltr'><strong>invitus</strong></span> <span class='ocrx_word' id='word_1_239' title='bbox 2168 3512 2210 3538; x_wconf 72' lang='lat' dir='ltr'><strong>a.</strong></span> <span class='ocrx_word' id='word_1_240' title='bbox 2239 3490 2342 3538; x_wconf 79' lang='lat' dir='ltr'><strong>Alii</strong></span> <span class='ocrx_word' id='word_1_241' title='bbox 2377 3507 2405 3538; x_wconf 84' lang='lat' dir='ltr'><strong>e</strong></span> <span class='ocrx_word' id='word_1_242' title='bbox 2442 3507 2518 3538; x_wconf 89' lang='lat' dir='ltr'><strong>re-</strong></span> 
     </span>
     <span class='ocr_line' id='line_1_29' title="bbox 368 3565 2520 3633; baseline 0 -16"><span class='ocrx_word' id='word_1_243' title='bbox 368 3571 605 3617; x_wconf 78' lang='lat' dir='ltr'><strong>Gsraton.</strong></span> <span class='ocrx_word' id='word_1_244' title='bbox 629 3565 778 3613; x_wconf 79' lang='lat' dir='ltr'><strong>Beck.</strong></span> <span class='ocrx_word' id='word_1_245' title='bbox 803 3567 1015 3614; x_wconf 69' lang='lat' dir='ltr'><strong>Munatii</strong></span> <span class='ocrx_word' id='word_1_246' title='bbox 1036 3581 1155 3614; x_wconf 79' lang='lat' dir='ltr'><strong>vero</strong></span> <span class='ocrx_word' id='word_1_247' title='bbox 1180 3567 1400 3615; x_wconf 80' lang='lat' dir='ltr'><strong>emenda-</strong></span> <span class='ocrx_word' id='word_1_248' title='bbox 1487 3568 1792 3616; x_wconf 75' lang='lat' dir='ltr'><strong>centini-ibus</strong></span> <span class='ocrx_word' id='word_1_249' title='bbox 1827 3568 2054 3618; x_wconf 72' lang='lat' dir='ltr'><strong>dubitant</strong></span> <span class='ocrx_word' id='word_1_250' title='bbox 2075 3603 2090 3626; x_wconf 93' lang='lat'><strong>‚</strong></span> <span class='ocrx_word' id='word_1_251' title='bbox 2116 3571 2246 3618; x_wconf 83' lang='lat' dir='ltr'><strong>inter</strong></span> <span class='ocrx_word' id='word_1_252' title='bbox 2270 3585 2396 3633; x_wconf 83' lang='lat' dir='ltr'><strong>quos</strong></span> <span class='ocrx_word' id='word_1_253' title='bbox 2421 3571 2520 3618; x_wconf 86' lang='lat' dir='ltr'><strong>edi-</strong></span> 
     </span>
     <span class='ocr_line' id='line_1_30' title="bbox 368 3643 2115 3713; baseline 0 -17"><span class='ocrx_word' id='word_1_254' title='bbox 368 3648 555 3696; x_wconf 80' lang='lat' dir='ltr'><strong>tionem</strong></span> <span class='ocrx_word' id='word_1_255' title='bbox 619 3653 675 3692; x_wconf 87' lang='lat' dir='ltr'><strong>ut</strong></span> <span class='ocrx_word' id='word_1_256' title='bbox 736 3643 1051 3692; x_wconf 75' lang='lat' dir='ltr'><strong>certissimam</strong></span> <span class='ocrx_word' id='word_1_257' title='bbox 1112 3655 1401 3710; x_wconf 82' lang='lat' dir='ltr'><strong>receperunt</strong></span> <span class='ocrx_word' id='word_1_258' title='bbox 1486 3655 1569 3695; x_wconf 85' lang='lat' dir='ltr'><strong>tor</strong></span> <span class='ocrx_word' id='word_1_259' title='bbox 1593 3646 1870 3713; x_wconf 75' lang='lat' dir='ltr'><strong>Lipsiensis.</strong></span> <span class='ocrx_word' id='word_1_260' title='bbox 1895 3650 1948 3698; x_wconf 79' lang='lat' dir='ltr'><strong>J.</strong></span> <span class='ocrx_word' id='word_1_261' title='bbox 1963 3651 2030 3698; x_wconf 78' lang='lat' dir='ltr'><strong>V.</strong></span> <span class='ocrx_word' id='word_1_262' title='bbox 2059 3649 2115 3696; x_wconf 83' lang='lat'><strong>1..</strong></span> 
     </span>
     <span class='ocr_line' id='line_1_31' title="bbox 368 3723 2521 3778; baseline 0.001 -3"><span class='ocrx_word' id='word_1_263' title='bbox 368 3727 532 3775; x_wconf 74' lang='lat' dir='ltr'><strong>Graev.</strong></span> <span class='ocrx_word' id='word_1_264' title='bbox 555 3727 748 3775; x_wconf 79' lang='lat' dir='ltr'><strong>Ernest.</strong></span> <span class='ocrx_word' id='word_1_265' title='bbox 766 3723 879 3774; x_wconf 81' lang='lat' dir='ltr'><strong>Seh.</strong></span> <span class='ocrx_word' id='word_1_266' title='bbox 897 3723 999 3772; x_wconf 77' lang='lat' dir='ltr'><strong>alii.</strong></span> <span class='ocrx_word' id='word_1_267' title='bbox 1020 3725 1054 3773; x_wconf 84' lang='lat' dir='ltr'><strong>J</strong></span> <span class='ocrx_word' id='word_1_268' title='bbox 1058 3725 1144 3772; x_wconf 78' lang='lat' dir='ltr'><strong>.V.</strong></span> <span class='ocrx_word' id='word_1_269' title='bbox 1164 3726 1224 3772; x_wconf 89' lang='lat' dir='ltr'><strong>L.</strong></span> <span class='ocrx_word' id='word_1_270' title='bbox 1565 3726 1616 3775; x_wconf 84' lang='lat'><strong>3.</strong></span> <span class='ocrx_word' id='word_1_271' title='bbox 1646 3728 1918 3774; x_wconf 70' lang='lat' dir='ltr'><strong>Sartonam.</strong></span> <span class='ocrx_word' id='word_1_272' title='bbox 1948 3729 2114 3775; x_wconf 76' lang='lat' dir='ltr'><strong>Sat-tus</strong></span> <span class='ocrx_word' id='word_1_273' title='bbox 2139 3737 2190 3776; x_wconf 80' lang='lat' dir='ltr'><strong>et</strong></span> <span class='ocrx_word' id='word_1_274' title='bbox 2218 3737 2370 3776; x_wconf 79' lang='lat' dir='ltr'><strong>tectus</strong></span> <span class='ocrx_word' id='word_1_275' title='bbox 2395 3727 2521 3778; x_wconf 81' lang='lat' dir='ltr'><strong>deri-</strong></span> 
     </span>
     <span class='ocr_line' id='line_1_32' title="bbox 440 3803 2520 3874; baseline 0.001 -20"><span class='ocrx_word' id='word_1_276' title='bbox 440 3808 547 3856; x_wconf 71' lang='lat' dir='ltr'><strong>xl..</strong></span> <span class='ocrx_word' id='word_1_277' title='bbox 575 3821 621 3855; x_wconf 82' lang='lat'><strong>1.</strong></span> <span class='ocrx_word' id='word_1_278' title='bbox 647 3807 941 3853; x_wconf 70' lang='lat' dir='ltr'><strong>Praeturam.</strong></span> <span class='ocrx_word' id='word_1_279' title='bbox 958 3805 1099 3852; x_wconf 73' lang='lat' dir='ltr'><strong>Hanc</strong></span> <span class='ocrx_word' id='word_1_280' title='bbox 1126 3803 1273 3869; x_wconf 81' lang='lat' dir='ltr'><strong>gessit</strong></span> <span class='ocrx_word' id='word_1_281' title='bbox 1284 3804 1405 3853; x_wconf 78' lang='lat' dir='ltr'><strong>Ver·-</strong></span> <span class='ocrx_word' id='word_1_282' title='bbox 1491 3817 1604 3855; x_wconf 68' lang='grc' dir='ltr'><strong>ητα</strong></span> <span class='ocrx_word' id='word_1_283' title='bbox 1651 3817 1768 3855; x_wconf 87' lang='lat' dir='ltr'><strong>sunt</strong></span> <span class='ocrx_word' id='word_1_284' title='bbox 1817 3821 1846 3854; x_wconf 78' lang='lat' dir='ltr'><strong>a</strong></span> <span class='ocrx_word' id='word_1_285' title='bbox 1888 3805 2053 3854; x_wconf 79' lang='lat' dir='ltr'><strong>verbis</strong></span> <span class='ocrx_word' id='word_1_286' title='bbox 2087 3805 2252 3854; x_wconf 78' lang='lat' dir='ltr'><strong>sarcio</strong></span> <span class='ocrx_word' id='word_1_287' title='bbox 2283 3818 2334 3856; x_wconf 82' lang='lat' dir='ltr'><strong>et</strong></span> <span class='ocrx_word' id='word_1_288' title='bbox 2369 3819 2477 3874; x_wconf 77' lang='lat' dir='ltr'><strong>tego</strong></span> <span class='ocrx_word' id='word_1_289' title='bbox 2499 3826 2520 3857; x_wconf 94' lang='lat'><strong>.·</strong></span> 
     </span>
     <span class='ocr_line' id='line_1_33' title="bbox 372 3881 2524 3954; baseline 0.001 -20"><span class='ocrx_word' id='word_1_290' title='bbox 372 3901 449 3934; x_wconf 75' lang='lat' dir='ltr'><strong>res</strong></span> <span class='ocrx_word' id='word_1_291' title='bbox 474 3889 531 3936; x_wconf 89' lang='lat' dir='ltr'><strong>L.</strong></span> <span class='ocrx_word' id='word_1_292' title='bbox 565 3884 772 3935; x_wconf 81' lang='lat' dir='ltr'><strong>Lucullo</strong></span> <span class='ocrx_word' id='word_1_293' title='bbox 800 3894 849 3933; x_wconf 82' lang='lat' dir='ltr'><strong>et</strong></span> <span class='ocrx_word' id='word_1_294' title='bbox 874 3885 947 3933; x_wconf 78' lang='lat' dir='ltr'><strong>M.</strong></span> <span class='ocrx_word' id='word_1_295' title='bbox 971 3885 1118 3935; x_wconf 72' lang='lat' dir='ltr'><strong>Cotta</strong></span> <span class='ocrx_word' id='word_1_296' title='bbox 1136 3899 1405 3932; x_wconf 56' lang='lat' dir='ltr'><strong>conantio</strong></span> <span class='ocrx_word' id='word_1_297' title='bbox 1490 3895 1629 3934; x_wconf 77' lang='lat' dir='ltr'><strong>sarta</strong></span> <span class='ocrx_word' id='word_1_298' title='bbox 1664 3895 1796 3932; x_wconf 82' lang='lat' dir='ltr'><strong>tecta</strong></span> <span class='ocrx_word' id='word_1_299' title='bbox 1839 3881 2072 3947; x_wconf 78' lang='lat' dir='ltr'><strong>(subaud.</strong></span> <span class='ocrx_word' id='word_1_300' title='bbox 2099 3885 2282 3952; x_wconf 80' lang='lat' dir='ltr'><strong>opera)</strong></span> <span class='ocrx_word' id='word_1_301' title='bbox 2319 3889 2524 3954; x_wconf 85' lang='lat' dir='ltr'><strong>proprie</strong></span> 
     </span>
     <span class='ocr_line' id='line_1_34' title="bbox 373 3959 2526 4033; baseline 0.002 -21"><span class='ocrx_word' id='word_1_302' title='bbox 373 3967 437 4028; x_wconf 80' lang='lat'><strong>67</strong></span> <span class='ocrx_word' id='word_1_303' title='bbox 446 3983 495 4030; x_wconf 85' lang='lat'><strong>9.</strong></span> <span class='ocrx_word' id='word_1_304' title='bbox 504 3967 579 4014; x_wconf 86' lang='lat' dir='ltr'><strong>De</strong></span> <span class='ocrx_word' id='word_1_305' title='bbox 590 3965 813 4031; x_wconf 75' lang='lat' dir='ltr'><strong>praetoris</strong></span> <span class='ocrx_word' id='word_1_306' title='bbox 832 3962 1007 4012; x_wconf 70' lang='lat' dir='ltr'><strong>urbani</strong></span> <span class='ocrx_word' id='word_1_307' title='bbox 1026 3962 1311 4011; x_wconf 81' lang='lat' dir='ltr'><strong>muneribus</strong></span> <span class='ocrx_word' id='word_1_308' title='bbox 1324 3963 1405 4012; x_wconf 71' lang='lat' dir='ltr'><strong>adi</strong></span> <span class='ocrx_word' id='word_1_309' title='bbox 1494 3963 1732 4012; x_wconf 80' lang='lat' dir='ltr'><strong>dicuntur</strong></span> <span class='ocrx_word' id='word_1_310' title='bbox 1757 3959 1962 4011; x_wconf 68' lang='lat' dir='ltr'><strong>edificia</strong></span> <span class='ocrx_word' id='word_1_311' title='bbox 1987 3963 2177 4029; x_wconf 78' lang='lat' dir='ltr'><strong>integra</strong></span> <span class='ocrx_word' id='word_1_312' title='bbox 2210 3975 2260 4014; x_wconf 81' lang='lat' dir='ltr'><strong>et</strong></span> <span class='ocrx_word' id='word_1_313' title='bbox 2289 3965 2342 4014; x_wconf 85' lang='lat' dir='ltr'><strong>in</strong></span> <span class='ocrx_word' id='word_1_314' title='bbox 2371 3971 2526 4033; x_wconf 76' lang='lat' dir='ltr'><strong>parie-</strong></span> 
     </span>
     <span class='ocr_line' id='line_1_35' title="bbox 374 4040 2521 4112; baseline 0.002 -22"><span class='ocrx_word' id='word_1_315' title='bbox 374 4044 439 4093; x_wconf 80' lang='lat' dir='ltr'><strong>ad</strong></span> <span class='ocrx_word' id='word_1_316' title='bbox 456 4059 712 4093; x_wconf 70' lang='lat' dir='ltr'><strong>excnmum</strong></span> <span class='ocrx_word' id='word_1_317' title='bbox 734 4043 797 4092; x_wconf 78' lang='lat' dir='ltr'><strong>sd</strong></span> <span class='ocrx_word' id='word_1_318' title='bbox 816 4041 965 4094; x_wconf 82' lang='lat' dir='ltr'><strong>finem</strong></span> <span class='ocrx_word' id='word_1_319' title='bbox 982 4041 1131 4105; x_wconf 71' lang='lat' dir='ltr'><strong>hujus</strong></span> <span class='ocrx_word' id='word_1_320' title='bbox 1151 4040 1403 4090; x_wconf 72' lang='lat' dir='ltr'><strong>orationis.</strong></span> <span class='ocrx_word' id='word_1_321' title='bbox 1492 4043 1626 4091; x_wconf 79' lang='lat' dir='ltr'><strong>tibm</strong></span> <span class='ocrx_word' id='word_1_322' title='bbox 1653 4054 1701 4091; x_wconf 85' lang='lat' dir='ltr'><strong>et</strong></span> <span class='ocrx_word' id='word_1_323' title='bbox 1727 4042 1778 4088; x_wconf 87' lang='lat' dir='ltr'><strong>in</strong></span> <span class='ocrx_word' id='word_1_324' title='bbox 1801 4051 1951 4091; x_wconf 82' lang='lat' dir='ltr'><strong>tecto.</strong></span> <span class='ocrx_word' id='word_1_325' title='bbox 1972 4044 2122 4092; x_wconf 75' lang='lat' dir='ltr'><strong>Sarra</strong></span> <span class='ocrx_word' id='word_1_326' title='bbox 2146 4055 2273 4092; x_wconf 82' lang='lat' dir='ltr'><strong>tecta</strong></span> <span class='ocrx_word' id='word_1_327' title='bbox 2295 4048 2521 4112; x_wconf 73' lang='lat' dir='ltr'><strong>exigere,</strong></span> 
     </span>
     <span class='ocr_line' id='line_1_36' title="bbox 450 4122 2528 4191; baseline 0.003 -21"><span class='ocrx_word' id='word_1_328' title='bbox 450 4139 501 4172; x_wconf 66' lang='grc' dir='ltr'><strong>α.</strong></span> <span class='ocrx_word' id='word_1_329' title='bbox 522 4126 717 4174; x_wconf 75' lang='lat' dir='ltr'><strong>Emest.</strong></span> <span class='ocrx_word' id='word_1_330' title='bbox 744 4125 825 4172; x_wconf 83' lang='lat' dir='ltr'><strong>vix</strong></span> <span class='ocrx_word' id='word_1_331' title='bbox 854 4122 1076 4181; x_wconf 79' lang='lat' dir='ltr'><strong>dubitat,</strong></span> <span class='ocrx_word' id='word_1_332' title='bbox 1116 4122 1405 4179; x_wconf 76' lang='lat' dir='ltr'><strong>Ciceronem</strong></span> <span class='ocrx_word' id='word_1_333' title='bbox 1494 4133 1584 4181; x_wconf 74' lang='lat' dir='ltr'><strong>est,</strong></span> <span class='ocrx_word' id='word_1_334' title='bbox 1606 4139 1772 4171; x_wconf 73' lang='lat' dir='ltr'><strong>curare</strong></span> <span class='ocrx_word' id='word_1_335' title='bbox 1813 4133 1868 4170; x_wconf 87' lang='lat' dir='ltr'><strong>ut</strong></span> <span class='ocrx_word' id='word_1_336' title='bbox 1909 4139 2058 4188; x_wconf 76' lang='lat' dir='ltr'><strong>opera</strong></span> <span class='ocrx_word' id='word_1_337' title='bbox 2095 4125 2320 4189; x_wconf 74' lang='lat' dir='ltr'><strong>publica,</strong></span> <span class='ocrx_word' id='word_1_338' title='bbox 2349 4143 2528 4191; x_wconf 82' lang='lat' dir='ltr'><strong>nempe</strong></span> 
     </span>
    </p>
   </div>
  </div>
 </body>
</html>
