2984 4684
893 410 1024 477 DE
1073 410 1545 479 sumens
1594 410 2084 479 ruffinus.
2414 404 2551 503 5⁸7

421 548 559 612 tus,
596 552 792 595 nemo
827 546 922 594 est
961 531 1076 618 qui
1113 532 1392 613 nesciat,
1431 533 1484 595 si
1530 529 1731 595 modo
1765 531 1869 594 vel
1908 530 2227 595 levissime
2268 530 2553 595 hist'oriae

421 635 762 699 studuerit.
816 637 906 698 Ut
953 636 1331 717 omittamus
1377 637 1627 725 legibus
1670 638 2010 726 permissas
2063 636 2199 699 illas
2237 636 2555 717 rationes,

419 740 814 831 aucupandae
850 744 1176 831 popularis
1211 766 1382 806 aurae
1419 766 1609 807 causa
1628 792 1646 825 ,
1694 744 1848 806 illos'
1887 742 2403 806 nomenclatores
2442 743 2555 830 qui

419 846 773 912 candidatis
808 847 1124 936 cujusque
1158 872 1402 914 nomen
1438 848 1972 930 insusurrabant,
2002 847 2243 912 dextrae
2276 850 2557 937 prehen-

407 956 634 1029 „siones
655 978 800 1043 quae
823 955 1070 1019 Nasicae
1092 955 1382 1045 Scipioni
1407 958 1735 1046 repulsam
1762 956 2127 1019 intulerunt
2142 1002 2160 1035 ,
2186 955 2558 1044 largitiones

424 1062 562 1125 illas
603 1084 748 1149 quae
777 1061 1028 1149 populo
1063 1060 1499 1145 donabantur,
1528 1084 1804 1150 quarum
1836 1060 2328 1126 celeberrimum
2364 1058 2564 1125 dede·

425 1183 523 1231 rat
576 1166 938 1254 exemplum
994 1169 1296 1249 Crassus,
1339 1169 1452 1256 qui
1508 1184 1852 1256 postquam
1916 1166 2142 1231 decem
2194 1188 2564 1231 mensarum

425 1273 708 1338 millibus
741 1273 1000 1361 plebem
1025 1296 1362 1339 romanam
1387 1292 1754 1364 exceperat,
1778 1269 1837 1338 ei
1866 1265 2133 1362 insuper
2158 1275 2563 1337 frumentum

423 1379 492 1441 in
529 1394 659 1443 tres
696 1400 952 1443 menses
985 1397 1394 1468 erogaverat3
1429 1380 1563 1461 jam
1596 1380 1679 1444 de
1710 1380 1925 1445 vetitis
1957 1402 2225 1468 agamus
2260 1378 2381 1441 viis
2418 1378 2568 1467 qui-

423 1483 548 1547 bus
579 1482 662 1548 ad
693 1506 965 1549 munera
998 1486 1218 1549 omnia
1245 1484 1541 1573 plerique
1566 1484 2043 1575 grassabantur.
2070 1483 2361 1547 Primum
2392 1484 2569 1572 apud

428 1612 540 1655 eos
571 1589 827 1679 vigebat
855 1590 1060 1654 veluti
1107 1590 1402 1678 quaeda'm
1453 1590 1761 1681 suffragia
1804 1588 2171 1654 redimendi
2209 1590 2572 1680 provincia,

427 1717 571 1784 quoe
614 1718 732 1783 per
765 1717 920 1760 suos
963 1712 1326 1783 sequestres
1347 1743 1365 1777 ,
1411 1697 1747 1761 ministros
1760 1744 1777 1777 ,
1818 1696 2199 1783 interpretes
2246 1694 2463 1778 fieret3
2505 1711 2572 1759 et

429 1800 510 1865 de
551 1822 680 1887 qua
719 1800 952 1887 saepius
993 1801 1220 1865 Cicero
1261 1800 1328 1863 in
1353 1800 1643 1864 Verrinis
1688 1800 2091 1864 mentionem
2133 1798 2347 1862 habet.
2372 1798 2570 1863 Veta-

429 1909 672 1973 bantur
714 1921 781 1970 et
823 1906 1250 1996 gladiatorum
1293 1928 1597 1989 munera,
1636 1930 1781 1994 quoe
1813 1905 1976 1971 adeo
2014 1903 2199 1969 avid‘e
2233 1905 2575 1993 expetebat
2609 1966 2619 1977 ,

432 2015 752 2103 populus,
789 2030 856 2078 et
897 2012 1100 2077 multa
1141 2012 1258 2077 alia
1297 2036 1444 2101 quae
1479 2013 1587 2077 hic
1624 2034 2007 2077 enumerare
2038 2034 2281 2076 vanum
2315 2028 2391 2075 ac
2421 2012 2573 2075 inu-

430 2120 541 2184 tile
571 2118 920 2185 videretur.

521 2228 610 2292 Ac
644 2226 746 2291 vel
781 2228 1007 2316 primis
1035 2228 1193 2315 reip.
1221 2226 1625 2314 temporibus
1658 2247 1921 2291 necesse
1952 2242 2181 2290 omnes
2207 2224 2535 2291 duxerunt
2554 2274 2572 2305 ,

431 2334 546 2397 has
579 2333 978 2419 corruptelas
1020 2332 1440 2396 severissimis
1487 2331 1745 2419 legibus
1776 2331 2108 2413 cohiberi3
2148 2332 2241 2395 sic
2280 2332 2572 2395 instituta

433 2438 665 2503 Maenia
701 2438 808 2503 lex
865 2438 1064 2524 (anno
1109 2437 1266 2522 439)
1323 2452 1388 2499 et
1435 2436 1734 2499 Cornelia
1782 2437 1991 2499 Baebia
2040 2435 2256 2524 (571),
2298 2459 2573 2523 quarum

436 2562 627 2613 tenor
679 2564 812 2607 non
869 2541 952 2606 ad
1012 2564 1134 2605 nos
1189 2563 1400 2629 usque
1459 2541 1794 2629 pervenit,
1842 2540 1955 2604 sed
2002 2564 2147 2628 quae
2194 2539 2573 2605 damnatum

437 2667 682 2731 morte,
723 2655 846 2713 'am
895 2648 1090 2711 etiam
1134 2646 1390 2727 exsilio,
1429 2645 1613 2735 quod
1651 2668 1908 2734 semper
1954 2668 2071 2710 reo
2113 2646 2392 2710 liberum
2436 2663 2573 2711 erat

439 2778 756 2844 occupare
772 2804 790 2837 ,
813 2754 1186 2818 multarent.

459 2894 466 2903 ·
525 2864 770 2927 Marius
816 2861 1011 2925 etiam
1059 2859 1285 2923 eadem
1334 2857 1418 2922 de
1459 2880 1654 2922 causa
1696 2858 1905 2946 legem
1935 2858 2086 2922 tulit
2117 2856 2333 2946 (634),
2382 2880 2467 2922 ne
2505 2859 2572 2922 in

439 2984 640 3058 ponte
685 2991 804 3057 per
849 2988 1050 3055 quem
1101 2966 1427 3055 suffragia,
1459 2962 1725 3030 daturos
1776 2966 2049 3030 transire
2098 2980 2233 3029 erat
2275 2988 2537 3030 necesse
2559 3013 2579 3046 ,

441 3074 936 3140 candidatorum
996 3073 1344 3162 quisquam
1406 3086 1637 3153 staret3
1697 3071 1811 3136 sed
1880 3062 2050 3161 ipse‘
2084 3072 2311 3137 ceteris
2374 3071 2578 3162 magis

443 3204 638 3268 quam
678 3181 802 3245 sibi
835 3180 975 3244 baec
1010 3180 1340 3269 scripsisse
1389 3194 1488 3243 est
1522 3179 1735 3260 visus,
1771 3178 2017 3267 quippe
2049 3179 2165 3267 qui
2202 3195 2267 3242 et
2298 3178 2585 3241 ambitus

445 3286 648 3351 fuerit
676 3302 1016 3350 accusatus
1035 3332 1054 3367 ,
1089 3300 1154 3349 et
1177 3302 1432 3349 sextum
1458 3283 1871 3349 consulatum
1891 3333 1911 3366 ,
1944 3284 2207 3349 nonnisi
2234 3284 2439 3347 multa
2468 3305 2583 3371 pe-

447 3392 637 3456 cunia
665 3392 950 3481 potuerit
971 3392 1338 3479 impetrare.
1366 3392 1451 3455 Et
1469 3392 1609 3482 ipse
1634 3390 1827 3468 Sulla,
1850 3413 2057 3481 quum
2084 3390 2283 3455 semel
2308 3407 2582 3479 praetura

447 3497 804 3579 excidisset,
829 3496 1089 3561 nonnisi
1116 3498 1442 3585 corruptis
1467 3498 1813 3588 suffragiis,
1836 3520 1977 3561 eam
2003 3496 2311 3560 obtinuit.
2327 3495 2589 3577 Quibus

447 3603 788 3691 exemplis,
819 3604 1066 3667 etiamsi
1104 3626 1238 3667 non
1268 3604 1531 3668 aliunde
1568 3621 1847 3693 pateret,
1894 3602 2057 3668 illud
2098 3602 2601 3690 comprobatur,

450 3710 614 3775 nihil
650 3710 771 3773 hae
804 3708 886 3773 de
919 3731 992 3773 re
1025 3732 1343 3797 umquam
1367 3713 1539 3799 leges
1564 3710 1859 3775 valuisse.
1884 3711 2064 3792 Quas
2097 3725 2316 3772 tamen
2352 3708 2587 3773 multas

449 3815 548 3880 vel
584 3814 737 3880 inde
772 3816 1040 3904 scriptas
1069 3832 1324 3881 constat
1353 3839 1368 3879 z
1415 3832 1492 3879 ut
1528 3808 1735 3907 legem
1763 3816 2024 3881 Fabiam
2050 3863 2069 3896 ,
2105 3836 2189 3878 ne
2228 3830 2407 3878 tanta
2434 3814 2594 3878 ami-

451 3945 676 3986 corum
719 3922 956 3985 cohors
989 3920 1364 3989 candidatos
1408 3938 1953 4009 prosequeretur3
1992 3921 2359 3985 Corneliam
2382 3970 2399 4003 ,
2443 3943 2591 4008 quae

452 4044 582 4091 tam
617 4028 919 4093 atrociter
950 4029 1016 4092 in
1055 4026 1394 4093 damnatos
1429 4027 1998 4109 animadvertebat,
2012 4040 2089 4090 ut
2116 4043 2376 4091 senatus
2412 4026 2470 4090 ei
2501 4025 2599 4088 in·

455 4134 782 4199 tercedere
829 4158 1088 4223 aequum
1144 4134 1468 4199 censuerit
1484 4160 1503 4217 3
1560 4134 2011 4221 Calpurniam,
2066 4156 2209 4221 quae
2236 4183 2255 4215 ,
2297 4130 2595 4220 quamvis
