2984 4684
453 414 592 486 230
1005 399 1012 405 ’
1237 414 1803 486 EXCURSUS

447 544 564 627 tis,
597 566 742 633 quae
775 561 958 609 erant
984 566 1104 633 pro
1139 546 1474 610 eversione
1502 546 1723 635 patriae
1755 542 2147 631 consequuti
2172 572 2219 607 ο.
2252 541 2471 606 Patres
2501 561 2586 605 ne

445 648 866 713 extorsissent
893 648 1256 737 provincias
1290 646 1545 731 Pisoni,
1588 665 1653 713 et
1684 648 1967 713 Gabinio
1984 694 2003 729 ,
2040 647 2094 709 si
2133 646 2297 709 ultra
2335 666 2584 711 annum

449 777 585 818 non
618 770 1072 845 prorogassent
1103 753 1491 843 imperium?
1518 755 1573 819 si
1604 754 1871 843 quidem
1898 776 2015 841 per
2045 751 2440 817 adversarios
2470 774 2587 815 ne·

447 862 716 925 cessaria
747 876 886 925 erat
923 862 1334 950 prorogatio:
1381 892 1406 919 a
1429 862 1809 949 Numquam
1848 857 2237 925 succedetur
2268 858 2422 939 illis,
2458 858 2585 921 nisi

449 989 652 1053 quum
699 990 774 1031 ea
821 968 977 1057 lege·
997 970 1348 1049 referetur,
1401 990 1527 1055 qua
1582 964 1897 1032 intercedi
1948 965 2030 1029 de
2062 965 2409 1054 provinciis
2446 986 2583 1028 non

443 1072 730 1137 licebit-2
761 1073 928 1136 infra
959 1091 1186 1138 contra
1217 1095 1365 1154 eos,
1402 1074 1517 1162 qui
1549 1087 1972 1154 censuerant,
2008 1070 2276 1134 alteram
2308 1069 2584 1133 Galliam

443 1200 594 1241 cum
628 1177 810 1266 Syria
831 1177 1306 1243 decernendam
1329 1201 1503 1243 esse:
1535 1209 1560 1236 κ
1581 1182 1880 1243 Attamen
1904 1177 2007 1240 his
2032 1175 2367 1241 sententiis
2384 1223 2404 1257 ,
2430 1175 2585 1239 Piso

443 1284 512 1346 in
549 1284 882 1372 provincia
913 1286 1379 1372 permanebit».
1405 1286 1776 1373 Utrumque
1804 1284 2040 1347 falsum
2074 1298 2211 1362 est,
2260 1281 2316 1345 si
2350 1302 2589 1370 proro-

443 1390 770 1479 gationem
801 1389 1252 1475 admittamus;
1294 1414 1443 1455 nam
1483 1392 1635 1455 licet
1664 1392 1732 1455 in
1774 1388 2204 1454 decernendis
2236 1387 2586 1476 provinciis

443 1494 620 1559 aliud
653 1496 980 1561 statuisset
1019 1513 1315 1580 senatus,
1355 1512 1611 1585 poterat
1646 1495 2067 1559 nihilominus
2111 1494 2339 1559 Cicero
2372 1493 2582 1580 impe·

445 1599 584 1665 dire
617 1601 953 1667 decretum
989 1602 1072 1666 de
1111 1602 1529 1694 prorogando
1580 1602 1853 1691 imperio
1902 1600 2126 1667 Pisoni
2167 1616 2233 1664 et
2272 1598 2585 1675 Gabinio,

448 1708 504 1773 si
537 1709 968 1774 necessarium
1012 1709 1172 1774 illud
1221 1727 1356 1775 erat
1396 1710 1478 1774 ad
1517 1711 1681 1791 hoc,
1714 1726 1789 1773 ut
1820 1710 1913 1773 illi
1944 1707 2307 1798 provincias
2352 1705 2589 1769 retine-

453 1828 668 1877 rent...
689 1814 910 1878 Sexto:
940 1813 1011 1879 P.
1033 1816 1288 1880 Sextius
1317 1816 1726 1904 quaestoriam
1755 1816 2155 1903 provinciam
2178 1812 2587 1877 consularem

451 1918 748 2001 sortitus,
785 1935 1103 2001 metuens,
1126 1942 1208 1985 ne
1237 1937 1388 2008 post
1414 1944 1494 1984 an
1505 1944 1662 1983 num
1691 1921 1813 1985 sibi
1843 1920 2205 2007 eriperetur
2230 1916 2585 2006 provincia,

449 2046 646 2110 quam
685 2022 1205 2107 administrabat,
1242 2026 1540 2090 Ciceroni
1579 2026 1789 2091 amico
1825 2024 2239 2114 significavit,
2284 2023 2405 2087 sibi
2439 2044 2586 2110 gra-

452 2144 593 2191 tum
616 2129 783 2211 fore,
817 2130 867 2192 si
891 2152 1030 2193 eam
1055 2130 1333 2194 retinere
1356 2130 1602 2195 diutius
1630 2148 1881 2219 posset:
1903 2130 1989 2194 ad
2020 2152 2219 2218 quem
2248 2130 2335 2191 ita
2356 2128 2591 2191 Cicero

454 2234 637 2321 epist.
657 2234 699 2298 6
716 2282 734 2316 ,
768 2234 960 2299 lib.V:
986 2264 1012 2291 ιι
1034 2234 1261 2318 Quum
1289 2234 1370 2299 ad
1395 2258 1499 2299 me
1524 2237 1764 2301 Decius
1792 2236 2091 2301 librarius
2118 2250 2271 2298 tuus
2288 2232 2590 2312 venisset,

455 2338 817 2426 egissetque
853 2360 1112 2405 mecum
1133 2387 1151 2421 ,
1190 2356 1264 2404 ut
1299 2363 1561 2428 operam
1591 2340 1842 2421 darem,
1870 2362 1953 2404 ne
1986 2340 2105 2403 tibi
2136 2338 2265 2403 hoc
2296 2355 2591 2426 tempore

453 2446 988 2529 succederetur»;
1019 2470 1228 2542 quum
1261 2448 1356 2512 uti
1389 2466 1609 2537 posset
1644 2446 2093 2513 commodiore
2128 2446 2329 2510 verbo
2352 2492 2369 2527 ,
2412 2461 2489 2509 et·
2506 2444 2593 2509 de

454 2552 869 2643 prorogando
894 2554 1112 2642 potius
1146 2556 1439 2643 imperi0,
1462 2578 1659 2642 quam
1694 2554 1775 2619 de
1808 2578 1941 2619 non
1976 2551 2387 2618 succedendo
2412 2574 2595 2615 men-

457 2659 702 2723 tionem
739 2661 983 2742 facere,
1016 2660 1197 2749 quod
1229 2659 1435 2743 majus
1473 2678 1613 2725 erat
1660 2660 2069 2725 beneficium.
2102 2659 2208 2723 Sic
2240 2658 2425 2746 epist.
2467 2679 2552 2743 29
2572 2705 2593 2739 ,

456 2764 569 2829 lib.
603 2766 801 2847 xm,
839 2766 924 2830 de
947 2766 1270 2832 Antistio:
1299 2798 1326 2823 ιι
1355 2767 1492 2850 Qui
1534 2790 1739 2855 quum
1772 2769 1939 2832 forte
1971 2783 2255 2855 quaestor
2286 2762 2594 2829 Macedo·

459 2870 635 2933 niam
689 2870 1046 2951 obtineret,
1089 2894 1303 2961 neque
1341 2874 1398 2936 ei
1432 2894 1804 2938 successum
1838 2889 2113 2937 esset»...
2148 2871 2477 2959 Septimo:
2514 2890 2593 2932 ex

460 2975 754 3039 oratione
779 2976 848 3039 in
867 2976 1170 3040 Pisonem
1193 2976 1368 3041 aliud
1389 2995 1841 3067 argumentum
1868 2977 2243 3057 deducitur;
2278 2998 2427 3039 nam
2456 2975 2595 3039 haec

460 3080 552 3145 ihi
602 3080 964 3146 habentur:
1008 3084 1280 3165 «Quum
1325 3084 1442 3148 tibi
1496 3108 1611 3175 spe
1656 3086 1809 3149 falsa
1853 3084 2036 3174 quod
2081 3083 2161 3165 Q.
2196 3080 2594 3146 Ancharium

460 3208 596 3250 non
643 3208 782 3250 esse
825 3208 1278 3251 successurum
1320 3206 1617 3276 putares,
1668 3192 1922 3253 animos
1970 3209 2197 3251 rumor
2240 3184 2523 3261 inflasset
2544 3214 2589 3247 n.

470 3292 722 3375 Quaeris
743 3341 762 3373 ,
805 3316 924 3356 cur
955 3315 1035 3355 eo
1067 3316 1334 3359 rumore
1371 3296 1537 3361 adeo
1573 3298 1894 3361 laetaretur
1929 3293 2123 3358 Piso?
2166 3292 2365 3381 quia,·
2387 3292 2439 3355 si
2474 3294 2601 3356 An·

461 3398 718 3462 charius
751 3398 872 3461 sibi
915 3420 1249 3464 successor
1280 3399 1639 3465 destinatus
1682 3402 1749 3465 in
1786 3400 2185 3490 provinciam
2218 3420 2349 3461 non
2378 3399 2595 3461 venis-

459 3519 588 3587 set,
621 3504 992 3569 retinuisset
1017 3505 1154 3593 ipse
1182 3505 1398 3570 adhuc
1427 3508 1773 3595 imperium
1798 3509 1865 3571 in
1892 3504 2275 3570 Macedonia
2302 3504 2443 3567 sine
2468 3503 2598 3566 ulla

460 3610 952 3699 prorogatione,
997 3633 1193 3699 quam
1221 3634 1260 3675 a
1291 3611 1589 3676 Patribus
1626 3614 1749 3677 sibi
1793 3612 2069 3675 inimicis
2120 3633 2205 3674 ne
2248 3612 2597 3697 impetrare

465 3714 732 3801 quidem
759 3718 1106 3804 potuisset3
1145 3716 1260 3781 sed
1287 3718 1418 3799 jam
1458 3736 1761 3795 noverat,
1796 3718 1959 3781 nihil
1992 3715 2319 3806 agendum
2350 3716 2487 3777 sore
2515 3712 2603 3776 de

448 3812 988 3908 ”prorogationem
1007 3823 1289 3889 Octavo:
1325 3847 1533 3912 quum
1558 3826 1964 3915 magistratus
1997 3838 2215 3888 essent
2231 3821 2540 3902 annui,et
2562 3844 2601 3889 a

465 3925 619 3989 solis
643 3925 1116 4014 magistratibus
1143 3946 1358 3994 vetere
1395 3932 1535 4021 lege
1570 3918 1915 4020 provinciae
1948 3945 2347 4021 regerentur,
2372 3950 2605 4015 proro-

471 4029 644 4119 gatio
665 4030 917 4119 imperii
947 4048 1084 4103 erat
1115 4033 1359 4122 aliquid
1392 4036 2010 4118 extraordinarium3
2060 4034 2495 4123 proindeque,
2544 4031 2601 4095 si
