2984 4684
814 330 1195 401 ORATIO
1243 329 1447 399 PRo
1494 330 1562 399 s.
1611 330 2012 401 flosclo
2382 356 2474 430 97

350 479 434 525 ex
478 453 777 523 avaritia
825 466 1157 551 erumpat
1196 450 1539 523 audacia:
1593 450 1763 524 inde
1807 456 2052 523 omnia
2087 453 2351 525 scelera
2396 481 2482 527 ac

350 562 700 635 maleficia
733 568 1151 661 gignuntur.
1183 565 1347 636 Vita
1370 576 1612 633 autem
1642 560 1794 633 haec
1825 565 2126 652 rustica,
2153 590 2373 661 quam
2403 581 2485 635 tu

350 688 705 771 agrestem
735 697 985 763 vocas,
1009 674 1473 771 parcimoniae
1500 725 1520 759 ‚
1547 670 1932 768 diligentiae
1954 726 1974 761 ‚
2005 676 2298 769 justitiae
2331 700 2482 745 ma-

352 788 567 880 gistra
599 798 729 855 est.
757 786 1031 855 Verum
1058 781 1211 853 haec
1238 785 1453 861 missa
1484 779 1695 853 facie.

445 894 775 966 XXVIII.
822 891 1011 963 Illud
1055 916 1336 989 quaer0,
1380 894 1441 962 is
1472 890 1698 963 homo
1720 945 1741 980 ‚
1775 894 1943 989 qui,
1976 906 2059 962 ut
2090 907 2244 964 tute
2273 892 2490 983 dicis,

354 1028 757 1101 numquam
778 1005 970 1073 inter
991 1000 1329 1073 homines
1352 998 1596 1089 fuerit,
1616 1025 1750 1099 per
1771 1026 1960 1098 quos
1989 1001 2322 1073 homines
2349 1002 2492 1074 hoc

354 1128 637 1186 tantum
686 1112 1005 1201 facinus,
1050 1126 1207 1183 tam-
1252 1112 1625 1183 occultum
1652 1123 1704 1200 ¹,
1759 1110 2022 1183 absens
2059 1117 2496 1209 praesertim,

354 1222 711 1295 conficere
756 1224 1097 1321 potuerit.
1164 1222 1442 1293 Multa²
1490 1233 1666 1291 sunt
1713 1218 1917 1308 falsa,
1955 1219 2237 1316 judices
2262 1275 2282 1309 ,
2330 1246 2494 1318 quae

356 1349 595 1405 tamen
626 1334 829 1429 argui
858 1333 1255 1429 suspiciose
1282 1344 1628 1427 possunt:
1663 1332 1740 1400 in
1773 1330 1890 1401 his
1919 1330 2139 1401 rebus
2176 1334 2236 1401 si
2263 1335 2493 1429 suspi-

355 1445 469 1513 cio
502 1455 785 1538 reperta
816 1443 988 1525 erit,
1016 1438 1305 1536 culpam
1338 1441 1574 1510 inesse
1607 1438 2024 1511 concedam.
2058 1444 2304 1512 Romae
2332 1445 2493 1512 Sex.

354 1555 656 1623 Roscius
688 1548 1076 1637 occiditur,
1107 1572 1340 1646 quum
1369 1549 1445 1617 in
1477 1572 1652 1644 agro
1683 1551 2028 1622 Amerino
2061 1564 2248 1621 esset
2277 1549 2494 1621 filius.

355 1666 626 1733 Literas
647 1715 666 1749 ‚
696 1658 913 1761 crpdo
931 1712 951 1747 ‚
978 1660 1175 1728 misit
1198 1657 1414 1727 alicui
1444 1661 1728 1743 sicario,
1762 1661 1889 1755 qui
1919 1664 2162 1729 Romae
2199 1672 2502 1731 noverat

357 1774 748 1842 neminem.
782 1768 1164 1840 Arcessivit
1193 1767 1513 1863 aliquem
1553 1792 1570 1835 z
1608 1782 1684 1837 at
1706 1764 1736 1811 ³
1761 1766 2106 1865 quando?
2139 1772 2496 1841 Nuntium

358 1881 557 1950 misit
590 1905 605 1946 :
641 1878 909 1975 quem?
948 1890 1077 1947 aut
1100 1873 1195 1945 ad
1228 1875 1497 1972 quem?
1535 1879 1810 1966 Preti0,
1837 1882 2060 1975 gratia
2081 1932 2100 1967 ‚
2133 1902 2294 1976 spe,
2324 1903 2499 1977 pro·

358 1994 591 2062 missis
618 1989 907 2061 induxit
932 1986 1299 2086 aliquem?
1330 1986 1527 2060 Nihil
1559 1988 1824 2059 horum
1858 2015 1952 2060 ne
1985 1988 2304 2087 confingi
2333 1992 2503 2089 qui-

358 2102 525 2173 dem
549 2113 831 2199 potest;
862 2112 936 2170 et
971 2112 1213 2169 tamen
1252 2120 1465 2167 causa
1499 2095 1590 2167 de
1620 2096 2011 2195 parricidio
2047 2098 2334 2170 dicitur.

455 2210 849 2307 Reliquum
882 2219 1025 2297 etit,
1057 2220 1139 2277 ut
1166 2229 1298 2303 per
1322 2230 1568 2277 servos
1595 2204 1673 2276 id
1703 2206 2094 2280 admiserit.
2139 2212 2204 2279 Ο
2243 2206 2388 2278 dii
2371 2234 2504 2279 lm-

360 2314 731 2413 mortales!
774 2341 928 2388 rem
964 2317 1300 2387 miseram
1333 2328 1408 2385 et
1439 2314 1968 2387 calamitosam!
2009 2317 2280 2409 Quod
2261 2344 2339 2389 1n
2375 2320 2497 2391 tali

362 2431 661 2499 crimine
690 2429 1065 2498 innocenti
1096 2425 1308 2495 saluti
1338 2406 1522 2497 solet
1545 2450 1741 2515 esse,
1783 2441 1868 2497 ut
1893 2451 2138 2498 servos
2185 2431 2262 2498 in
2305 2454 2501 2525 quae-

363 2539 719 2609 stionem⁴
752 2536 1203 2635 polliceatur,
1237 2532 1315 2604 id
1352 2538 1510 2605 SeX.
1537 2538 1800 2606 Roscio
1841 2534 2074 2608 facere
2120 2562 2271 2607 non
2309 2538 2498 2611 licet.

362 2652 547 2736 Vos,
578 2650 707 2745 qui
740 2645 944 2717 hunc
981 2647 1369 2732 accusatiS,
1409 2667 1664 2715 omnes
1694 2647 1854 2741 ejus
1885 2669 2126 2717 servos
2169 2645 2450 2719 habetis
2479 2676 2499 2720 ε

366 2783 557 2829 unus
587 2781 798 2855 puer,
828 2759 1061 2826 victus
1098 2752 1507 2851 quotidiani
1539 2752 1984 2844 administer,
2027 2779 2116 2825 ex
2161 2769 2360 2827 tanta
2401 2755 2500 2827 fa·

366 2868 561 2939 milia
602 2870 759 2937 Sex.
812 2868 1072 2936 Roscio
1118 2864 1409 2935 relictus
1456 2887 1609 2932 non
1645 2878 1772 2934 est.
1813 2868 1914 2935 Te
1948 2889 2149 2936 nunc
2180 2866 2493 2965 appello,

364 2978 440 3045 P.
466 2976 745 3071 Scipi03
775 2988 882 3062 te,
930 2972 1217 3044 Metelle
1246 2998 1263 3041 ε
1316 2970 1525 3043 vobis
1555 2971 1922 3045 advocatis
1941 3030 1961 3064 ‚
1988 2974 2196 3047 vobis
2226 2982 2500 3074 agenti·

364 3084 505 3155 bus
521 3080 577 3171 ⁵,
612 3085 996 3181 aliquoties
1036 3082 1223 3155 duos
1251 3106 1494 3153 servos
1531 3096 1872 3179 paternos
1911 3087 1988 3153 in
2025 3088 2500 3184 quaestionem

366 3194 459 3265 ab
483 3193 907 3267 adversariis
932 3198 1088 3265 Sex.
1124 3194 1425 3263 Roscius
1444 3192 1856 3289 postulavit.
1885 3198 2374 3267 Meministine
2404 3210 2502 3287 te,

436 3451 679 3499 xxvm.
696 3468 715 3499 1
729 3486 741 3499 .
764 3450 1035 3500 Occultum.
1050 3447 1202 3510 Cuius
1218 3456 1393 3496 auctor
1476 3446 1737 3497 missurum
1758 3464 1811 3496 se
1837 3445 1970 3498 dieat
1988 3460 2044 3499 ut
2071 3448 2206 3499 01111ιί
2231 3458 2502 3499 tormento-

369 3542 628 3595 untopere
642 3546 695 3577 se
713 3529 863 3578 debet
883 3528 1143 3577 occultare.
1476 3541 1586 3575 rum
1611 3543 1786 3592 genere
1821 3528 1884 3576 de
1911 3530 2064 3577 nervis
2085 3528 2290 3593 quatio
2323 3528 2502 3579 haben-

438 3626 491 3658 2.
512 3609 697 3657 Multa.
718 3610 777 3655 In
806 3607 913 3655 aliis
936 3606 1083 3655 rebus
1103 3604 1253 3655 multa
1276 3615 1389 3654 sunt
1478 3615 1573 3654 tur.
1593 3609 1670 3655 Ex
1697 3618 1910 3655 veterum
1927 3608 2261 3656 Romanorum
2275 3607 2504 3659 instituto

370 3704 507 3752 qua,
534 3689 625 3736 eui
650 3698 820 3735 carent
844 3688 1068 3747 cuimine,
1096 3702 1199 3735 11011
1224 3694 1391 3734 carent
1477 3683 1540 3731 de
1562 3686 1714 3733 servis
1739 3686 1791 3733 in
1818 3685 2046 3734 domino·
2074 3702 2290 3751 quaerere
2313 3702 2417 3736 11011
2437 3688 2502 3736 li-

370 3778 532 3816 tamen
553 3766 861 3832 suspicione;
886 3764 974 3815 sed
990 3765 1043 3814 in
1060 3782 1205 3815 musa
1221 3768 1271 3817 S.
1288 3768 1391 3815 Ro·
1480 3766 1644 3827 cebet,
1669 3766 1764 3813 nisi
1787 3766 1849 3814 de
1864 3767 2054 3814 incestu
2079 3777 2128 3814 et
2145 3766 2502 3827 conjuratione.

372 3847 491 3906 scii,
524 3857 623 3895 etc.
1005 3908 1014 3916 -
1480 3846 1552 3893 At
1577 3860 1662 3893 reo
1690 3844 1893 3893 domino
1917 3844 2200 3910 postulante
2219 3878 2233 3905 ,
2264 3846 2506 3895 dnh-ntur

443 3926 493 3974 3.
514 3924 671 3973 Abest
688 3936 747 3973 ae
770 3923 904 3990 apud
928 3925 1250 3985 Priscianum,
1277 3938 1390 3989 pag.
1482 3924 1538 3972 in
1563 3924 1900 3987 quaestionem.
1918 3923 2038 3974 vid.
2062 3924 2154 3973 ins.
2179 3930 2242 3980 41
2259 3958 2276 3984 ,
2304 3935 2353 3973 et
2378 3933 2504 3973 orat.

378 4019 476 4067 902
496 4038 515 4064 ,
536 4003 617 4053 ed.
642 4004 841 4055 Puteoli.
869 4005 917 4053 J.
932 4006 997 4053 V.
1021 4006 1081 4053 L.
1481 4019 1575 4070 pto
1598 4002 1778 4051 Milon.
1799 4017 1888 4051 ππ.

451 4092 503 4139 4.
532 4084 594 4131 In
626 4084 959 4147 quaestionem.
989 4086 1032 4131 Ι.
1056 4099 1103 4132 e.
1124 4082 1259 4132 ultro
1284 4097 1395 4146 per-
1560 4080 1606 4129 5.
1648 4080 1796 4129 Vobis
1835 4080 2109 4147 agentibus.
2134 4084 2360 4131 Vestram
2394 4096 2513 4147 ope-

572 4172 630 4238 Ῐ.
687 4186 776 4253 ἃς.
794 4200 908 4248 pars
928 4185 1137 4235 secunda.
2268 4192 2310 4262 7
