2984 4684
716 375 833 446 IN
884 377 1319 446 VERREM
1371 377 1586 445 ACT.
1641 379 1752 464 11,
1796 379 1984 447 LIB.
2040 381 2138 447 II.
2353 379 2496 479 399

358 497 629 570 dissent
650 549 671 584 ,
726 498 863 568 nisi
906 495 1086 568 illud
1130 511 1203 569 et
1244 499 1351 569 rei
1390 495 1879 570 frumentariae
1919 498 2322 573 subsidium
2345 557 2365 592 ,
2425 520 2500 577 et

358 607 897 706 receptaculum
932 606 1281 679 classibus
1314 609 1582 680 nostris
1614 623 1894 705 pateret
1909 621 1960 680 9.

454 724 545 790 ΙΙ.
590 719 834 808 Quare
871 721 947 788 P.
985 716 1361 790 Asticanus
1382 771 1403 806 ‚
1444 718 1878 817 Carthagine
1905 717 2176 810 deleta,
2215 723 2499 796 Siculo-

357 850 523 902 rum
572 828 793 901 urbes
847 829 1067 926 signis
1114 831 1756 928 monumentisque
1812 829 2322 930 pulcherrimis
2373 861 2498 908 ex-

358 943 667 1012 ornavit¹
692 968 709 1010 :
732 955 852 1029 ut,
890 963 1079 1038 quos
1110 941 1404 1012 victoria
1438 942 1692 1040 populi
1720 944 2002 1013 romani
2037 944 2346 1017 maxime
2377 946 2496 1018 lae-

358 1051 495 1122 tari
528 1049 1037 1140 arbitrabatur,
1078 1049 1275 1150 apud
1307 1075 1433 1123 eos
1458 1065 1938 1123 monumenta
1973 1055 2289 1125 victoriae
2330 1056 2494 1153 plu-

356 1162 537 1232 rima
566 1161 973 1234 collocaret.
1012 1166 1346 1260 Denique
1371 1161 1489 1233 ille
1523 1166 1677 1261 ipse
1712 1165 1809 1233 M.
1843 1163 2262 1252 Marcellus,
2291 1165 2502 1260 cujus

357 1270 431 1340 iu
463 1270 701 1344 Sicilia
728 1275 1071 1344 virtutem
1105 1271 1375 1360 hostes,
1402 1270 1970 1343 misericordiam
1999 1272 2169 1344 victi
2189 1327 2209 1362 ,
2243 1273 2497 1346 fidem-

357 1405 503 1478 que
536 1373 757 1454 ceteri
804 1382 1021 1454 Siculi
1059 1396 1592 1482 perspexerunt
1613 1436 1633 1469 ,
1683 1407 1837 1452 non
1881 1381 2120 1453 solum
2159 1385 2372 1456 sociis
2419 1387 2498 1456 in

358 1514 445 1562 eo
465 1489 663 1564 bello
683 1492 1073 1579 consuluit,
1088 1515 1343 1577 verum
1364 1494 1580 1564 etiam
1595 1493 1951 1590 superatis
1975 1492 2304 1565 hostibus
2325 1509 2500 1566 tem·

358 1602 655 1700 per-avit.
683 1600 957 1674 Urbem
985 1601 1545 1700 pulcherrimam
1569 1657 1588 1692 ‚
1613 1605 2031 1698 Syracusas,
2067 1628 2231 1701 quae
2269 1630 2500 1703 quum

353 1736 577 1783 manu
598 1712 1080 1784 munitissima
1103 1725 1314 1800 esset,
1335 1725 1493 1786 tum
1523 1712 1664 1783 loci
1687 1727 1980 1800 natura,
2002 1727 2192 1785 terra
2213 1738 2296 1786 ac
2317 1717 2500 1787 mari

352 1822 846 1910 claudebatur,
870 1847 1101 1921 quum
1129 1825 1199 1894 vi
1232 1823 1684 1921 consilioque
1714 1827 2053 1921 cepisset,
2083 1849 2232 1895 non
2261 1825 2500 1898 solum

350 1935 795 2006 incolumem
832 1955 1083 2032 passus
1127 1949 1239 2006 est
1276 1958 1469 2021 esse,
1509 1931 1634 2006 sed
1668 1934 1766 2004 ita
1809 1933 2103 2030 reliquit
2137 1949 2499 2024 ornatam,

348 2057 436 2115 ut
468 2058 653 2115 esset
686 2043 873 2114 idem
908 2058 1471 2118 monumentum
1508 2043 1856 2132 victoriae,
1883 2043 2460 2119 mansuetudinis
2480 2101 2501 2132 ‚

352 2158 860 2228 continentiae:
902 2180 1131 2254 quum
1170 2155 1508 2228 homines
1535 2155 1864 2227 viderent
1887 2208 1907 2243 ,
1943 2169 2018 2226 et
2051 2154 2232 2252 quid
2270 2179 2502 2256 expu-

351 2280 638 2362 gnasset
658 2317 677 2354 ,
736 2281 810 2338 et
870 2265 1141 2364 quibus
1194 2266 1669 2365 pepercisset,
1734 2281 1806 2338 et
1863 2290 2027 2363 quae
2067 2266 2498 2365 reliquisset.

350 2380 661 2448 Tantum
688 2377 809 2448 ille
834 2376 1193 2448 honorem
1218 2377 1467 2447 Siciliae
1491 2374 1913 2447 habendum
1939 2380 2220 2474 putavit
2236 2432 2256 2465 ,
2294 2394 2380 2450 ut
2406 2405 2500 2453 ne

351 2486 673 2557 hostium
700 2484 997 2583 quidem
1034 2485 1295 2557 urbem
1326 2510 1417 2556 ex
1444 2486 1811 2556 sociorum
1847 2486 2077 2557 insula
2105 2485 2500 2560 tollendam

350 2595 842 2668 arbitraretur.
907 2599 1163 2693 Itaque
1214 2594 1303 2667 ad
1364 2617 1620 2666 omnes
1673 2619 1788 2666 res
1848 2594 2083 2666 Sicilia
2132 2597 2502 2693 provincia

353 2731 642 2807 semper
679 2709 789 2780 usi
832 2731 1084 2779 sumus
1106 2760 1127 2794 ,
1187 2720 1268 2779 ut
1292 2758 1311 2795 ,
1358 2704 1718 2802 quidquid
1770 2730 1862 2776 ex
1912 2729 2066 2776 sese
2115 2721 2359 2803 posset
2393 2707 2502 2779 ef-

354 2815 572 2907 ferre,
616 2817 693 2889 id
732 2840 884 2889 non
922 2817 1117 2917 apud
1154 2841 1282 2889 eos
1323 2817 1562 2905 nasci,
1606 2814 1734 2886 sed
1771 2815 1972 2888 domi
2019 2831 2284 2888 nostrae
2329 2843 2503 2890 con-

362 2925 642 3000 ditum²
704 2942 1145 3028 putaremus,
1205 2927 1522 3020 Quando
1585 2926 1703 2998 illa
1762 2926 2250 3015 frumentum,
2299 2929 2500 3028 quod

364 3039 661 3114 deberet
683 3037 737 3128 ³,
780 3064 931 3112 non
971 3039 1060 3112 ad
1097 3040 1287 3111 diem
1328 3037 1572 3111 dedit?
1599 3037 1900 3135 quando
1939 3036 2010 3108 id
2033 3091 2052 3128 ,
2081 3037 2284 3136 quod
2315 3063 2504 3139 opus

362 3175 515 3224 esse
538 3165 861 3249 putaret,
890 3175 1043 3223 non
1072 3151 1262 3223 ultro
1290 3151 1609 3248 pollicita
1635 3151 1793 3221 est?
1832 3148 2228 3247 quandoid
2248 3205 2268 3235 ,
2300 3150 2502 3248 quod

360 3263 875 3360 imperaretur,
920 3261 1324 3334 recusavit?
1379 3263 1632 3357 Itaque
1675 3259 1796 3330 ille
1843 3261 1942 3330 Μ.
1991 3261 2170 3330 Cato
2220 3261 2505 3357 sapiens

430 3497 606 3558 9.Pae.
622 3492 903 3540 Immutatio
920 3491 1023 3542 baee
1042 3493 1273 3557 temporis
1288 3507 1383 3558 pro
1475 3489 1608 3539 ditus
1624 3511 1646 3534 ι
1659 3525 1674 3550 ,
1701 3506 1794 3555 pro
1809 3491 2004 3539 Mareu.
2025 3507 2071 3540 e.
2095 3497 2179 3547 ²4·
2197 3492 2319 3539 Em.
2345 3501 2506 3542 tamen

350 3574 608 3640 patuisset,
631 3581 733 3620 tum
748 3571 801 3619 in
815 3571 1293 3622 Cic.tuminceteris
1308 3589 1389 3622 ve·
1476 3569 1676 3642 damnat
1715 3580 1772 3618 ut
1811 3569 2116 3634 languidum.
2163 3573 2196 3620 J
2201 3605 2214 3617 .
2243 3570 2306 3618 V.
2338 3572 2394 3620 L.
2435 3600 2506 3610 —

359 3655 545 3703 teribus
560 3654 735 3716 saepius
750 3667 808 3700 ac
822 3653 907 3699 vix
918 3651 1134 3700 notanda
1151 3652 1383 3700 occurrit.
1475 3650 1654 3698 Sensus
1676 3659 1781 3697 est:
1815 3650 1974 3696 Tanta
1995 3659 2068 3697 est
2095 3649 2372 3698 Siculorum
2391 3667 2504 3716 erga

427 3737 495 3784 11.
514 3749 537 3780 1
550 3770 563 3783 .
579 3731 868 3781 Extat-navit.
882 3733 1158 3781 Restitueus
1173 3747 1227 3779 ea
1244 3767 1259 3792 ‚
1274 3747 1385 3794 quae
1472 3745 1568 3777 nos
1613 3727 1898 3786 liberalitas,
1944 3737 2026 3785 ut,
2071 3729 2209 3791 quod
2244 3730 2379 3794 apud
2418 3747 2506 3780 eos

356 3811 568 3863 victores
594 3812 733 3860 Poeni
754 3811 1071 3861 abstulerant.
1102 3811 1232 3858 Infra
1250 3844 1264 3870 ‚
1296 3811 1383 3858 35.
1471 3808 1706 3870 nascitur,
1731 3817 1952 3855 nostrum
1986 3807 2048 3855 sit
2067 3837 2082 3865 ,
2124 3808 2329 3870 perinde
2367 3827 2426 3858 nc
2463 3812 2504 3860 si

358 3893 477 3941 Haec
492 3891 714 3958 quaednm
728 3890 1023 3956 preparatio
1040 3900 1113 3938 est
1124 3889 1189 3937 ad
1201 3887 1382 3937 librum
1470 3887 1800 3952 compositum
1838 3885 1965 3933 illud
2000 3885 2054 3934 in
2091 3885 2282 3936 horreis
2321 3894 2504 3940 nostris

359 3972 419 4021 de
445 3971 611 4036 signis.
796 3987 801 3992 ·
1468 3967 1755 4016 habeamus.

428 4068 477 4100 α.
498 4049 773 4100 conditum.
791 4052 953 4100 Graev.
972 4059 1023 4098 et
1046 4047 1167 4097 Lan.
1188 4045 1381 4095 addunt
1545 4047 1592 4095 3.
1621 4046 1766 4110 Quod
1793 4045 2000 4094 deberet.
2033 4045 2106 4096 De
2128 4047 2206 4111 bis
2231 4049 2341 4099 vide
2356 4053 2502 4100 Ver-r.

346 4129 461 4196 jam
486 4147 515 4178 e
540 4141 637 4180 vet.
660 4129 772 4178 cod.
792 4127 956 4178 lamb.
986 4127 1065 4176 Sic
1092 4141 1115 4170 οι·
1129 4127 1231 4188 jam
1260 4141 1379 4172 con·
1472 4127 1573 4187 111,
1601 4127 1661 4174 de
1687 4143 1736 4175 re
1762 4127 1990 4176 frument.
