2984 4684
634 385 780 456 61⁰
1430 371 1974 452 APPENDIX

636 501 962 583 excellere,
987 501 1202 587 inquit
1234 500 1557 577 modeste,
1591 523 1726 565 non
1763 503 2026 590 ingenio
2041 547 2060 582 ,
2087 501 2198 565 sed
2221 502 2430 568 dolore
2447 527 2692 593 asseque-

632 613 747 674 bar
770 643 813 674 2».
847 610 1026 673 Orat.
1060 629 1197 694 cap.
1231 605 1335 692 37.

720 717 899 800 Quin
924 713 1219 778 solebant
1236 713 1305 775 in
1330 710 1826 776 defensionibus
1857 728 2170 794 oratores,
2195 712 2570 778 miseratione
2587 737 2693 801 quo

630 822 955 887 dolentius
974 833 1331 900 uterentur,
1352 834 1417 881 et
1434 819 1638 908 magis
1655 817 1953 898 judicum
1971 819 2220 884 animos
2245 835 2692 898 commoverent,

630 951 869 1020 pueros
906 928 1187 992 infantes
1233 928 1303 990 in
1332 925 1651 1007 judicium
1685 925 2050 1016 producere
2067 976 2086 1009 ,
2121 945 2195 991 ut
2227 949 2444 992 eorum
2481 941 2694 1014 aspectu

625 1030 937 1094 commoti
983 1027 1235 1108 judices
1275 1027 1654 1116 parentibus
1683 1028 2118 1118 ignoscerent.
2167 1031 2265 1093 Ita
2297 1027 2464 1117 Serg.
2499 1027 2689 1107 Galba,

630 1132 965 1220 productis
988 1132 1057 1194 in
1084 1125 1405 1210 judicium
1420 1129 1592 1210 filiis,
1625 1129 1984 1218 periculum
2011 1133 2228 1198 evasit.
2245 1132 2381 1196 val.
2401 1129 2686 1208 Mamm,

644 1257 667 1295 1
683 1282 700 1315 ,
726 1256 784 1296 2.
810 1233 905 1295 Ita
929 1233 1157 1295 Cicero
1178 1253 1299 1318 pro
1319 1231 1491 1297 Sulla
1519 1245 1584 1296 et
1611 1254 1732 1320 pro
1753 1231 2006 1314 Flacco,
2023 1252 2234 1320 quum
2259 1253 2482 1321 pueros
2509 1251 2689 1296 eoum

633 1339 911 1404 infantes
935 1339 1003 1402 in
1038 1336 1339 1402 manibus
1376 1358 1684 1426 perorans
1713 1353 1994 1421 teneret,
2023 1339 2331 1428 plangore
2361 1355 2423 1406 et
2445 1339 2696 1404 lamenta·

632 1445 811 1508 tione
850 1445 1071 1508 forum
1106 1442 1471 1531 complevit.

713 1553 953 1616 Praeter
978 1567 1291 1640 patronos
1314 1566 1380 1615 et
1402 1551 1784 1646 advocatos,
1819 1574 1964 1618 mos
1992 1553 2148 1628 fuit,
2174 1569 2252 1616 ut
2279 1553 2368 1616 rei
2395 1549 2698 1616 laudatores

624 1660 816 1722 etiam
856 1655 1246 1721 adhiberent
1264 1703 1282 1736 ‚
1320 1657 1493 1720 viros
1525 1677 1746 1744 graves
1781 1671 1846 1719 et
1879 1654 2128 1720 nobiles
2170 1679 2440 1745 quorum
2465 1653 2694 1720 auetori-

624 1779 753 1826 tate
782 1779 848 1827 et
884 1761 1265 1826 testimonio
1292 1757 1619 1839 judicibus
1651 1759 2291 1828 commendarentur.
2321 1761 2400 1827 Hi
2430 1761 2584 1825 fixere
2607 1775 2694 1822 sut

622 1869 1008 1958 municipes,
1043 1879 1157 1932 aut
1187 1866 1634 1954 provinciales.
1679 1865 2140 1933 laudaverunt
2187 1867 2482 1934 Scaurum
2511 1885 2694 1930 consu-

620 1974 782 2040 lares
814 1997 1087 2056 novem,
1128 1990 1195 2038 et
1228 1973 1508 2038 Faustus
1545 1973 1888 2040 Cornelius
1909 2021 1930 2055 ,
1961 1973 2158 2040 Sullae
2197 1974 2384 2040 filius.
2411 1972 2689 2039 Asconius.

618 2082 925 2144 Roscium
966 2077 1399 2142 laudaverunt
1431 2077 1718 2144 Amerini
1749 2077 2108 2168 municipes
2125 2125 2148 2160 ,
2182 2079 2439 2145 decreto
2459 2075 2691 2142 decissio-

622 2208 781 2250 num
808 2184 891 2250 ad
924 2183 1167 2250 Sullam
1202 2183 1477 2271 profecti
1507 2205 1522 2248 ε
1563 2207 1684 2272 pro
1711 2184 1790 2246 R.
1821 2186 1963 2251 Am.
1991 2207 2130 2272 cap.
2158 2208 2224 2272 9.
2261 2187 2426 2252 Reos
2451 2197 2686 2271 mpetu-

618 2292 851 2356 darum
884 2305 1220 2380 praetores,
1255 2288 1434 2354 missi
1468 2311 1550 2354 ex
1577 2289 1926 2378 provinciis
1963 2285 2236 2378 publico
2269 2291 2514 2356 nomine
2539 2285 2687 2374 legati

618 2397 1045 2462 laudaverunt
1076 2412 1143 2460 et
1180 2393 1634 2462 defenderunt.

706 2501 1081 2570 Istiusmodi
1126 2500 1538 2566 laudatorum
1575 2523 1890 2566 uumerus
1927 2519 2066 2568 erat
2099 2527 2242 2568 non
2283 2504 2416 2594 lege
2449 2497 2688 2589 quidem,

616 2611 733 2675 sed
764 2608 1243 2674 consuetudine
1263 2654 1282 2689 ‚
1321 2605 1649 2674 definitus.
1700 2607 1833 2690 Qui
1871 2609 2004 2676 sive
2038 2607 2559 2696 repetundarum,
2588 2604 2688 2669 sive

616 2717 778 2780 alius
810 2715 1091 2797 cujusvis
1130 2713 1419 2778 criminis
1452 2737 1604 2780 reus
1637 2731 1808 2780 esset
1829 2763 1848 2795 ,
1895 2731 2011 2782 eut
2055 2713 2349 2797 nullum,
2379 2729 2484 2778 aut
2509 2711 2684 2776 decem

616 2823 769 2885 dare
794 2819 1161 2885 laudatores
1188 2843 1342 2884 eum
1378 2822 1691 2907 oportuit.
1717 2821 1792 2886 In
1820 2821 2002 2886 Verr.
2031 2821 2145 2888 lib.
2173 2821 2254 2904 V,
2281 2843 2412 2910 cap.
2443 2841 2532 2884 aa.
2557 2815 2688 2880 Hinc

616 2927 885 2991 Verrem
909 2925 1157 2990 Tullius
1192 2925 1467 3016 exagitat
1486 2974 1507 3006 ,
1541 2925 1980 3014 quod,quum
2015 2941 2116 2992 tot
2149 2928 2220 2992 in
2241 2926 2444 2993 Sicilia
2463 2922 2684 2987 civium

616 3049 853 3113 essent,
872 3055 1003 3096 una
1030 3053 1183 3096 eum
1208 3029 1500 3096 laudaret
1531 3033 1916 3098 Mamertina
1943 3033 2191 3116 civitas,
2218 3031 2374 3098 ibid.
2397 3025 2683 3118 Exquibus

619 3141 757 3219 ejus
790 3137 1003 3203 verbis
1035 3120 1315 3217 conjicio
1356 3139 1542 3224 quasi
1578 3139 1940 3226 legitimum
1988 3138 2222 3220 fuisse,
2259 3155 2368 3222 ut,
2412 3136 2512 3225 qui
2541 3149 2680 3218 repe·

620 3244 971 3309 tundalum
1019 3244 1159 3333 lege
1206 3243 1676 3331 postularetur,
1719 3267 1798 3310 ex
1843 3245 2114 3334 singulis
2160 3244 2344 3312 denis
2385 3237 2684 3310 civitatibus

618 3351 964 3442 provincia
982 3373 1115 3414 suae
1138 3349 1345 3415 denos
1364 3349 1548 3414 daret
1575 3349 1959 3416 laudatores·
1981 3351 2150 3416 Nam
2167 3350 2457 3416 laudabat
2466 3347 2682 3410 venem

618 3456 1005 3522 Mamertina
1028 3455 1249 3523 civitas
1276 3479 1291 3520 :
1318 3457 1520 3536 chus
1553 3473 1689 3520 erat
1713 3458 2015 3546 princeps
2045 3455 2452 3536 laudationis,
2469 3451 2576 3515 hoc
2589 3461 2682 3523 θεῖ,

617 3563 977 3653 legatorum
1004 3561 1118 3650 qui
1138 3563 1413 3626 Romam
1441 3561 1735 3652 legitimo
1753 3585 2030 3628 numero
2054 3578 2380 3644 venerant,
2399 3557 2679 3624 utvemm

622 3670 957 3735 laudarent
982 3693 997 3732 z
1026 3685 1091 3732 at
1118 3668 1546 3734 nihilominus
1577 3669 1762 3733 Verri
1785 3668 2109 3752 objicitur,
2142 3657 2509 3757 quod'illum
2537 3655 2679 3748 qimi

618 3777 979 3864 legitimum
1020 3775 1469 3840 laudationum
1519 3797 1866 3842 numerum
1921 3799 2056 3844 non
2093 3775 2444 3864 expleverit.
2484 3763 2680 3832 Intelli-

620 3881 907 3968 gendum
938 3897 1037 3946 est
1066 3903 1225 3969 ergo
1256 3903 1493 3948 novem
1523 3882 1676 3948 alias
1704 3869 1812 3947 hic
1839 3883 2080 3970 requiri
2109 3881 2415 3960 civitates,
2441 3890 2508 3939 ut
2533 3871 2680 3935 dem·

616 3988 753 4052 rius
802 3988 905 4050 ille
944 3986 1276 4051 civitatum
1320 4011 1634 4053 numerus
1667 3988 2002 4056 efficiatur.
2049 3991 2348 4052 Ceterum
2387 3985 2503 4048 hoc
2525 3993 2679 4040 omne

614 4115 818 4182 genus
844 4093 1193 4179 Pompeius
1224 4095 1364 4183 lege
1386 4097 1646 4160 sustulit
1666 4145 1684 4176 ‚
1717 4113 1786 4178 ut
1795 4113 1945 4185 pote
1973 4097 2084 4183 qui
2111 4110 2224 4159 aut
2243 4091 2428 4183 gratia
2455 4080 2672 4154 inducti,

614 4215 725 4262 aut
758 4213 933 4262 metu
972 4200 1175 4262 coacti
1212 4201 1524 4267 venirent.
