2984 4684
468 357 609 444 408
1094 363 1189 430 M.
1244 363 1322 429 T.
1380 343 1964 431 cicERole

464 505 605 577 qua
644 505 737 552 ne
774 483 1184 553 tenuissima
1215 481 1516 580 quidem
1549 481 1906 554 dubitatio
1947 492 2190 578 posset
2229 503 2416 568 esse,
2451 484 2590 551 isto

464 605 947 688 cognoscente
998 591 1399 681 obtineret3
1446 608 1790 692 praeterea
1833 613 2083 689 greges
2117 586 2588 660 nobilissima-

464 723 625 769 rum
646 723 999 796 equarum
1015 700 1339 790 abactos;
1364 702 1638 800 argenti
1659 703 2018 798 vestisque
2037 699 2372 796 stragula>
2387 698 2590 770 domi

462 808 658 906 quod
696 809 951 898 fuerit,
987 835 1141 883 esse
1168 811 1535 910 direptum
1563 840 1578 880 :
1613 815 1710 883 ita
1739 817 1892 883 H-S
1921 808 2262 882 undecies
2299 813 2388 901 Q.
2409 811 2590 880 Dio-

462 944 666 1007 nem,
708 918 903 1016 quod
950 919 1307 992 hereditas
1341 924 1408 993 ei
1446 921 1890 1009 obvenisset,
1935 918 2204 990 nullam
2245 918 2456 988 aliam
2487 915 2592 987 ob

460 1053 743 1100 causam
766 1081 785 1112 ‚
816 1027 1227 1126 perdidisse.
1255 1031 1489 1117 Quid?
1522 1031 1670 1101 haec
1703 1028 2062 1102 hereditas
2093 1052 2244 1124 quo
2279 1042 2588 1126 praetore

458 1140 712 1209 Dionis
756 1137 907 1209 fiuo
958 1140 1304 1212 venerat?
1342 1138 1617 1212 Eodem
1641 1196 1660 1229 ‚
1715 1165 1866 1237 quo
1921 1143 2213 1225 Anniae,
2264 1141 2340 1208 P.
2373 1136 2586 1208 Annii

458 1248 807 1319 senatoris
842 1245 1037 1336 filiae-3
1068 1247 1323 1320 eodem
1346 1303 1366 1334 ‚
1396 1275 1548 1350 quo
1581 1253 1678 1320 M.
1709 1252 1951 1346 Liguri
1985 1250 2334 1336 senatori,
2363 1253 2442 1319 C.
2475 1250 2588 1318 Sa·

459 1357 751 1429 cerdote
808 1371 1131 1453 praetore.
1187 1359 1427 1448 Quid?
1488 1375 1642 1429 tum
1701 1383 1920 1430 nemo
1969 1357 2316 1428 molestus
2365 1357 2588 1426 Dioni

458 1466 738 1538 fuemt?
794 1471 967 1539 Non
1010 1469 1173 1565 plus
1216 1493 1437 1567 quam
1481 1471 1768 1566 Liguri,
1825 1467 2208 1540 Sacerdote
2257 1480 2586 1564 praetore.

460 1578 698 1668 Quid?
752 1577 845 1648 ad
899 1582 1201 1651 Verrem
1244 1585 1411 1677 quis
1462 1578 1776 1651 detulit?
1833 1582 2068 1650 Nemo
2130 1603 2146 1646 :
2207 1577 2344 1647 nisi
2398 1574 2588 1646 forte

460 1690 875 1762 existimatis
942 1689 1009 1760 ei
1069 1677 1670 1789 quadrupliitores
1695 1688 1724 1734 ⁵
1798 1689 1884 1760 ad
1949 1687 2214 1762 fretum
2237 1685 2272 1732 ⁶
2326 1698 2594 1784 praesto

461 1798 701 1869 fuisse.

554 1914 740 1980 vlu.
778 1910 883 1980 Ad
912 1908 1165 1981 urbem
1202 1935 1431 2009 quum
1460 1927 1652 1984 esset
1670 1965 1690 1998 ‚
1719 1911 2026 2000 audivit,
2053 1911 2274 1981 Dioni
2301 1905 2588 1978 cuidam

458 2020 701 2091 Siculo
728 2045 1193 2119 permagnam
1224 2024 1504 2094 venisse
1539 2021 2047 2108 hereditatem;
2076 2017 2416 2090 heredem
2441 2031 2590 2088 sta-

459 2141 619 2198 tuas
642 2129 921 2223 jussum
954 2153 1110 2202 esse
1147 2133 1223 2201 in
1265 2130 1425 2202 foro
1462 2156 1776 2230 ponere3
1809 2133 1948 2202 nisi
1985 2132 2341 2228 posuisset
2364 2140 2416 2215 ¹,
2443 2131 2588 2197 Ve-

458 2242 615 2307 neri
664 2240 983 2336 Erycinae
1020 2265 1175 2313 esse
1214 2242 1668 2313 multatum.
1715 2242 2030 2314 Tametsi
2067 2243 2316 2338 positae
2349 2251 2590 2310 essent

459 2371 547 2418 ex
580 2362 1049 2440 testament03
1088 2353 1387 2450 putabat
1424 2367 1664 2424 tamen
1687 2407 1706 2438 ‚
1753 2355 2096 2451 quoniam
2117 2353 2416 2422 Veneris
2451 2373 2586 2418 no-

456 2481 627 2530 men
664 2475 887 2545 esset,
943 2487 1229 2533 causam
1272 2461 1644 2559 pecuniae³
1689 2487 1766 2534 se
1810 2477 2297 2562 reperturum.
2335 2465 2586 2556 Itaque

456 2571 759 2666 apponit
775 2624 796 2657 ‚
822 2571 949 2666 qui
977 2586 1175 2668 petat
1200 2576 1467 2643 Veneri
1500 2579 1820 2671 Erycinae
1847 2574 2040 2644 illam
2074 2571 2582 2644 hereditatem:

458 2703 605 2748 non
646 2683 838 2749 enim
874 2695 1187 2778 quaestor
1226 2684 1510 2779 petiit4,
1547 2699 1628 2753 ut
1665 2699 1773 2756 est
1801 2681 2292 2768 consuetudo,
2327 2682 2422 2767 is,
2455 2679 2588 2775 qui

456 2791 843 2884 Erycinum
870 2785 901 2831 ⁵
928 2804 1249 2860 montem
1296 2789 1716 2880 obtinebat3
1769 2795 1953 2891 petit
1995 2791 2277 2860 Naevius
2311 2785 2585 2882 Turpio

526 2975 578 3024 5.
638 2977 1067 3042 Quadruplaeores.
1124 2981 1446 3028 Accusatores
1460 3015 1477 3040 ‚

453 3055 557 3103 sive
584 3055 823 3106 delatores
848 3059 1103 3106 eriminum
1128 3059 1451 3122 publicorum.

1565 2983 1752 3046 legatis.
1801 2981 2000 3045 mpisn.
2049 2981 2111 3042 5,
2155 2979 2218 3028 de
2263 2993 2403 3042 oper.
2447 2975 2586 3040 publ.

1637 3079 1686 3110 τι.
1739 3061 1920 3109 Venen'
1963 3060 2234 3108 multatum.
2285 3059 2343 3106 Id
2385 3065 2492 3114 est,
2543 3055 2588 3102 si

528 3135 583 3182 6.
606 3134 903 3199 Adfteeuns.
928 3137 1168 3186 Siculum.

525 3215 671 3262 vm.
702 3231 746 3261 1.
780 3214 888 3262 Nisi
910 3215 1165 3280 posuisset.
1193 3217 1475 3265 Notandum

455 3291 507 3338 in
528 3294 639 3352 jure
666 3309 869 3342 romano
884 3327 898 3351 ,
914 3296 957 3341 si
978 3297 1089 3358 quis
1112 3295 1335 3342 heredem
1356 3299 1475 3344 sen·-

456 3370 621 3431 hera,
658 3383 708 3420 et
742 3373 839 3421 sibi
881 3373 943 3420 eb
1000 3391 1059 3422 eo
1104 3387 1477 3426 monumentum

456 3463 586 3498 certe
618 3452 825 3515 pecunie
850 3454 1065 3514 exstrui,
1098 3469 1187 3500 eeu
1212 3463 1392 3502 statues
1424 3453 1477 3502 in

457 3545 601 3576 suum
640 3531 875 3580 honorem
904 3533 1023 3596 poni
1057 3531 1276 3595 juberet,
1292 3533 1477 3581 nullam

455 3606 621 3655 heredi
646 3625 749 3658 esse
778 3611 1142 3674 obligationem.
1170 3613 1299 3660 Hinc
1325 3613 1476 3660 multa

454 3703 585 3750 sepe
624 3688 969 3749 adjiciebatur,
1012 3691 1071 3738 m·
1092 3692 1363 3754 posuisset,
1401 3693 1475 3740 uti

456 3767 610 3813 cnivis
659 3768 843 3832 templo
887 3780 1017 3817 certe
1064 3782 1190 3818 esset
1240 3771 1474 3819 solvende

454 3845 675 3908 pecunie.
714 3848 893 3909 Iaegeto
918 3863 1035 3896 vero
1070 3849 1133 3896 ad
1158 3865 1287 3913 opus
1310 3851 1474 3914 publi-

454 3939 567 3970 emn
598 3923 771 3973 relicto
786 3959 803 3982 ‚
838 3927 1037 3989 exsequi
1081 3927 1347 3991 cogebatur
1388 3929 1473 3976 he-

454 4019 557 4060 res,
588 4019 850 4067 usurasque
894 4005 1175 4068 reipublicae
1220 4006 1439 4054 solvebat
1455 4041 1471 4067 ‚

454 4081 611 4130 donec
642 4083 937 4146 perfecisset.
976 4085 1027 4133 L.
1058 4101 1110 4143 7,
1144 4083 1177 4146 S
1212 4085 1273 4132 de
1298 4085 1475 4132 annuis

1565 3152 1738 3190 statuae
1767 3141 1940 3205 posite
1966 3153 2068 3186 non
2090 3148 2250 3186 essent
2273 3137 2585 3184 hereditatem

1565 3232 1720 3270 totam
1737 3221 1916 3268 Veneri
1937 3235 2038 3268 esse
2055 3217 2448 3280 adiudicandsm.
2459 3215 2588 3262 Nen-

1567 3302 1680 3349 nins
1705 3299 1964 3364 legendnm
1990 3313 2092 3346 esse
2127 3297 2436 3344 multandum
2465 3310 2584 3342 cen·

1568 3379 1720 3428 sehet.
1755 3381 1830 3426 Eo
1851 3389 2012 3426 sutem
2039 3377 2236 3426 nomine
2257 3375 2434 3422 Veneri
2458 3373 2586 3421 mul-

1566 3457 1760 3506 tsbnur
1778 3491 1792 3517 ‚
1831 3457 1968 3520 quod
2003 3473 2060 3504 ee
2103 3455 2236 3521 apud
2263 3453 2456 3503 Siculos
2487 3469 2586 3500 ma-

1567 3552 1660 3600 gna
1679 3537 1948 3600 frequentis
1971 3537 2236 3585 coleretur.

1638 3617 1691 3664 3.
1721 3615 1962 3665 Pecmu'oe.
1984 3612 2332 3666 enuncianda».
2352 3609 2450 3658 Sed
2467 3611 2582 3659 cod.

1563 3695 1732 3743 Metel]
1743 3729 1755 3742 .
1773 3695 2054 3751 calumnia,
2073 3693 2212 3757 quod
2231 3691 2399 3740 latmi-u.
2415 3692 2580 3738 Grav-

1561 3777 1794 3823 Gsrston.
1823 3775 1934 3823 Sch.
1963 3773 2296 3838 pranderunt.
2327 3770 2584 3834 Vulgata:-

1564 3853 1781 3901 desendit
1803 3853 1992 3901 Ernest-

1635 3940 1686 3987 4.
1715 3931 1841 3991 Alii,
1861 3932 2004 3995 petit.
2024 3932 2150 3979 LV.
2179 3932 2232 3978 L.

1635 4011 1682 4056 5.
1701 4009 1800 4058 Alii
1815 4043 1831 4067 ,
1857 4011 2084 4070 Erycum.
2106 4013 2139 4060 J
2145 4043 2156 4055 .
2175 4011 2241 4054 V.
2263 4008 2454 4054 1..--ls
2481 4015 2584 4050 erat

1563 4089 1624 4149 Q.
1649 4089 1900 4148 Caecilius,
1925 4099 2140 4152 questos·
2165 4083 2510 4150 lilybetanus.
