2984 4684
728 433 836 500 IN
888 433 1328 502 VERREM
1375 433 1593 502 ACT.
1638 432 1757 518 ΙΙ,
1810 432 1999 501 LIB.
2036 435 2133 501 ΙΙ.
2356 433 2497 520 453

375 553 713 650 transigi²
753 552 936 625 nihil
977 557 1252 651 potuit,
1291 553 1494 652 quod
1534 567 1607 624 et
1644 551 1721 624 id
1760 552 2153 652 temporis-'⁵
2190 571 2377 642 erat,
2428 572 2502 630 et

375 662 492 734 ille
509 719 528 749 ‚
559 677 765 761 pater
785 665 1010 752 istius,
1039 667 1416 736 invenerat
1439 663 1772 735 homines
1788 717 1808 750 ‚
1834 668 1957 761 qui
1985 664 2297 738 dicendo
2320 681 2501 738 tem·

369 797 508 872 pus
537 790 1068 846 consumerent.
1107 781 1352 847 Postea
1393 799 1615 846 senex
1645 776 1907 846 Verres
1945 774 2359 848 defensores
2398 793 2499 849 at-

370 907 510 977 que
537 883 857 982 hospites
888 910 1140 958 omnes
1174 885 1450 958 Sthenii
1485 888 1862 958 convenit:
1896 901 2101 982 rogat
2129 913 2253 961 eos
2280 903 2499 986 atque

371 1008 566 1084 orat,
601 1019 694 1066 ne
723 1012 1150 1094 oppugnent
1183 995 1416 1067 filium
1441 1020 1688 1084 suum3
1715 993 1806 1067 de
1840 993 2139 1066 Sthenio
2174 1021 2267 1068 ne
2298 996 2497 1068 labo·

372 1119 589 1176 rent:
639 1105 1018 1178 confirmat
1057 1105 1211 1195 his,
1268 1121 1690 1177 curaturum
1736 1129 1813 1176 se
1852 1129 2037 1188 esse,
2074 1131 2169 1176 ne
2214 1107 2388 1203 quid
2436 1111 2503 1178 ei

371 1237 506 1310 per
527 1211 760 1286 filium
789 1241 1002 1286 suum
1030 1219 1455 1305 noceatur⁴3
1479 1239 1554 1286 se
1584 1215 1915 1287 homines
1948 1221 2198 1286 certos'
2215 1217 2370 1311 ejus
2397 1221 2500 1288 rei

371 1345 582 1392 causa
615 1325 693 1394 in
731 1325 1039 1396 Siciliam
1079 1341 1152 1397 et
1186 1339 1374 1398 terra
1423 1339 1499 1398 et
1540 1327 1721 1396 mari
1756 1329 2168 1398 missurum.
2216 1332 2308 1400 Et
2348 1341 2503 1398 erat

371 1434 681 1530 spatium
718 1433 1000 1508 dierum
1039 1435 1186 1507 fere
1222 1439 1515 1534 triginta
1558 1451 1723 1509 ante
1764 1435 2105 1508 kalendas
2138 1435 2499 1514 decembr.

371 1567 522 1640 quo
557 1544 674 1618 die
702 1545 866 1635 iste,
897 1562 979 1616 ut
1018 1550 1384 1643 Syracusis
1425 1547 1765 1620 Sthenius
1802 1546 2126 1634 adesset,
2162 1545 2501 1626 edixerat.

373 1657 938 1752 commoventur
974 1661 1181 1728 amici
1223 1658 1547 1746 Sthenii3
1596 1673 1888 1755 sperant
1925 1655 2081 1728 fore
2102 1710 2121 1742 ‚
2162 1670 2243 1727 ut
2280 1660 2501 1754 patris
2591 1665 2595 1670 ’

373 1762 593 1834 literis
625 1768 1040 1864 nuntiisque
1066 1764 1260 1838 filius
1280 1767 1374 1838 ab
1399 1769 1691 1864 incepto
1715 1765 1961 1838 furore
1989 1781 2389 1840 revocetur.
2418 1773 2501 1838 In

372 1888 626 1947 senatu
647 1890 895 1974 postea
929 1900 1138 1948 causa
1161 1902 1312 1948 non
1338 1880 1594 1974 agitur.
1631 1877 1955 1948 Veniunt
1986 1875 2077 1948 ad
2100 1880 2335 1962 ‘istum
2368 1877 2501 1948 do-

375 1987 652 2054 mestici
669 1987 931 2071 nunt'ii,
948 1986 1336 2083 literasque
1357 2011 1400 2056 a
1420 2001 1623 2084 patre
1644 1985 1959 2058 afferunt
1979 2001 2144 2058 ante
2164 1985 2505 2058 kalendas

375 2092 736 2164 decembr.
800 2119 1030 2191 quum
1090 2099 1206 2167 isti
1263 2099 1480 2168 etiam
1526 2109 1679 2167 tum
1736 2095 1828 2166 de
1866 2094 2167 2167 Sthenio
2226 2099 2506 2193 integra

375 2216 526 2276 tota
559 2229 674 2276 res
711 2221 931 2294 esset;
968 2205 1374 2304 eodemque
1413 2207 1480 2276 ei
1529 2219 1853 2303 tempore
1892 2203 1983 2283 de
2025 2203 2275 2276 eadem
2306 2230 2385 2276 re
2420 2204 2505 2274 li-

375 2325 543 2384 terae
570 2315 978 2413 complures
1016 2341 1055 2386 a
1093 2316 1339 2387 multis
1375 2316 1533 2409 ejus
1561 2315 1803 2390 amicis
1839 2338 1923 2392 ac
1954 2315 2369 2386 necessariis
2406 2312 2508 2385 af-

378 2422 732 2496 feruntur.
823 2497 828 2506 ,
1998 2494 2005 2502 .

471 2539 618 2606 XL.
659 2537 790 2606 Hic
825 2536 996 2622 iste,
1032 2539 1157 2633 qui
1196 2559 1340 2633 prae
1371 2534 2043 2632 cupiditate-neque
2080 2531 2337 2604 officii¹
2372 2536 2508 2618 sui,

375 2669 620 2741 neque
672 2645 1013 2744 periculi,
1069 2669 1312 2743 neque
1369 2646 1699 2742 pietatis»,
1746 2665 2000 2738 neque·
2044 2641 2513 2712 humanitatis

375 2759 734 2833 rationem
769 2755 1138 2830 habuisset
1166 2778 1513 2852 umquam
1535 2807 1555 2842 ‚
1583 2778 1825 2850 neque
1855 2755 1933 2822 in
1972 2775 2093 2838 ec,
2132 2749 2335 2848 quod
2364 2744 2517 2820 ino-

379 2863 725 2952 nehatur‚
749 2870 1247 2938 auctoritatem
1276 2865 1494 2963 patris
1516 2919 1535 2953 ,
1565 2864 1800 2934 necin
1831 2883 1918 2932 eo
1938 2914 1957 2947 ‚
1985 2861 2184 2960 quod
2218 2859 2517 2960 rogaba-

269 3021 277 3031 -
379 2987 521 3063 tur,
558 2975 1002 3054 voluntatem
1021 2987 1050 3018 ²
1085 2972 1670 3073 anteponendam
1710 2975 1985 3071 putavit
2028 2971 2307 3044 libidini
2342 2997 2515 3060 suae3

380 3095 591 3156 mane
628 3085 952 3162 kalendis
992 3085 1353 3160 decembr.
1385 3101 1468 3158 ut
1502 3085 1859 3172 edixerat,
1901 3083 2283 3156 Sthenium
2316 3083 2521 3156 citari

455 3383 504 3416 a.
535 3369 777 3433 stan-«igi.
800 3372 1284 3421 Senatusconsultum
1303 3389 1405 3436 per-
1566 3379 1614 3426 4.
1636 3371 1756 3431 Alii,
1773 3393 1795 3414 ι
1812 3379 2068 3419 noceretur
2089 3390 2134 3418 ι.
2156 3367 2385 3417 Correxit
2402 3368 2523 3420 Em.

383 3444 530 3494 scribi
547 3461 651 3494 non
672 3447 855 3510 potnit.
1491 3459 1549 3498 nt
1570 3465 1681 3498 cum
1702 3447 2105 3498 antecedentibus
2122 3446 2428 3494 conveniret.

456 3526 505 3573 3.
547 3524 616 3571 Id
658 3526 900 3588 temporis.
949 3527 1406 3594 Advespenncebet.
1564 3529 1671 3578 XL.
1702 3545 1747 3578 ι.
1790 3526 1957 3596 Officii
1988 3525 2081 3576 sui.
2116 3525 2219 3590 Qui
2257 3541 2523 3588 numquam

383 3605 540 3652 Pon-o
561 3601 650 3653 SC.
671 3615 784 3652 ante
809 3615 997 3666 ortum,
1023 3619 1108 3656 aut
1135 3618 1250 3671 post
1269 3623 1408 3656 occa-
1496 3607 1761 3656 curavisset
1783 3607 1906 3672 qnid
1933 3607 2094 3671 ipsum
2120 3604 2406 3662 sedeant,
2422 3619 2523 3652 non

383 3693 490 3730 uum
538 3681 654 3730 solis
695 3684 903 3744 factum,
943 3697 1102 3733 ratum
1141 3701 1246 3734 non
1285 3699 1404 3735 erat.
1494 3673 1647 3734 modo
1670 3697 1911 3749 tamquam
1940 3693 2315 3748 proptoetotem‚
2350 3681 2437 3731 ted
2458 3684 2528 3731 οἱ·

384 3763 585 3824 Itaque,
609 3762 652 3808 si
687 3763 772 3826 qui
807 3763 899 3812 SC.
933 3765 1198 3827 quominus
1235 3763 1402 3826 flent,
1497 3781 1602 3812 vem
1638 3780 1907 3812 romanum.
1936 3761 2245 3811 —Periculi.
2278 3763 2356 3811 Ne
2390 3763 2528 3812 amit-

386 3841 618 3905 impedire
637 3841 836 3901 venem,
849 3843 1062 3894 dicendo
1075 3855 1266 3909 teinpus
1287 3861 1406 3894 con·
1494 3855 1623 3892 teret
1655 3842 2062 3894 existimationem
2080 3873 2097 3900 ,
2140 3855 2197 3890 ac
2240 3841 2394 3890 serius
2438 3843 2527 3890 da-

385 3919 655 3970 smnebant.
698 3921 896 3969 Licebat
937 3923 1064 3970 enim
1110 3925 1320 3972 senatori
1359 3935 1409 3973 et
1497 3933 1762 3972 mnan-etur.
1792 3949 1865 3958 -—-
1904 3921 2118 3974 Ρίεεαείε,
2152 3922 2213 3969 In
2241 3931 2443 3986 patrem.
2462 3949 2533 3964 -ι-

385 4013 483 4062 qua
524 3999 586 4048 de
619 4017 671 4049 re
697 4000 873 4060 vellet,
909 4013 960 4050 et
993 4003 1230 4066 quamdin
1266 4003 1411 4052 vellet
1500 4001 1846 4052 Humanitatis.
1876 4003 1935 4050 In
1963 4001 2163 4050 amicos.

393 4077 585 4137 dicere3
613 4080 751 4144 quod
765 4090 950 4128 veteres
969 4081 1096 4128 diem
1117 4081 1302 4139 tollere,
1325 4091 1410 4130 aut
1575 4099 1621 4133 a.
1646 4083 1833 4132 Eme-1.
1864 4081 2005 4130 addit
2042 4104 2062 4127 ι
2086 4071 2355 4132 amicorum
2372 4103 2396 4124 ιο
2432 4081 2539 4131 sinn

393 4157 602 4206 enituere
630 4160 880 4210 vocabant.
1504 4165 1643 4212 Mss.
1667 4164 1793 4210 LV.
1814 4164 1865 4210 L.
