2984 4684
469 358 613 460 314‘
1117 377 1214 444 M.
1265 375 1343 444 Τ.
1399 377 1965 450 c1cERoN1s

464 519 600 594 ego
641 497 864 568 istum
917 493 1056 566 sibi
1093 519 1180 566 ex
1229 502 1604 570 communi
1652 498 2053 572 calamitate
2102 498 2609 574 defensionem

463 607 690 678 ullam
719 610 950 682 sinam
985 630 1322 680 sumere:
1364 610 1515 680 suis
1540 633 1711 682 eum
1746 612 1963 683 certis
1988 613 2451 711 propriisque
2476 617 2611 686 cri-

465 717 788 790 minibus
825 716 1202 790 accusabo.
1262 720 1761 809 Quamobrem
1784 777 1805 812 ,
1845 722 1999 797 hoc,
2040 724 2243 795 omni
2279 737 2611 823 tempore

461 828 762 900 Sullano
820 854 910 902 ex
977 833 1438 903 accusatione
1491 831 2041 932 circumscripto
2064 829 2120 921 ⁵,
2174 833 2609 932 legationem

463 941 621 1037 ejus
655 939 1070 1039 praeclaram
1105 941 1545 1039 cognoscite.

559 1055 784 1124 XVII.
820 1056 1294 1148 Posteaquam
1322 1054 1453 1123 Cn.
1483 1051 1877 1126 Dolabellae
1907 1052 2287 1151 provincia
2313 1053 2561 1126 Cilicia
2581 1065 2603 1100 ¹

461 1163 852 1236 constituta
871 1177 977 1234 est
995 1189 1015 1252 ς
1035 1187 1083 1234 o
1107 1161 1205 1234 dii
1229 1161 1706 1236 immortales!
1734 1177 2009 1261 quanta
2034 1164 2171 1234 iste
2190 1162 2609 1261 cupiditate,

463 1272 736 1370 quibus
777 1273 1374 1371 allegationibus²
1419 1273 1613 1346 illam
1668 1272 1808 1346 sibi
1846 1271 2331 1373 legationem³
2380 1297 2604 1371 expu-

457 1385 738 1480 gnavit?
783 1383 858 1456 id
912 1383 1116 1481 quod
1161 1386 1293 1456 Cn.
1346 1383 1741 1458 Dolabellae
1790 1385 2237 1482 principium
2280 1386 2625 1460 maximae.

457 1493 876 1564 calamitatis
900 1491 1062 1566 fuit.
1083 1497 1270 1566 Nam
1297 1482 1380 1568 ut
1410 1497 1545 1568 iste
1572 1493 1945 1594 profectus
1972 1509 2115 1584 est,
2143 1519 2607 1594 quacumque

457 1605 596 1676 iter
613 1603 818 1694 fecit,
840 1605 1197 1702 ejusmodi
1233 1604 1372 1678 fuit
1393 1661 1413 1694 ‚
1435 1631 1590 1680 non
1616 1621 1701 1680 ut
1718 1605 1995 1703 legatus
2019 1604 2280 1704 populi
2299 1608 2607 1690 romani,

459 1714 588 1786 sed
645 1729 728 1786 ut
763 1716 1094 1812 quaedam
1151 1716 1518 1788 calamitas
1575 1715 1971 1816 pervadere
2020 1715 2410 1788 videretur.
2470 1721 2553 1787 In
2574 1719 2607 1770 ⁴

455 1825 728 1897 Achaia
765 1827 1358 1925 (praetermittam
1393 1831 1679 1900 minora
1704 1827 1986 1918 omnia,
2024 1851 2345 1925 quorum
2378 1826 2611 1898 simile

456 1933 758 2008 forsitan
790 1935 971 2009 alius
1009 1960 1310 2034 quoque
1347 1936 1621 2034 aliquid
1663 1935 2055 2035 aliquando
2091 1935 2389 2008 fecerit:
2428 1934 2611 2006 nihil

459 2043 698 2118 dicam
718 2101 737 2134 ‚
781 2047 922 2127 nisi
977 2047 1368 2143 singulare,
1407 2049 1545 2118 nisi
1594 2045 1836 2146 quod,
1886 2049 1949 2120 si
1994 2048 2075 2118 in
2130 2046 2351 2118 alium
2402 2069 2613 2116 reum

457 2155 840 2240 diceretur,
873 2155 1302 2228 incredibile
1336 2155 1789 2251 videretur),
1828 2159 2329 2254 magistratum
2364 2155 2611 2251 Sicyo·

459 2271 666 2340 nium
703 2292 1042 2340 nummos
1079 2273 1436 2367 poposcit.
1459 2273 1567 2342 Ne
1596 2270 1689 2342 sit
1708 2269 1855 2342 hoc
1878 2269 2153 2340 crimen
2176 2269 2255 2336 in
2267 2272 2612 2339 Verrem:

457 2375 790 2450 fecerunt
817 2377 959 2450 alii.
991 2379 1242 2468 Quum
1279 2378 1400 2452 ille
1429 2404 1582 2450 non
1608 2378 1847 2470 daret,
1887 2377 2415 2451 animadvertit.
2464 2381 2613 2448 Im·-

452 2487 808 2588 probum‚
844 2488 973 2560 sed
1005 2515 1158 2562 non
1199 2488 1629 2562 inauditum.
1676 2491 1929 2562 Genus
1966 2485 2617 2560 animadversionis

452 2597 695 2670 videte
745 2627 762 2670 z
823 2600 1193 2696 quaeretis,
1221 2624 1338 2672 ex
1389 2624 1541 2697 quo
1594 2623 1861 2697 genere
1912 2591 2349 2670 hominum⁵
2390 2597 2613 2667 istum

451 2707 813 2804 judicetis.
861 2713 1112 2806 Ignem
1157 2735 1248 2782 ex
1285 2708 1499 2808 lignis
1534 2708 1891 2784 viridibus
1922 2722 2143 2806 atque
2180 2705 2503 2778 humidis
2532 2707 2615 2776 in

457 2819 623 2890 loco
683 2835 995 2918 angusto
1049 2819 1212 2892 fieri
1261 2821 1476 2916 jussit
1520 2847 1536 2890 z
1596 2820 1701 2892 ibi
1746 2820 2123 2893 hominem
2176 2820 2615 2917 ingenuum,

458 2927 656 3004 domi
691 2928 1016 3032 nobilem
1039 2985 1058 3019 ‚
1094 2931 1353 3029 populi
1381 2932 1669 3003 romani
1696 2932 1974 3004 socium
2000 2944 2221 3027 atque
2254 2927 2571 3000 amicum
2590 2979 2613 3010 ‚

1576 3185 1663 3224 aut
1687 3190 1715 3223 a
1741 3185 1911 3224 senatu
1943 3173 2214 3232 dabantur,
2241 3181 2335 3220 aut
2356 3187 2417 3220 ex
2439 3179 2613 3219 ancto-

1576 3256 1721 3303 ritate
1750 3264 1947 3302 senatua
1974 3252 2037 3300 ab
2060 3251 2181 3318 ipsis
2207 3250 2499 3318 presidibus
2526 3248 2615 3297 eli-

529 3174 582 3222 5.
623 3172 1014 3237 Circmnseripeo.
1055 3173 1266 3222 Remoto
1281 3209 1298 3236 ,
1338 3189 1488 3240 repu-

458 3251 610 3302 diato.
632 3253 714 3300 Sic
739 3253 866 3302 Coe.
885 3252 947 3300 de
963 3251 1088 3302 Bell.
1116 3254 1214 3302 civ.
1243 3254 1293 3312 1,
1325 3253 1416 3302 32.

527 3333 695 3380 xvn.
714 3347 756 3382 1.
778 3331 972 3381 Cilicia.
989 3334 1140 3380 Anno
1156 3331 1218 3392 67
1229 3333 1258 3379 3
1271 3333 1488 3397 primum

458 3427 572 3460 cnm
607 3412 778 3475 piratis
811 3405 1050 3462 Cilicibus
1085 3410 1270 3459 bellum
1309 3412 1488 3460 initum

455 3501 555 3550 est,
581 3491 932 3556 provinciaque
950 3489 1121 3540 Cilicia
1140 3505 1254 3540 cum
1271 3507 1488 3556 procon-

455 3569 606 3618 sulari
629 3570 841 3637 imperio
873 3571 972 3620 (h.
991 3569 1262 3618 Dolabellae
1286 3571 1489 3635 prator-i

405 3705 410 3710 ,
459 3647 750 3700 demandata
774 3661 864 3700 eet.

527 3744 580 3777 a.
613 3729 1018 3796 Allegationibus.
1055 3729 1490 3778 Inter-cessionibus

457 3811 792 3858 communium
817 3810 1102 3859 amicorum.

525 3886 576 3933 3.
614 3888 942 3952 Legationem.
991 3888 1072 3936 mi
1117 3899 1258 3938 erant
1305 3887 1480 3954 legati,

457 3979 585 4029 quoa
629 3967 950 4029 proconsules
992 3979 1078 4015 aut
1123 3977 1454 4032 propi-atores
1469 4001 1484 4026 ,

459 4044 578 4093 ituri
593 4045 648 4092 in
666 4047 948 4108 provincias
962 4081 979 4108 ‚
1001 4047 1324 4096 consiliorum
1343 4057 1489 4112 atque

461 4120 616 4174 officii
645 4124 894 4187 aiaton·
917 4125 1018 4176 nihi
1037 4125 1382 4190 affingas-nt.
1411 4126 1490 4175 nn

1578 3333 1817 3398 gebantur
1842 3331 2005 3396 plnres
2032 3331 2379 3397 paucioresve,
2412 3339 2473 3378 nt
2506 3327 2617 3376 bel-

1574 3411 1719 3473 lum„
1753 3419 1839 3460 a’ut
1872 3428 1952 3460 ree
1993 3410 2284 3476 poscebant.
2330 3409 2507 3458 Cicero
2560 3407 2614 3455 in

1576 3491 1747 3542 Cilicia
1768 3490 2149 3541 administranda
2170 3489 2357 3554 legatos
2372 3498 2616 3553 quatum-3

1577 3571 1859 3636 quindecim
1882 3571 2142 3635 Pompeius
2164 3571 2219 3620 in
2245 3569 2379 3618 bello
2406 3561 2615 3634 piratico

1577 3650 1763 3700 habuit.
1786 3653 1850 3700 Τ.
1878 3651 1985 3699 le.
2011 3651 2189 3708 xm,
2232 3649 2312 3697 18.
2340 3647 2463 3697 san.
2490 3647 2613 3710 Jug.

1580 3732 1646 3778 28
1662 3765 1677 3789 ‚
1714 3741 1813 3779 etc.

1652 3819 1702 3868 4.
1734 3811 1797 3857 In
1830 3805 2046 3857 Achaia.
2073 3809 2169 3856 Per
2200 3821 2346 3870 qnam
2374 3805 2470 3854 iter
2500 3819 2615 3852 cum

1575 3887 1830 3936 Dolabella
1890 3887 1945 3934 in
2010 3885 2235 3936 Ciliciam
2301 3881 2615 3950 provinciam

1577 3983 1715 4017 auam
1754 3966 1985 4016 faciebat.

1654 4049 1701 4096 5.
1738 4047 1887 4096 Multi
1926 4043 2109 4094 habent
2154 4043 2399 4092 'tonderem
2414 4061 2433 4100 ,-
2462 4039 2614 4088 altera

1578 4126 1730 4175 lectio
1757 4125 1817 4174 ab
1845 4127 2169 4174 Hotomanno
2194 4127 2281 4172 est.
2294 4123 2421 4172 LV.
2452 4121 2504 4168 1..
2574 4129 2587 4142 ⁸
