2984 4684
383 424 2501 453 ”mmmmm-“mmmmm

855 588 2007 695 ARGUMENTUM

947 798 1392 871 Asconu
1436 800 1913 898 Planum.

367 994 472 1049 Cn.
507 988 790 1067 Pompeio
842 984 1094 1067 primum
1143 1000 1204 1049 et
1245 992 1333 1047 M.
1371 992 1581 1049 Crasso
1620 1008 1763 1055 coss.
1811 992 1879 1049 C.
1904 994 2118 1049 Verres
2164 992 2501 1068 perfunctus

443 1099 733 1164 quaestura
751 1128 769 1158 ,
811 1084 1100 1164 legatione
1128 1100 1187 1145 et
1217 1100 1473 1164 praetura
1503 1086 1760 1160 urbana,
1787 1086 1922 1145 vivo
1948 1098 2117 1165 patre
2144 1090 2210 1145 C.
2230 1094 2415 1149 Verre
2440 1104 2499 1149 et

447 1194 788 1261 praetextato
807 1184 960 1253 filio,
999 1203 1066 1243 ac
1093 1183 1214 1244 filia
1234 1196 1450 1263 nupta,
1490 1202 1735 1245 uxorem
1773 1182 2030 1257 babens,
2061 1202 2243 1261 quum
2267 1202 2499 1246 succes-

447 1280 614 1341 sisset
639 1280 700 1340 in
730 1280 928 1341 Sicilia
967 1284 1034 1339 C.
1073 1281 1378 1341 Sacerdoti
1410 1281 1684 1360 praetori,
1728 1301 1975 1360 eamque
2004 1300 2123 1342 non
2155 1282 2499 1344 succedente

445 1374 556 1437 sibi
577 1376 783 1448 Arrio,
817 1396 926 1455 per
963 1376 1280 1435 triennium
1311 1378 1619 1449 tenuisset,
1663 1390 1837 1456 atque
1872 1378 1935 1437 in
1966 1396 2035 1440 ea
2064 1376 2265 1437 suisset
2298 1376 2499 1441 libidi-

445 1493 605 1545 nose,
623 1493 822 1546 avare,
841 1473 1274 1553 crudeliterque
1295 1488 1577 1547 versatus,
1598 1474 1945 1535 succedente
1968 1474 2199 1537 tandem
2222 1475 2281 1533 in
2296 1475 2499 1538 eadem

443 1570 746 1647 provincia
777 1575 844 1631 1..
871 1570 1146 1642 Metello,
1177 1571 1637 1649 repetundarum
1663 1590 1797 1631 reus
1834 1569 1909 1631 ab
1936 1570 2146 1636 Siculis
2174 1571 2502 1648 postulatus

442 1678 554 1735 est;
597 1668 702 1744 qui
733 1686 933 1727 omnes
969 1678 1182 1747 praeter
1211 1672 1607 1745 Syracusanos
1646 1680 1707 1727 et
1734 1667 2109 1727 Mamertinos
2134 1672 2219 1727 Μ.
2242 1668 2501 1727 Tullium

443 1763 544 1823 illo
568 1778 830 1843 tempore
857 1765 1160 1825 florentem
1195 1764 1631 1839 defensionibus
1658 1766 1977 1825 amicorum
2006 1764 2079 1823 ad
2114 1763 2501 1824 accusandum

443 1859 794 1924 descendere
819 1861 1248 1941 compulerunt,
1265 1861 1386 1939 jam
1409 1860 1641 1940 pridem
1668 1861 1783 1921 illis
1809 1860 2231 1945 necessitudine
2258 1862 2499 1939 copula-

445 1970 594 2030 tum,
630 1956 791 2037 quod
820 1970 1076 2037 quaestor
1109 1958 1172 2019 in
1211 1958 1409 2021 Sicilia
1447 1960 1649 2021 fuisset
1685 1970 1939 2037 praetore
1968 1962 2098 2025 Sex.
2125 1959 2424 2031 Peduceo,
2444 1972 2504 2017 et

447 2054 606 2131 quod
641 2074 822 2131 quum
851 2054 1196 2129 decederet,
1237 2053 1300 2115 in
1331 2055 1430 2113 illa
1453 2056 1759 2124 oratione,
1786 2074 1963 2132 quam
1988 2054 2239 2132 Lilybaei
2264 2054 2471 2117 babuit
2487 2098 2505 2126 ‚

443 2152 624 2209 multa
649 2150 720 2209 iis
739 2147 987 2229 benigne
1017 2150 1390 2226 promisisset.
1411 2152 1671 2225 Accessit
1696 2150 1821 2224 bis,
1858 2171 1976 2214 non
2002 2151 2275 2231 ignobilis
2304 2153 2503 2211 futura

441 2246 518 2305 de
539 2251 726 2307 Verre
753 2247 1025 2319 victoria,
1065 2247 1205 2324 quia
1240 2266 1274 2306 a
1305 2246 1589 2319 Metellis,
1634 2246 2005 2325 Scipionibus
2044 2260 2105 2307 et
2142 2248 2341 2307 multis
2376 2246 2503 2305 aliis

444 2342 738 2405 nobilibus
770 2344 914 2403 viris
935 2386 952 2416 ,
995 2356 1052 2403 et
1083 2344 1380 2422 praecipue
1417 2342 1493 2403 ab
1534 2343 1850 2403 Hortensio
1890 2344 2021 2422 ipso
2066 2344 2500 2415 defenderetur,

445 2442 610 2500 facile
641 2453 702 2499 et
733 2441 996 2519 principe
1036 2442 1096 2499 in
1133 2454 1336 2501 senatu
1375 2454 1622 2520 propter
1654 2441 2051 2513 nobilitatem,
2088 2454 2149 2501 et
2177 2442 2238 2501 in
2266 2442 2397 2501 soro
2420 2442 2501 2501 ob

443 2537 832 2615 eloquentiam
859 2556 996 2616 rege
1027 2528 1333 2596 causarum
1353 2580 1370 2611 ,
1408 2549 1467 2595 et
1504 2535 1713 2595 eodem
1749 2538 1987 2595 consule
2030 2537 2331 2615 designato
2368 2557 2500 2596 cum

444 2641 518 2710 Q.
544 2636 816 2707 Metello,
843 2634 1026 2696 fratre
1051 2635 1420 2695 Metellorum
1439 2678 1456 2706 ,
1482 2634 1721 2708 alterius
1738 2634 2004 2712 praetoris
2032 2633 2209 2695 siculi
2225 2676 2247 2705 ,
2266 2633 2504 2693 alterius

443 2733 708 2811 praetoris
739 2731 966 2791 urbani.
1017 2733 1124 2791 His
1159 2734 1239 2791 ita
1271 2733 1601 2792 constitutis
1630 2732 1849 2793 exstitit
1886 2737 1961 2805 Q.
2000 2732 2265 2794 Caecilius
2300 2732 2502 2811 Niger,

443 2829 620 2887 domo
643 2830 867 2888 Siculus
883 2873 900 2904 ,
933 2841 994 2887 et
1022 2842 1279 2907 quaestor
1297 2830 1530 2902 Verris,
1558 2841 1616 2889 et
1650 2829 1909 2908 ejusdem
1931 2870 1948 2898 ‚
1986 2841 2054 2887 ut
2080 2826 2209 2907 ipse
2236 2826 2499 2901 dicebat,

444 2925 708 2983 inimicus
725 2972 740 3001 ,
767 2926 869 3003 qui
895 2944 958 2983 se
983 2926 1180 3005 potius
1207 2938 1603 2986 accusatorem
1627 2924 2003 2984 contenderet
2024 2924 2296 2983 constitui
2319 2944 2502 3003 opor-

445 3036 594 3091 tere,
620 3021 726 3080 has
749 3024 1256 3082 afferenscausas:
1289 3043 1461 3082 unam
1499 3022 1659 3102 qnod
1707 3021 1781 3081 ab
1812 3042 1883 3081 eo
1916 3022 2119 3089 laesus,
2164 3022 2225 3079 et
2267 3020 2348 3079 ob
2385 3021 2502 3081 hoc

436 3119 572 3196 jure
603 3118 690 3177 illi
718 3118 796 3177 sit
819 3118 1114 3191 inimicus,
1141 3140 1322 3200 quare
1353 3122 1770 3200 praevaricator
1794 3138 1918 3179 esse
1949 3138 2069 3176 non
2096 3117 2315 3194 possit3
2354 3119 2502 3176 alte—

446 3236 566 3275 ram
580 3259 598 3289 ,
617 3214 796 3294 quod,
823 3236 1004 3294 quum
1025 3231 1278 3294 quaestor
1298 3220 1353 3277 ei
1375 3230 1498 3277 tum
1519 3218 1711 3291 fuerit,
1735 3218 1910 3276 etiam
1937 3218 2063 3295 ipse
2086 3216 2147 3273 in
2174 3226 2466 3292 quaestura
2484 3226 2499 3251 ¹

445 3314 684 3372 crimina
713 3315 945 3372 noverit
966 3315 1196 3387 Verris;
1225 3316 1484 3388 tertiam,
1519 3315 1677 3393 quod
1716 3314 1942 3372 Siculus
1969 3333 2081 3392 pro
2118 3312 2323 3370 Siculis
2354 3324 2503 3390 agat.

446 3409 861 3488 Hujuscemodi
888 3410 1388 3489 propositionibus
1425 3412 1633 3472 Cicero
1678 3410 2011 3490 designatus
2050 3408 2234 3467 aedilis
2270 3408 2363 3465 his
2401 3428 2501 3466 sex

445 3506 732 3586 capitibus
755 3506 1097 3585 respondet,
1127 3520 1517 3567 accusatorem
1546 3528 1677 3566 eum
1703 3527 1824 3565 esse
1847 3518 2140 3584 oportere,
2168 3505 2271 3583 qui
2288 3504 2505 3562 invitus

444 3606 672 3683 cogitur
699 3606 978 3682 religione
1011 3605 1216 3674 officii,
1259 3620 1497 3683 rogatus
1538 3604 1613 3663 ab
1658 3602 1927 3663 omnibus
1968 3603 2204 3673 siculis;
2250 3602 2351 3679 qui
2391 3620 2505 3679 pro

445 3701 744 3780 republica
771 3713 934 3779 agat3
977 3722 1150 3779 quem
1181 3702 1416 3772 volunt,
1442 3702 1544 3779 qui
1579 3711 1883 3771 accusant;
1928 3718 2101 3777 quem
2130 3699 2367 3771 metuit,
2402 3698 2506 3778 qui

446 3810 773 3870 accusatur3
797 3797 902 3876 qui
931 3796 1177 3856 idoneus
1213 3810 1300 3856 est
1329 3796 1607 3857 facundia
1630 3808 1689 3856 et
1708 3794 2070 3865 innocentia3
2100 3794 2206 3872 qui
2228 3795 2342 3853 hoc
2368 3796 2506 3853 facit

447 3898 761 3957 imitatione
789 3896 1096 3974 majorum.

515 4079 558 4111 ι.
595 4064 743 4128 vulg.
769 4062 822 4111 in
857 4060 1138 4128 quastione.
1164 4062 1450 4111 Gronovius
1469 4063 1604 4125 conj.
1638 4060 1817 4109 «etiam
1843 4060 1951 4109 sin·
1974 4059 2345 4125 inquisitione».
