2984 4684
401 340 544 425 248
1039 344 1137 411 M.
1188 344 1265 410 T.
1319 318 1914 413 CICERONIS

401 459 648 531 multis
679 461 848 531 satis
875 484 1028 533 esse
1061 462 1326 559 possit;
1365 460 1545 532 nihil
1578 484 1731 533 esse
1760 476 1909 531 tam
1946 475 2279 533 sanctum
2300 515 2321 551 ,
2348 462 2555 559 quod

397 594 550 641 non
569 569 860 655 violari,
885 570 1067 642 nihil
1097 585 1244 641 tam
1270 572 1637 641 munitum
1655 566 1709 657 ⁵,
1733 569 1937 669 quod
1966 595 2121 641 non
2147 573 2555 669 expugnari

401 682 714 777 pecunia
754 684 1004 780 possit.
1065 680 1288 773 Quod
1323 681 1410 769 si,
1451 706 1675 779 quam
1719 681 1957 753 audax
2002 695 2113 754 est
2152 681 2243 753 ad
2282 706 2553 754 conau-

403 790 584 861 dum
604 844 624 878 ,
669 806 816 863 tam
852 806 1040 864 esset
1075 788 1483 865 obscums⁶
1522 794 1599 863 in
1624 790 1942 891 agend03
1972 789 2277 863 sortasse
2310 792 2554 891 aliqua

401 902 480 970 in
515 926 593 972 re
631 925 770 973 nos
807 902 1199 1000 aliquando
1231 899 1903 991 fefellisset.Verum
1940 902 2081 975 hoc
2116 902 2357 983 adhuc
2385 928 2551 1002 per-

401 1009 784 1082 commode
831 1011 1060 1102 cadit,
1101 1012 1306 1111 quod
1349 1036 1519 1085 cum
1568 1012 1977 1085 incredibili
2032 1014 2191 1111 ejus
2251 1014 2551 1085 audacia

401 1120 784 1220 singularis
829 1122 1128 1194 stultitia
1171 1124 1566 1220 conjuncta
1608 1138 1733 1195 est.
1780 1127 1965 1195 Nam
2014 1140 2097 1195 ut
2134 1140 2431 1223 aper-tus
2470 1127 2551 1195 in

401 1231 880 1329 corripiendis
909 1234 1236 1331 pecuniis
1271 1231 1444 1321 fuit,
1469 1235 1572 1305 sic
1606 1237 1683 1305 in
1722 1258 1851 1333 spe
1880 1235 2405 1334 corrumpendi
2435 1236 2553 1331 ju-

403 1340 570 1411 dicii
597 1345 970 1440 perspicua
999 1368 1127 1414 sua
1158 1344 1460 1415 consilia
1496 1360 1945 1442 conatusque
1976 1344 2321 1417 omnibus
2350 1344 2541 1417 fecit.

401 1454 673 1541 Semel,
716 1456 849 1537 ait,
903 1480 980 1527 se
1021 1458 1097 1526 in
1140 1457 1286 1526 vita
1334 1456 1833 1554 pertimuisse,
1874 1471 2069 1543 tum,
2118 1482 2349 1555 quum
2404 1458 2553 1555 pri-

402 1588 604 1634 mum
647 1578 859 1635 reus⁷
893 1590 934 1637 a
961 1591 1078 1637 me
1105 1565 1336 1638 factus
1367 1566 1458 1638 sit
1491 1594 1509 1637 :
1553 1566 1795 1662 quod,
1832 1592 2069 1665 quum
2106 1592 2147 1639 e
2177 1568 2549 1666 provincia

402 1696 658 1745 recens
693 1690 916 1764 esset,
967 1674 1380 1774 invidiaque
1425 1688 1501 1746 et
1545 1674 1839 1749 infamia
1879 1702 2031 1749 non
2075 1682 2383 1767 recenti,
2426 1676 2547 1749 sed
2630 1756 2637 1765 ,

401 1780 686 1855 vetere⁸
718 1809 800 1856 ac
819 1786 1164 1858 diuturna
1184 1784 1538 1883 flagraret,
1564 1799 1723 1857 tum
1744 1786 1833 1858 ad
1844 1787 2205 1883 judicium
2226 1811 2549 1859 corrum-

404 1894 733 1991 pendum
779 1910 1066 1995 tempus
1111 1896 1486 1967 alienuma
1534 1892 1965 1968 offenderet.
2020 1900 2278 1993 Itaque
2320 1918 2547 1993 quum
2627 1888 2639 1901 ⁸

407 2026 544 2099 ego
590 2004 862 2076 diem¹0
892 2006 966 2077 in
1005 2006 1314 2109 Siciliam
1361 2003 1781 2100 inquirendi
1812 2008 2279 2105 perexiguam
2316 2022 2552 2104 postn-

406 2150 502 2201 bu·
521 2156 872 2215 communicen
889 2156 1068 2206 borum
1077 2159 1206 2206 enim
1216 2156 1435 2205 omnium

411 2233 619 2281 maxime
635 2246 718 2283 aut
733 2234 796 2285 sd
815 2235 1038 2300 glorium,
1059 2248 1146 2287 sut
1167 2237 1231 2286 ad
1257 2237 1438 2285 utilita-

409 2321 512 2361 tem
556 2314 786 2363 intererat
803 2351 816 2375 ,
856 2317 1043 2379 judicis
1090 2319 1289 2366 minime
1328 2333 1436 2365 cor-

411 2394 596 2460 rumpi.
625 2396 676 2442 Si
703 2395 832 2445 enim
857 2398 910 2443 in
950 2412 1162 2445 errorem
1186 2396 1440 2447 Hortensii

411 2475 599 2522 ortibus
611 2474 804 2535 judices
814 2476 1004 2524 inducti
1019 2478 1225 2526 fuissent
1237 2511 1253 2535 ,
1277 2493 1442 2541 quam-

411 2554 488 2602 vis
501 2570 604 2601 uon
617 2555 824 2618 pecunia
839 2557 1100 2614 tentati,sd
1113 2556 1440 2605 differendum

408 2632 648 2696 iudiciuin
663 2668 679 2692 ,
713 2650 818 2684 uon
844 2646 1006 2684 tamen
1032 2636 1166 2701 apud
1197 2638 1440 2702 populum

411 2714 744 2778 corruptionis
783 2714 958 2763 famam
995 2716 1244 2777 vitabant,
1280 2733 1440 2781 neque

407 2792 546 2841 illam
583 2794 714 2857 apud
753 2792 917 2847 bonos
951 2796 1130 2856 justam
1173 2796 1442 2860 invidiam,

415 2871 555 2935 qnod
581 2888 718 2919 reum
745 2874 1144 2923 nocentissimum
1171 2877 1236 2925 ed
1258 2888 1440 2925 certam

411 2960 703 3015 turpemque
734 2950 1097 3002 absolutionem
1127 2954 1440 3005 dimisissent.

483 3030 537 3078 5.
559 3029 817 3077 Massicum.
845 3032 1080 3081 Alludere
1104 3035 1302 3084 videtur
1324 3051 1438 3083 ors·

412 3122 495 3159 tor
521 3108 586 3165 ,sd
615 3108 801 3163 dictum
822 3111 948 3160 illud
969 3113 1188 3179 Philippi
1213 3116 1442 3164 Macedo-

413 3190 492 3237 nis
509 3202 524 3237 :
543 3210 569 3231 ιι
582 3188 770 3243 nunuin
789 3208 892 3240 esse
909 3194 1148 3258 oppidum
1169 3204 1265 3243 tom
1283 3198 1442 3244 muni—

413 3279 522 3317 tum
557 3270 693 3332 quod
731 3286 835 3319 uon
870 3285 1259 3337 expugnaretur,
1287 3276 1440 3325 modo

417 3348 595 3396 asellus
625 3364 746 3397 auro
784 3361 990 3400 onustus
1023 3364 1190 3417 posset
1231 3355 1284 3401 iu
1316 3356 1464 3404 illud·

417 3426 678 3475 ascendere
691 3448 734 3477 ι.
763 3432 868 3477 Att.
899 3433 949 3489 1,
992 3433 1076 3481 ιδ.
1101 3434 1246 3481 Cous.
1271 3434 1442 3485 locum

418 3505 624 3553 similem
647 3508 968 3558 Demosthen.
991 3511 1044 3557 iu
1060 3488 1324 3564 Theocriti.

488 3588 538 3632 6.
561 3585 815 3636 Obscurus.
829 3589 1096 3639 Occultsns
1107 3607 1194 3641 sua
1209 3593 1442 3668 facino-ra.

418 3665 498 3711 Sic
527 3667 700 3715 Horat.
717 3668 876 3731 Epist.
893 3671 944 3729 1,
973 3688 992 3717 ι
1005 3672 1032 3719 8
1055 3685 1070 3719 :
1113 3694 1136 3715 ι
1157 3672 1444 3741 plerumque

417 3738 668 3793 modestus
701 3748 928 3812 Occupat
961 3750 1158 3799 obscuri
1197 3756 1406 3817 speciem
1425 3792 1442 3819 ,

419 3828 690 3873 taciturnus
715 3827 878 3875 acerbi
901 3850 942 3878 n.

493 3919 540 3963 7.
561 3906 700 3952 Reus.
732 3909 778 3953 A
799 3922 876 3955 me
901 3924 1081 3959 nomen
1105 3909 1210 3969 ejus
1233 3910 1300 3959 sd
1323 3926 1445 3974 prae-

419 3992 578 4030 torem
601 3993 674 4030 est
697 3984 928 4035 delatum.

1526 2154 1743 2223 inempta
1768 2157 1831 2207 ab
1858 2156 1999 2207 istius
2028 2166 2284 2221 questui-ie
2310 2168 2549 2223 tempore,

1524 2252 1615 2300 per
1658 2238 1923 2292 continuos
1976 2236 2350 2302 quatuordecim
2400 2250 2551 2285 amos

1526 2316 1705 2365 mansit
1730 2316 1795 2365 sd
1822 2318 1948 2365 benc
1978 2316 2130 2364 diem.

1600 2412 1652 2459 9.
1666 2398 1908 2446 Alienum.
1926 2396 2201 2445 Adversum
2212 2428 2229 2456 ,
2242 2394 2547 2455 contrariam,

1528 2477 1639 2539 quis
1664 2494 1775 2526 reus
1797 2493 1826 2524 s
1850 2494 1927 2524 me
1946 2476 2103 2523 factus
2124 2486 2252 2523 esset
2272 2490 2285 2523 τ
2303 2490 2405 2539 quo
2424 2485 2547 2522 aeto-

1524 2571 1601 2615 re,
1616 2572 1717 2605 non
1734 2566 1837 2604 erat
1856 2555 1995 2621 quod
2014 2556 2069 2603 in
2088 2554 2273 2603 divitiis
2290 2556 2391 2602 suis
2408 2554 2546 2601 ulum

1528 2651 1667 2699 spem
1688 2635 1987 2695 colloces-eu
2014 2634 2131 2699 quia
2166 2645 2279 2683 ante
2308 2645 2406 2681 tam
2428 2648 2549 2681 sexe-

1526 2730 1637 2761 rum
1659 2714 1875 2763 tribunal
1890 2713 2167 2773 sistebatur,
2186 2712 2325 2778 quod
2340 2710 2541 2777 peemie

1528 2809 1631 2843 nou
1650 2796 1897 2859 corrumpi
1916 2786 2105 2858 posset:

1604 2888 1686 2923 xo.
1716 2873 1873 2923 niem.
1922 2872 2041 2925 Dies
2090 2870 2302 2922 femineo
2352 2884 2511 2934 geneis
2526 2906 2546 2933 ‚

1526 2962 1719 3018 tempus
1738 2951 2007 3017 significet,
2030 2952 2195 3015 inquit
2210 2950 2543 3005 Asconiuszat

1527 3032 1633 3080 dies
1670 3032 1901 3081 horarum
1944 3031 2207 3080 duodecim
2254 3029 2444 3094 generis
2486 3040 2545 3078 et

1526 3113 1801 3163 masculini.
1820 3116 1977 3163 Porro
1996 3112 2101 3161 dies
2124 3112 2189 3160 sd
2212 3109 2545 3175 inquirendum

1526 3193 1799 3257 postulavit
1832 3194 2005 3242 Cicero
2042 3202 2239 3246 centum
2276 3201 2329 3238 et
2364 3188 2543 3243 decen.

1528 3272 1725 3337 Quibus
1763 3273 1811 3321 ei
1844 3272 1998 3330 datis,
2036 3271 2205 3320 Verris
2230 3268 2377 3317 amici
2402 3282 2545 3331 quun

1528 3352 1714 3400 vellent
1746 3367 1941 3399 eausam
1974 3350 2115 3398 istius
2158 3350 2210 3397 in
2260 3363 2443 3396 sunum
2487 3362 2547 3395 se·

1529 3443 1755 3496 quentem
1792 3432 2101 3497 protrahere,
2139 3444 2243 3493 quo
2265 3442 2397 3476 anuo
2434 3442 2545 3493 pra>

1529 3523 1609 3561 tot
1627 3514 1819 3560 sunu-us
1833 3521 1959 3559 esset
1974 3512 2047 3559 Μ.
2066 3509 2309 3567 Metellus,
2334 3506 2547 3556 consulis

1528 3593 1693 3649 frater,
1708 3592 1875 3639 Verris
1899 3590 2218 3639 amicissimus
2240 3587 2375 3653 (infr,
2398 3602 2507 3650 esp.
2532 3602 2547 3647 ς

1531 3683 1579 3721 et
1596 3674 1665 3741 8),
1678 3670 2009 3719 subornarunt
2020 3668 2276 3733 Rupilium
2288 3666 2547 3731 quemdam

1530 3752 1634 3803 sive
1660 3750 1906 3815 Oppium,
1932 3748 2021 3814 qni
2054 3761 2358 3805 senatorem,
2396 3746 2555 3793 nescit

1532 3848 1703 3895 quem,
1730 3847 1867 3879 reum
1892 3831 2102 3890 faceret,
2132 3840 2183 3876 et
2222 3826 2567 3875 tantummodo

1532 3922 1728 3963 eentum
1760 3922 1813 3959 et
1836 3920 1953 3958 octo
1977 3908 2081 3957 dies
2106 3906 2395 3971 postularet.
2424 3908 2486 3953 In
2508 3922 2563 3953 ea

1540 3991 1719 4039 melitis
1742 3990 1839 4037 hoc
1866 4000 1969 4037 erat
1988 3987 2058 4035 eis
2092 3985 2343 4033 commodi
2365 4001 2379 4035 :
2408 3986 2565 4049 Rupi-

492 4064 540 4109 8.
577 4065 778 4123 Vetere,
809 4064 992 4116 invidia
1012 4078 1059 4114 ec
1077 4066 1302 4131 infamia.
1327 4071 1450 4133 Quae
1540 4070 1636 4119 lius
1670 4068 1885 4129 scilieet,
1928 4069 2117 4121 ratione
2158 4067 2390 4131 temporis
2427 4064 2567 4129 (Ῑῦοἆ
