2984 4684
483 355 625 438 440
648 339 670 348 ’
1128 353 1225 420 Μ.
1276 353 1353 419 T.
1409 351 1963 421 CICERONIS

482 495 737 544 eorum
754 465 811 560 ⁸,
844 471 973 567 qui
1026 483 1183 541 tum
1230 467 1407 543 illud
1450 471 1805 566 judicium
1861 469 2228 542 habebant
2257 525 2278 560 ,
2331 471 2611 546 adesse.

484 586 740 679 Itaque
776 583 911 652 iste
960 581 1155 654 solus
1188 607 1359 653 cum
1398 589 1530 652 'sua
1571 579 1870 654 cohorte
1911 583 2344 680 nequissima
2381 583 2618 655 relin-

480 693 751 788 quitur.
788 695 953 764 Non
990 689 1367 762 dubitabat
1408 691 1774 762 Minucius
1799 743 1820 778 ‚
1869 692 1996 787 qui
2041 695 2432 790 Sopatrum
2475 693 2608 764 de-

486 799 866 888 fendebat,
914 801 1097 897 quin
1152 802 1287 872 iste
1306 855 1327 888 ,
1366 801 1714 898 quoniam
1765 801 2146 872 consilium
2187 799 2572 874 dimisisset
2591 857 2614 888 ‚

486 911 611 982 illo
654 911 774 983 die
814 935 969 982 rem
1012 910 1205 982 illam
1244 913 1678 1008 quaesiturus
1727 935 1879 983 non
1930 926 2116 983 esset
2157 939 2174 981 ε
2225 937 2456 1010 quum
2497 939 2612 986 re·

486 1035 707 1119 pente
731 1020 1039 1117 jubetur
1072 1021 1333 1094 dicere.
1366 1019 1834 1120 Respondet9
1857 1051 1874 1093 ε
1901 1021 2014 1093 Ad
2043 1024 2276 1120 quos?
2310 1023 2418 1095 Ad
2457 1049 2610 1112 me,

480 1133 720 1230 inquit
744 1186 763 1218 ,
806 1133 865 1200 si
902 1129 1035 1203 tihi
1066 1130 1371 1204 idoneus
1408 1129 1680 1219 videor,
1727 1133 1856 1230 qui
1895 1129 1988 1202 de
2027 1131 2326 1205 homine
2364 1132 2610 1204 Siculo

481 1267 565 1314 ac
604 1240 934 1312 Graeculo
964 1239 1305 1336 judicem.
1349 1241 1668 1314 Idoneus
1703 1265 1814 1329 es,
1851 1243 2130 1339 inquit;
2177 1244 2302 1314 sed
2337 1245 2613 1340 pervel-

480 1354 621 1424 lem
664 1351 996 1424 adessent
1030 1351 1119 1440 ii,
1156 1354 1285 1449 qui
1322 1351 1684 1425 affuerant
1721 1367 1926 1425 antea
1949 1407 1968 1440 ,
2011 1377 2448 1453 causamque
2491 1379 2614 1426 co·

480 1477 809 1561 gnorant.
870 1464 1045 1550 Dic,
1086 1463 1327 1560 inquit
1366 1492 1386 1532 ε
1433 1463 1538 1534 illi
1571 1461 1818 1536 adesse
1859 1488 2013 1535 non
2058 1481 2382 1562 possunt.
2425 1467 2612 1537 Nam

479 1573 801 1658 hercule,
839 1573 1081 1668 inquit
1120 1577 1209 1666 Q.
1240 1575 1631 1656 MinuciuS,
1663 1599 1780 1645 me
1817 1599 2117 1672 quoque
2153 1575 2484 1659 Petilius,
2527 1591 2615 1646 ut

478 1684 613 1756 sibi
642 1685 719 1754 in
746 1682 1049 1754 consilio
1074 1683 1435 1771 adessem,
1474 1686 1774 1780 rogavit.
1807 1689 1896 1756 Et
1925 1684 2138 1756 simul
2175 1707 2218 1753 a
2255 1682 2616 1755 subselliis

476 1793 674 1866 abire
702 1795 943 1890 coepit.
986 1797 1129 1863 Iste
1170 1797 1392 1865 iratus
1429 1794 1796 1866 hominem
1833 1793 2074 1866 verbis
2117 1795 2614 1866 vehementio-

400 1979 407 1988 ,
478 1903 682 1976 ribus
714 1905 1202 2001 prosequitur,
1242 1919 1459 2001 atque
1499 1909 1564 1973 ei
1599 1907 1884 2001 gravius
1923 1907 2136 1976 etiam
2177 1906 2436 1975 minari
2471 1927 2616 1975 coe·

479 2017 611 2112 pit,
628 2013 829 2111 quod
855 2015 929 2083 in
962 2039 1037 2084 se
1066 2024 1349 2083 tantum
1368 2013 1639 2084 crimen
1663 2011 2219 2111 invidiamque¹⁰
2243 2012 2616 2084 conflaret.

576 2129 799 2195 XXX.
864 2125 1226 2198 Minucius
1243 2178 1262 2211 ,
1322 2125 1452 2221 qui
1505 2127 1866 2220 Syracusis
1923 2126 2026 2196 sic
2089 2126 2616 2222 negotiaretur,

480 2248 564 2304 ut
592 2237 705 2304 sui
734 2233 952 2328 juris¹
1001 2232 1515 2330 dignitatisque
1556 2235 2036 2322 meminisset,
2083 2248 2159 2308 et
2201 2238 2326 2332 qui
2361 2239 2612 2325 sciret,

478 2347 579 2414 ita
610 2367 689 2416 se
724 2345 799 2414 in
833 2345 1204 2441 provincia
1234 2369 1389 2416 rem
1422 2366 1686 2441 augere
1699 2339 1734 2388 2'
1769 2358 2110 2442 oportere
2129 2399 2149 2428 ,
2186 2357 2272 2416 ut
2304 2368 2400 2416 ne
2433 2345 2614 2441 quid

408 2499 419 2508 -
480 2453 573 2526 de
600 2453 929 2527 libertate
960 2453 1421 2553 deperderet,
1446 2453 1728 2524 homini
1759 2479 1922 2552 quae
1941 2455 2089 2526 visa
2117 2469 2324 2541 sunt,
2350 2469 2424 2525 et
2451 2479 2616 2551 quae

481 2580 771 2663 tempus
815 2565 993 2636 illud
1030 2567 1196 2636 tulit
1230 2581 1304 2638 et
1345 2589 1558 2637 causa
1581 2619 1601 2650 ,
1635 2563 2010 2663 respondit
2047 2591 2064 2633 ε
2105 2589 2388 2636 causam
2420 2589 2617 2650 sese,

483 2675 781 2746 dimisso
817 2690 1035 2773 atque
1070 2676 1399 2774 ablegato
1426 2675 1762 2762 consilio,
1807 2671 2278 2746 defensurum
2305 2677 2616 2770 negavit.

478 2789 733 2881 Itaque
766 2809 807 2853 a
830 2783 1187 2856 subselliis
1222 2785 1584 2873 discessit;
1615 2783 1956 2880 idemque
1993 2783 2175 2869 boc,
2209 2799 2466 2880 praeter
2501 2786 2618 2854 Si-

480 2890 753 2980 culos-³,
776 2897 995 2966 ceteri
1022 2898 1305 2993 Sopatri
1334 2896 1546 2966 amici
1573 2891 2050 2991 advocatique
2069 2891 2412 2966 fecerunt.
2445 2898 2620 2980 Iste,

478 3028 923 3102 quamquam
964 3020 1072 3076 est
1108 3004 1518 3077 incredibili
1573 3007 2124 3102 importunitate
2165 3018 2240 3074 et
2291 3002 2620 3088 audacia,

482 3129 722 3184 tamen
751 3114 994 3186 subito
1026 3115 1222 3190 solus
1252 3113 1676 3201 destitutus,
1712 3116 2084 3212 pertimuit
2121 3130 2196 3186 et
2229 3112 2620 3186 conturba-

363 3214 371 3222 *
479 3237 599 3294 tus
623 3239 750 3296 est.
776 3223 971 3314 Quid
991 3238 1254 3322 ageret,
1278 3250 1425 3322 quo
1448 3249 1524 3296 se
1549 3237 1881 3312 verteret,
1907 3221 2295 3296 nesciebat.
2319 3225 2385 3294 Si
2411 3222 2621 3294 dimi·

548 3445 598 3492 8.
616 3442 859 3492 Aloemm'
872 3459 1050 3494 eorum.
1068 3443 1129 3492 Id
1148 3456 1222 3493 eet
1240 3479 1256 3506 ,
1282 3445 1502 3511 litigato·
1589 3446 1800 3510 amplam
1828 3446 1903 3493 sni
1939 3444 2230 3496 criminandi
2267 3459 2417 3508 seque
2449 3446 2506 3492 in
2539 3446 2623 3492 in-

476 3539 584 3570 rum
600 3558 615 3582 ,
658 3524 742 3588 qni
786 3539 887 3571 rem
933 3539 1069 3572 suem
1114 3539 1277 3572 coram
1325 3527 1501 3574 Petilio
1589 3525 1770 3574 vidiam
1789 3524 2000 3573 vocandi
2013 3523 2244 3574 omnibns
2260 3523 2502 3588 preberet
2517 3537 2628 3570 ma—

477 3602 831 3665 dieeeptnbnnt.
869 3602 1051 3652 Adesse
1088 3603 1231 3650 alicui
1251 3641 1267 3666 ,
1302 3605 1502 3668 proprie
1593 3605 1777 3654 teriam.

477 3691 549 3726 eet
572 3681 778 3742 alienius
800 3697 853 3729 ee
874 3681 1095 3747 profiteri
1114 3693 1396 3747 pau-onum.
1663 3685 1836 3732 XXX.
1862 3699 1906 3731 1.
1931 3686 1994 3730 Ue
2019 3682 2098 3731 mi
2110 3681 2259 3748 jaen’s.
2287 3684 2358 3730 Ut
2383 3697 2440 3730 se
2457 3683 2626 3730 civem

549 3773 599 3820 9.
621 3763 676 3808 F.
695 3762 879 3809 Ursino
903 3761 1089 3826 placuit
1114 3760 1265 3810 lectio
1290 3773 1391 3812 vet.
1416 3777 1504 3810 eo-
1589 3777 1713 3810 rom.
1732 3773 1876 3827 atque
1893 3762 2108 3827 equitem
2127 3775 2232 3808 ene
2251 3760 2567 3810 meminisset.

480 3835 627 3896 dieis,
673 3858 698 3879 α
714 3840 1005 3903 Respondet
1020 3875 1035 3899 ,
1084 3839 1259 3890 abiisse
1292 3841 1504 3902 judiees.
1662 3857 1712 3892 a.
1725 3842 1852 3891 Edd.
1871 3859 1948 3908 pr.
1963 3852 2012 3890 et
2027 3840 2256 3889 nonnulli
2275 3839 2426 3887 codd.
2451 3855 2618 3904 εμπ,

478 3915 661 3962 Annon
678 3949 693 3970 .
724 3917 918 3981 inquit,
958 3918 1049 3967 tibi
1074 3919 1281 3970 idonens
1308 3919 1501 3976 videor,
1591 3921 1728 3985 qnod
1751 3922 1926 3970 frustm
1949 3920 2130 3986 probet
2153 3919 2394 3970 Nunnius.
2416 3918 2464 3965 J.
2475 3921 2538 3966 V.
2561 3922 2620 3967 1..

480 4003 575 4040 etr.
590 4015 615 4035 -ο
631 3997 680 4044 J.
698 3997 761 4044 V.
779 3999 834 4045 1..
1663 4003 1713 4050 3.
1753 4000 1955 4050 siculos.
1997 4003 2140 4062 Quos
2165 3999 2334 4046 Verris
2359 4003 2518 4045 metus
2547 4011 2626 4044 re-

554 4087 631 4123 10.
648 4073 835 4122 Crimen
854 4074 1202 4142 inditumque.
1220 4079 1373 4142 Quod
1403 4090 1500 4126 tam
1591 4079 1792 4128 tinebu.
