2984 4684
891 430 1273 501 ORATIO
1322 432 1524 499 PRO
1571 432 1639 499 S.
1673 432 2073 501 ROSCIO.
2409 428 2575 502 133·

414 552 736 643 haberet,
771 567 1011 625 tamen
1030 607 1050 640 ,
1081 547 1361 651 quum⁸
1399 568 1585 623 esset
1616 553 1898 640 mulier,
1924 556 2192 624 virtute
2217 550 2540 650 perfecit,

412 678 531 753 ut,
554 678 835 763 quanto
880 663 1161 735 honore
1206 666 1360 762 ipsa
1392 688 1479 733 ex
1521 662 1812 733 illorum
1843 661 2190 760 dignitate
2220 660 2542 745 afficere-

412 785 555 859 tur,
582 798 733 844 non
754 776 1035 843 minora
1058 772 1197 844 illis
1223 766 1648 851 ornamenta
1675 798 1762 843 ex
1785 796 1914 843 sua
1943 772 2156 844 laude
2181 770 2537 865 redderet.

506 886 620 952 Ll.
646 886 785 971 An,
810 880 1014 979 quod
1033 882 1418 980 diligenter
1435 880 1873 971 defenditur,
1891 882 1966 953 id
1993 882 2122 955 tibi
2152 882 2534 981 indignum

411 989 689 1063 facinus
721 991 1049 1064 videtur?
1080 992 1260 1064 Mihi
1295 992 1544 1079 crede,
1576 995 1673 1081 si,
1701 1015 1836 1089 pro
1861 996 2084 1092 patris
2116 994 2270 1089 ejus
2297 991 2542 1091 hospi·

411 1103 527 1171 tiis
554 1116 627 1173 et
653 1105 875 1198 gratia
896 1156 916 1191 ,
944 1103 1214 1173 vellent
1247 1126 1502 1173 omnes
1533 1100 1752 1198 hujus
1779 1101 2102 1200 hospites
2131 1101 2380 1175 adesse
2402 1158 2423 1188 ,
2463 1117 2539 1175 et

408 1210 760 1283 auderent
791 1212 1015 1283 libere
1045 1211 1457 1299 defendere,
1484 1214 1654 1282 satis
1678 1214 1970 1310 copiose
1993 1210 2538 1283 defenderetur:

408 1324 521 1391 sin
547 1336 785 1394 autem
814 1348 949 1422 pro
982 1323 1482 1420 magnitudine
1519 1324 1836 1419 injuriae,
1861 1346 2147 1421 proque
2175 1346 2263 1395 eo
2287 1377 2306 1411 ,
2337 1322 2540 1420 quod

406 1456 689 1502 summa
735 1432 1178 1533 respublica¹
1238 1436 1317 1504 in
1365 1432 1583 1529 hujus
1623 1432 1952 1530 periculo
2002 1446 2346 1519 tentatur,
2387 1430 2540 1503 haec

406 1566 662 1614 omnes
685 1544 1162 1633 vindicarent,
1190 1546 1582 1623 consistere
1611 1541 2022 1613 mehercule
2056 1541 2264 1615 vohis
2294 1545 2434 1613 isto
2463 1546 2538 1612 in

404 1652 570 1722 loco
620 1678 771 1723 non
820 1653 1090 1731 liceret.
1128 1658 1345 1726 Nunc
1385 1656 1486 1724 ita
1535 1650 1975 1741 defenditur,
2028 1678 2178 1725 non
2237 1677 2408 1724 sane
2457 1667 2542 1723 ut

402 1763 705 1835 moleste
731 1762 915 1836 ferre
940 1765 1324 1837 adversarii
1358 1761 1698 1851 debeant,
1726 1787 1965 1861 neque
1991 1778 2076 1835 ut
2105 1789 2180 1835 se
2213 1767 2544 1862 potentia

403 1877 727 1971 superari
754 1890 1035 1972 putent.
1060 1879 1238 1968 Quae
1265 1874 1465 1945 domi
1494 1873 1812 1972 gerenda
1837 1889 2033 1962 sunt,
2057 1900 2140 1947 ea
2165 1900 2300 1973 per
2324 1878 2542 1946 Caeci·

402 1982 571 2055 liam
591 1989 1089 2083 transiguntur
1108 2013 1130 2074 3
1167 1987 1297 2057 fori
1327 1984 1734 2082 judiciique
1759 1988 2114 2057 rationem
2137 1985 2464 2063 Messalla
2481 1996 2539 2073 ²,

400 2106 489 2164 ut
528 2094 819 2184 videtis,
844 2097 1126 2193 judices
1148 2152 1168 2188 ‚
1209 2098 1546 2193 suscepit.
1604 2098 1792 2184 Qui,
1829 2098 1886 2165 si
1923 2098 2071 2191 jam
2108 2098 2276 2165 satis
2315 2098 2538 2166 aetatis

398 2218 619 2301 atque
652 2205 934 2277 roboris
979 2206 1280 2278 haberet
1300 2260 1320 2295 ,
1372 2210 1528 2304 ipse
1558 2230 1694 2303 pro
1726 2210 1885 2277 Sex.
1915 2208 2176 2277 Roscio
2217 2206 2491 2277 diceret
2518 2234 2535 2273 :

399 2318 751 2410 quoniam
772 2316 865 2387 ad
884 2316 1275 2389 dicendum
1300 2314 1826 2413 impedimento
1846 2328 1954 2387 est
1971 2331 2162 2403 aetaS,
2186 2331 2258 2387 et
2274 2316 2540 2414 pudor,

399 2426 528 2520 qui
556 2440 768 2496 ornat
790 2440 1093 2515 aetatem,
1122 2450 1409 2498 causam
1433 2424 1610 2496 mihi
1641 2424 1964 2515 tradidit,
1981 2451 2202 2524 quem
2222 2452 2352 2498 sua
2375 2452 2540 2498 cau-

398 2558 475 2604 sa
494 2534 795 2633 cupere³
810 2562 894 2608 ac
922 2538 1189 2610 debere
1218 2537 1441 2608 intelli
1451 2536 1700 2634 gebat3
1725 2540 1879 2635 ipse
1901 2536 2342 2625 assiduitate,
2371 2562 2544 2607 con·-

397 2645 586 2729 silio,
600 2652 1050 2737 auctoritate,
1070 2648 1439 2746 diligentia
1459 2644 1789 2744 perfecit,
1815 2660 1900 2717 ut
1920 2649 2082 2717 Sex.
2105 2650 2344 2717 Roscii
2365 2650 2534 2735 vita,

397 2770 645 2853 erepta
684 2756 775 2829 de
810 2759 1146 2831 manibus
1174 2772 1540 2830 sectorum
1562 2810 1581 2845 ,
1608 2759 1984 2827 sententiis
2007 2755 2338 2852 judicum
2373 2782 2535 2854 per-

398 2868 823 2939 mitteretur.
852 2873 1237 2959 Nimirum,
1258 2866 1566 2966 judiceS,
1591 2891 1728 2966 pro
1756 2866 1893 2937 hac
1922 2866 2342 2938 nobilitate‘*
2370 2892 2537 2966 pars

397 2980 706 3050 maxima
740 2982 1044 3051 civitatis
1071 2984 1147 3052 in
1180 2982 1396 3053 armis
1427 2976 1610 3048 fuit:
1643 2977 1798 3048 haec
1840 2992 1999 3049 acta
2031 3002 2144 3049 res
2165 2974 2195 3021 ⁵
2234 2992 2375 3067 est,
2425 2982 2532 3049 uti
2571 2972 2586 2981 ’

394 3083 677 3159 nobiles
716 3093 1269 3162 restituerentur
1295 3092 1375 3161 in·
1407 3090 1768 3160 civitatem
1789 3142 1808 3177 ,
1835 3092 1962 3186 qui
2000 3087 2145 3161 hoc
2175 3087 2534 3178 facerent,
2595 3146 2600 3153 .

464 3282 515 3329 8.
528 3282 703 3344 Quum.
714 3284 968 3347 Quamvis.
982 3287 1135 3333 Sensu
1148 3302 1252 3334 non
1264 3300 1413 3334 novo.
1505 3305 1563 3337 ro
1589 3293 1644 3337 in
1671 3291 1853 3349 Bruto,
1885 3307 1992 3356 cap.
2023 3308 2115 3355 79,
2155 3314 2181 3334 α
2199 3293 2271 3339 Μ.
2302 3292 2526 3340 Messalla

458 3360 543 3409 n.
580 3376 625 3411 1.
661 3364 859 3431 Sumeua
884 3365 1175 3429 respublica.
1204 3366 1245 3415 1.
1271 3381 1314 3414 e.
1339 3380 1416 3411 res
1503 3368 1670 3418 minor
1705 3382 1826 3418 natu
1862 3387 2010 3434 quam
2049 3386 2166 3431 nos,
2200 3370 2341 3419 nullo
2376 3372 2528 3419 modo

394 3438 449 3485 in
470 3454 566 3502 qua
586 3452 805 3489 versatur
820 3444 972 3491 totius
997 3447 1123 3509 reip.
1144 3444 1292 3493 ulus.
1320 3446 1415 3493 Pu·-
1501 3445 1672 3511 inops,
1697 3448 1783 3496 sed
1807 3466 1912 3498 non
1941 3451 2090 3499 nimis
2122 3460 2324 3499 ornatus
2353 3466 2530 3514 genere

392 3514 517 3564 blica
558 3518 761 3569 libertas
792 3522 845 3569 in
880 3524 1153 3587 periculum
1184 3534 1411 3581 vocatum
1502 3526 1786 3587 verborum,
1815 3529 2059 3593 prudens,
2084 3542 2278 3589 acutus,
2293 3540 2385 3578 etc.
2401 3552 2426 3572 ιι

391 3594 447 3642 id
472 3596 633 3660 agitur
654 3609 713 3646 ut
746 3615 874 3664 resp.
902 3612 1168 3663 evertatur,
1196 3612 1255 3650 ut
1280 3602 1411 3666 opti·
1573 3606 1626 3655 3.
1659 3608 1811 3669 Quem
1848 3625 1943 3657 sua
1976 3626 2126 3658 eausa
2171 3624 2364 3674 cupere.
2401 3609 2531 3657 Mihi

389 3672 481 3722 mis
512 3675 789 3743 quibusque
818 3680 1009 3729 civibus
1026 3717 1042 3743 ,
1071 3682 1158 3745 qui
1194 3696 1283 3729 sus
1316 3682 1413 3728 vir·
1503 3706 1646 3755 quem
1687 3709 1788 3741 ωας
1823 3710 1978 3743 muse
2011 3697 2172 3745 favere
2207 3698 2315 3745 soit.
2355 3696 2435 3743 Sic
2466 3696 2530 3744 ad

390 3761 495 3800 tute
525 3768 685 3818 remp.
710 3758 977 3818 sustinent,
1000 3760 1205 3809 exitium
1239 3762 1413 3809 affert-
1502 3771 1618 3819 Div.
1633 3772 1760 3817 xm
1776 3804 1792 3829 ,
1819 3774 1903 3826 64.
1932 3776 1990 3821 In
2013 3774 2178 3838 priore
2199 3790 2375 3837 cupere
2393 3790 2531 3823 amor

391 3840 487 3879 tur.
513 3830 641 3880 Nam
666 3836 709 3881 si
734 3836 975 3885 innocens
1007 3838 1089 3887 ille
1124 3840 1383 3889 damnatur
1397 3876 1411 3899 ‚
1507 3850 1783 3898 ostenditur
1800 3886 1815 3908 ,
1843 3852 1895 3897 in
1925 3854 2194 3915 posteriore
2222 3856 2396 3903 debere
2419 3852 2530 3903 offi-

390 3911 501 3972 quis
536 3911 767 3973 simi-ius,
812 3916 949 3978 quod
986 3916 1163 3978 libeat,
1210 3919 1263 3967 id
1324 3922 1418 3969 sibi
1511 3928 1659 3977 cium.
1679 3931 1892 3979 ——J.V.
1914 3932 1970 3977 1..
1991 3930 2250 3999 intelligat.

390 4002 491 4035 non
530 3988 675 4039 licere
706 4005 963 4056 putaturus
984 4000 1099 4045 est?
1136 3999 1251 4046 vid.
1276 4002 1309 4048 J
1316 4036 1328 4049 .
1352 4004 1409 4051 F.
1575 4017 1626 4065 4.
1657 4010 1770 4055 Hac
1805 4006 2076 4060 nobilitate.
2114 4011 2380 4059 Nobilibus
2405 4012 2534 4061 Mes-

390 4068 610 4118 Gronov.
630 4070 694 4118 sd
719 4075 777 4121 Τ.
802 4074 903 4121 Liv-
921 4078 1123 4134 xxvt,
1150 4094 1200 4139 9.
1502 4086 1632 4133 sallae
1653 4086 1908 4135 similibus.

380 4161 387 4175 ·
460 4163 511 4196 a.
544 4150 795 4203 Messalla.
816 4158 891 4204 De
915 4156 1015 4204 hoc
1034 4157 1255 4221 loquitur
1274 4162 1413 4210 Cios·
1579 4168 1626 4214 5.
1639 4166 1760 4215 Hoec
1777 4177 1894 4213 acea
1910 4182 2004 4215 res.
2027 4172 2172 4216 Anna
2191 4178 2383 4233 sumpta
2399 4178 2532 4219 suut.
