2984 4684
743 416 881 485 DE
928 416 1426 489 PRAETORE
1475 422 2197 492 PROVINCIALI.
2406 417 2543 493 535

487 534 720 625 Neque
759 535 1044 625 auspicia
1077 538 1322 622 solum,
1357 540 1472 606 sed
1516 558 1580 606 et
1619 543 1840 607 omina
1872 542 2325 608 observabant.
2370 543 2542 607 Fue-

397 659 556 707 runt
585 660 802 708 autem
841 644 1060 709 omina
1093 666 1174 712 ex
1201 644 1389 712 dictis
1409 696 1428 730 ,
1470 665 1546 713 ut
1568 672 1776 738 quum
1803 649 2031 715 Paullo
2064 650 2320 739 paranti
2350 671 2545 739 expe-

395 746 711 813 ditionem
737 748 1041 814 adversus
1062 750 1376 819 Perseum
1402 752 1803 828 Macedoniae
1827 776 2069 844 regem,
2090 754 2283 821 filiola
2311 772 2539 822 moeste

395 856 707 939 occurrit,
741 855 961 921 dicens
979 905 997 939 ,
1024 888 1051 913 α
1067 858 1262 923 Persa
1289 860 1543 949 periit».
1576 862 1697 925 Cui
1723 877 1929 949 pater,
1956 861 2245 950 «accipio
2279 885 2473 928 omen
2491 894 2537 927 n.

375 962 552 1030 Erat
588 979 808 1029 autem
846 965 1069 1029 catella
1095 983 1353 1031 mortua
1385 991 1465 1032 eo
1504 969 1793 1033 nomine.
1824 969 1921 1035 Ex
1958 968 2176 1049 factis,
2222 983 2297 1033 ut
2328 992 2537 1057 quum

395 1068 750 1134 Flaminius
790 1072 1077 1135 exercitu
1108 1072 1412 1155 lustrato,
1462 1096 1669 1163 quum
1712 1091 1939 1140 contra
1976 1074 2405 1139 Hannibalem
2443 1076 2544 1167 le-r

396 1174 620 1264 giones
673 1174 970 1259 duceret,
1021 1178 1158 1267 ipse
1205 1195 1272 1243 et
1321 1201 1534 1268 equus
1586 1180 1725 1261 ejus
1768 1179 2077 1246 concidit.
2126 1180 2223 1248 Ex
2261 1180 2499 1245 auditis
2519 1232 2538 1264 ‚

397 1303 476 1344 ex
509 1302 681 1347 visis·
2238 1300 2245 1309 ’

484 1386 714 1476 Neque
740 1388 955 1453 solum
981 1390 1336 1478 auspicatO,
1351 1390 1466 1456 sed
1496 1406 1561 1455 et
1594 1392 1780 1465 litato
1806 1413 1947 1457 rem
1972 1391 2536 1483 aggrediebantur.

395 1492 696 1559 Ostendit
735 1496 956 1569 multis
991 1518 1072 1560 ex
1107 1496 1265 1561 locis
1302 1496 1541 1561 Livius.
1588 1498 1745 1563 Erat
1782 1514 2001 1563 autem
2048 1498 2265 1581 litare,
2310 1520 2537 1587 pacem

396 1596 594 1665 deum
612 1599 1022 1665 immolandis
1043 1602 1270 1667 hostiis
1299 1602 1680 1693 impetrare:
1714 1602 1784 1669 id
1802 1619 2025 1675 autem
2054 1602 2502 1691 fiebat,.quum
2517 1653 2534 1686 ,

395 1726 553 1769 ema
587 1706 796 1771 hostia
816 1754 834 1787 ,
871 1708 1196 1797 aruspices
1237 1723 1382 1773 exta
1412 1708 1755 1799 diligenter
1799 1710 2161 1799 aperientes
2197 1726 2395 1798 atque
2432 1712 2539 1773 in-

387 1812 764 1901 spicientes,
785 1836 864 1877 ex
885 1814 1274 1902 quibusdam
1305 1816 1688 1905 aruspicinae
1714 1817 2049 1906 praeceptis
2074 1817 2393 1906 propitios
2419 1832 2534 1881 aut

387 1917 655 1983 infestos
687 1918 846 1983 deos
883 1920 1505 2010 interpretabantur,

474 2026 554 2088 In
580 2025 740 2089 extis
759 2042 980 2091 autem
997 2075 1016 2109 ,
1041 2043 1119 2091 nt
1142 2026 1382 2108 jecore,
1404 2027 1749 2115 pulmone,
1780 2043 1845 2092 et
1870 2026 2089 2111 corde,
2112 2043 2307 2115 caput
2332 2042 2398 2091 et
2422 2024 2533 2091 fis-

387 2151 533 2193 sum
564 2131 1014 2215 observabant,
1049 2133 1116 2197 in
1151 2133 1376 2223 primis
1409 2156 1492 2197 an
1520 2150 1712 2215 aucta
1744 2150 1859 2198 aut
1893 2134 2242 2199 imminuta
2278 2147 2493 2197 essent
2515 2180 2533 2211 ,

387 2258 594 2325 quum
640 2238 708 2302 in
743 2238 823 2303 iis
853 2254 1103 2327 partem
1133 2240 1513 2328 familiarem
1532 2288 1550 2323 ,
1595 2257 1791 2329 atque
1842 2240 2147 2305 hostilem
2170 2290 2187 2323 ,
2222 2240 2313 2304 sic
2352 2238 2531 2303 enim

385 2344 742 2427 vocabant,
774 2338 1282 2411 constituissent.
1339 2348 1569 2434 ltaque
1600 2348 1655 2410 si
1705 2364 1903 2435 caput
1946 2348 2017 2411 in
2061 2347 2354 2427 jecinore
2390 2367 2527 2408 non

386 2449 648 2530 fuisset,
679 2450 966 2538 auspicia
1005 2449 1309 2538 pestifera
1347 2472 1527 2532 esse3
1569 2451 1623 2513 si
1656 2466 1925 2515 auctum
1960 2466 2130 2515 esset
2148 2499 2166 2534 ,
2199 2451 2343 2514 laeta
2374 2471 2529 2538 por·

385 2552 567 2619 tendi
597 2554 817 2619 omnia
833 2604 850 2637 ,
875 2554 1345 2619 existimabant.
1375 2556 1634 2619 Docent
1662 2556 1895 2620 Cicero
1919 2570 1986 2620 et
2020 2554 2264 2620 Livius.

475 2661 568 2723 Ac
603 2658 684 2724 de
718 2659 1019 2748 auspiciis
1049 2659 1452 2747 imperatoris
1479 2658 1619 2724 haec
1650 2658 1825 2725 dicta
1850 2660 2003 2725 sint.
2027 2662 2129 2725 De
2160 2660 2413 2724 ratione
2444 2660 2539 2723 rei

385 2764 684 2856 gerendae
711 2766 860 2831 satis
887 2781 1143 2830 constat
1174 2788 1497 2830 summam
1529 2766 1679 2830 belli
1714 2766 1797 2831 ad
1820 2788 1973 2831 eum
1997 2766 2413 2855 pertinuisse,
2437 2782 2535 2830 at-

389 2894 518 2961 que
553 2870 635 2937 de
669 2896 742 2937 ea
777 2872 962 2937 illum
1011 2873 1098 2936 ita
1139 2872 1534 2954 decrevisse,
1589 2888 1664 2959 ut
1701 2894 1901 2962 penes
1949 2897 2103 2938 eum
2148 2874 2256 2954 jus
2308 2874 2527 2961 ipsum

391 2980 584 3044 fuerit
602 2978 983 3063 dimicandi,
1009 2978 1468 3069 oppugnandi,
1502 2978 1885 3063 obsidendi,
1918 2979 2181 3046 insidias
2215 2978 2535 3063 struendi,

391 3088 648 3178 signum
679 3110 915 3178 pugnae
943 3110 1018 3153 ac
1045 3076 1335 3176 receptui
1358 3086 1595 3169 dandi,
1628 3104 1833 3152 castra
1856 3084 2136 3170 locandi,
2164 3085 2533 3169 muniendi,

389 3192 734 3277 movendi3
768 3211 1079 3283 praeterea
1122 3194 1357 3259 milites
1407 3193 1476 3259 in
1510 3194 1725 3259 aestiva
1760 3174 1957 3283 atque
2003 3194 2279 3259 hiberna
2321 3192 2532 3258 dedu-

392 3300 628 3383 cendi,
679 3300 937 3365 obsides
976 3300 1277 3365 hostibus
1309 3298 1511 3365 dandi
1554 3317 1670 3366 aut
1699 3301 1784 3365 ab
1822 3300 1901 3366 iis
1946 3299 2304 3390 accipiendi
2322 3348 2339 3382 ,
2393 3322 2538 3388 quae

391 3407 610 3471 omnia
642 3406 866 3471 Cicero
893 3408 962 3470 in
986 3422 1122 3471 arte
1152 3406 1563 3494 imperatoria
1590 3407 1967 3496 complexus
1998 3423 2096 3471 est
2118 3456 2136 3490 ,
2162 3405 2246 3470 de
2264 3406 2448 3470 Orat.
2473 3406 2505 3469 Ι
2520 3454 2538 3486 ,

394 3534 533 3601 cap.
557 3512 667 3578 60.

479 3620 573 3684 Ea
603 3620 957 3709 imperator
981 3635 1096 3683 aut
1122 3641 1240 3707 per
1273 3640 1364 3695 se,
1391 3636 1507 3683 aut
1538 3642 1691 3684 cum
1718 3620 1992 3685 consilio
2020 3617 2537 3685 administrabat.

393 3766 642 3815 nuntiata:
672 3766 726 3814 in
761 3764 924 3814 Sicilia
953 3764 1193 3813 militibus
1231 3763 1420 3829 aliquot
1509 3765 1593 3813 diu
1617 3765 1731 3831 plus
1760 3767 1880 3815 duas
1901 3766 2050 3815 horas
2074 3767 2264 3827 arsisse,
2290 3765 2357 3812 ita
2381 3776 2439 3813 ut
2468 3764 2541 3812 ni·

393 3846 610 3912 spicula,
649 3846 703 3893 in
741 3844 962 3895 Sardinia
997 3856 1155 3893 autem
1187 3844 1248 3893 in
1277 3860 1419 3893 muro
1507 3844 1579 3892 hii
1604 3847 1709 3906 ejus
1734 3846 2012 3895 ambureret
2036 3846 2195 3911 ignis,
2220 3843 2475 3893 dicebatur
2492 3866 2537 3892 n.

395 3926 717 3975 circumeunti
735 3925 924 3989 vigilias
947 3923 1100 3987 equiti
1113 3924 1416 3988 scipionem,
1508 3924 1601 3972 Cui
1632 3924 1829 3988 quidem
1866 3924 2265 3991 interpretationi
2304 3934 2407 3971 tum
2448 3922 2543 3971 alia

395 4021 542 4067 quem
557 4020 706 4053 manu
722 4012 946 4053 tenuerat
971 4004 1140 4051 arsisse
1160 4026 1204 4051 υ.
1242 4002 1376 4052 Idem
1401 4037 1417 4063 ,
1510 4004 1689 4065 multa,
1720 4016 1821 4055 tum
1850 4007 1951 4055 hoc
1984 4021 2187 4069 qnoque
2216 4006 2379 4064 favet,
2405 4002 2543 4067 quod

395 4084 570 4141 XLIII,
593 4084 654 4131 13
677 4098 692 4132 ι
733 4105 754 4126 ιι
779 4082 1004 4147 Fregellis
1029 4083 1081 4129 in
1098 4081 1251 4131 domo
1279 4083 1418 4132 Atrei
1508 4083 1682 4133 Cicero
1709 4084 1829 4133 dicit
1852 4086 2127 4149 auspicium
2152 4103 2213 4133 ex
2242 4080 2546 4132 acuminibus

395 4160 532 4210 hasta
561 4178 706 4226 quam
727 4162 832 4212 filio
859 4162 1002 4211 militi
1023 4172 1202 4211 emerat
1221 4199 1236 4226 ,
1269 4162 1420 4210 inter·
1510 4174 1669 4213 totum
1694 4164 1898 4213 militare
1920 4160 2043 4213 esse.
