2984 4684
799 412 1185 483 ORATm
1236 408 1438 523 pao
1486 414 1554 482 s.
1609 392 2013 485 ROSCIO.
2381 405 2480 511 67'

334 536 558 608 bunal
604 550 821 606 tuum
842 590 862 622 ,
897 540 993 605 M.
1028 537 1293 623 Fanni,
1344 550 1514 606 ante
1547 535 1769 634 pedes
1804 550 2080 608 vestros
2102 591 2121 625 ,
2157 536 2480 635 judices,

335 650 527 718 inter
558 648 718 743 ipsa
760 642 1145 715 subseilia⁵
1186 643 1413 715 caedes
1446 644 1707 716 futurae
1740 646 1904 717 sint.

432 756 721 827 Etenim
764 753 946 851 quid
988 754 1189 825 aliud
1234 754 1376 825 hoc
1402 756 1686 851 judicio
1730 770 2072 846 tentatur,
2105 762 2242 830 nisi
2287 771 2370 831 ut
2407 758 2483 833 id

336 866 497 939 fieri
524 864 779 937 liceat?
805 868 1211 936 Accusant
1194 868 1282 953 li,
1323 868 1552 962 quiin
1595 865 1922 937 fortunas
1953 866 2484 969 hujus‘1nvase7

344 992 563 1047 runt.
596 998 887 1046 causam
920 974 1141 1045 dicit
1122 980 1713 1075 1S,cui,praeter
1747 976 2254 1067 calamitatem,
2301 958 2487 1049 nihii

336 1088 819 1183 reliquerunt.
877 1089 1237 1156 Accusant
1286 1090 1371 1173 ii,
1426 1086 1700 1184 quibus
1734 1086 1966 1158 occidi
2013 1106 2289 1186 patrem
2323 1092 2482 1161 Sex.

339 1198 577 1269 Roscii
602 1195 803 1267 bono
828 1194 967 1267 fuit.
984 1222 998 1264 τ
1018 1216 1305 1267 causam
1327 1196 1505 1268 dicit
1529 1202 1613 1286 is,
1638 1201 1754 1268 cui
1783 1221 1934 1269 non
1963 1198 2183 1269 modo
2203 1198 2486 1271 luctum

344 1332 545 1379 mors
580 1310 801 1405 patris
828 1307 1097 1395 attulit,
1130 1329 1385 1377 verum
1418 1313 1635 1379 etiam
1671 1324 2081 1407 egestatem.
2129 1316 2490 1383 Accusant

340 1420 418 1502 ii,
437 1422 570 1514 qui
598 1416 839 1486 hunc'
821 1440 1063 1514 1psum
1084 1418 1416 1513 jugulare
1440 1441 1722 1490 summe
1714 1364 2172 1539 ”cupieruntz
2201 1441 2488 1491 causam

342 1526 649 1611 dicitis,
683 1528 811 1622 qui
843 1529 1057 1596 etiam
1102 1524 1195 1596 ad
1239 1521 1383 1598 hoc
1423 1530 1665 1625 ipsum
1697 1517 2058 1625 J‘u‘dicium
2101 1556 2270 1601 cum
2305 1552 2490 1629 prae-

346 1634 569 1708 sidio⁶
616 1639 852 1725 venit,
880 1660 975 1708 ne
1006 1636 1125 1709 hic
1156 1636 1431 1709 ibidem
1468 1654 1638 1710 ante
1669 1641 1920 1711 oculos
1953 1657 2230 1712 vestros
2275 1641 2498 1712 truci-

348 1746 567 1819 detur
583 1757 635 1818 7.
690 1750 1027 1844 Denique
1070 1761 1415 1819 accusant
1458 1752 1546 1839 ii,
1589 1772 1776 1846 quos
1807 1750 2127 1849 populus
2170 1748 2498 1850 poscit⁸:

352 1880 642 1929 causam
680 1856 859 1927 dicit
888 1862 985 1944 is,
1028 1860 1157 1955 qui
1200 1859 1725 1930 unus⁰relictus
1765 1884 1852 1929 ex
1896 1860 2188 1931 illorum
2227 1857 2500 1933 nefaria

351 1968 550 2040 eoede
580 1981 818 2037 restat.
1675 2050 1686 2064 .
2336 2040 2348 2049 J

420 2084 687 2175 'Atque
708 2091 794 2147 ut
814 2070 1091 2147 facilius
1116 2077 1518 2175 intelligere
1535 2082 1848 2177 possitis,
1867 2106 1894 2177 J
1905 2078 2176 2170 udiceS,
2203 2103 2309 2169 ea,
2338 2105 2501 2179 quae

353 2188 538 2261 ficta
562 2200 776 2289 sunt,
801 2186 1217 2284 indigniora
1243 2211 1421 2279 esse,
1453 2208 1676 2286 quam
1709 2189 1864 2261 haec
1891 2190 2064 2263 sunt'
2081 2247 2100 2280 ,
2127 2200 2289 2289 q'uae
2318 2192 2500 2264 dici-

355 2324 543 2387 muS,
568 2296 663 2368 ab
694 2300 927 2385 initio,
954 2322 1067 2368 res
1101 2296 1725 2395 quemadmodum
1755 2312 1951 2396 gesta
1985 2304 2115 2390 sit,
2139 2298 2350 2372 vobis
2384 2326 2505 2371 ex-

300 2454 313 2462 -
354 2433 753 2511 ponemus;
810 2432 960 2505 quo
1002 2406 1281 2479 facilius
1324 2422 1398 2478 et
1442 2408 1666 2503 hujus
1701 2408 2020 2483 hominis
2051 2414 2502 2484 innocentis-

358 2522 521 2591 simi
548 2520 903 2606 miserias,
925 2532 999 2587 et
1010 2517 1303 2587 illorum
1328 2516 1704 2589 audaciam
1730 2542 2168 2637 cognoscere
2191 2524 2506 2619 possitis,

359 2644 433 2701 et
462 2627 880 2725 reipublicae
916 2627 1413 2704 calamitatem.

452 2742 575 2809 VI.
629 2742 787 2809 Sex.
816 2738 1154 2824 Roscius,
1192 2742 1397 2835 pater
1436 2736 2205 2841 hujuscenmuniceps
2236 2742 2510 2810 Ameri-

363 2860 529 2920 nus¹
562 2846 729 2935 fuit,
750 2870 988 2951 quum
1018 2869 1306 2955 genere,
1344 2860 1417 2918 et
1448 2844 1861 2936 nobilitate,
1886 2862 1960 2918 et
1984 2852 2318 2947 pecunia,
2353 2874 2506 2922 non

363 2958 586 3031 modo
609 2960 722 3029 sui
750 2960 1153 3056 municipii,
1184 2982 1439 3029 verum
1463 2962 1682 3031 etiam
1708 2959 1866 3055 ejus
1891 2952 2282 3031 vicinitatis
2303 2958 2510 3035 facile

438 3190 491 3238 5.
510 3185 768 3235 multia.
788 3183 937 3235 ‘trina
969 3185 1195 3234 subsellia
1226 3194 1393 3245 erant3
1488 3186 1708 3246 Ameria,
1736 3188 2007 3253 municipio
2036 3202 2255 3235 romano.
2296 3185 2511 3236 Munici-

362 3267 611 3329 J'udicum,
652 3280 873 3323 reorum,
915 3263 1398 3314 accusatorum.1'i·t'-
1486 3280 1574 3329 pes
1601 3280 1630 3312 a
1651 3282 1851 3314 munere
1873 3266 2113 3331 capiendo
2148 3266 2396 3327 dicuntur,
2423 3266 2512 3331 qui

368 3346 527 3394 bana!
558 3354 725 3393 entem
760 3344 901 3391 locun
937 3356 1039 3392 erat
1078 3344 1286 3401 editior,
1334 3360 1398 3391 ex
1485 3344 1540 3390 in
1563 3344 1805 3392 civitatem
1827 3360 1952 3392 rom.
1977 3346 2162 3409 'recqzti
2184 3380 2199 3405 ,
2219 3346 2325 3407 ejus
2344 3363 2514 3393 mune-

370 3441 501 3491 quo,
530 3425 645 3473 sella
685 3423 845 3471 curuli
878 3424 1065 3487 posita,
1092 3423 1399 3487 magistratus
1486 3435 1595 3470 mm
1626 3434 1763 3472 erant
1797 3420 2076 3488 participes.
2107 3426 2371 3472 Munerum
2395 3426 2512 3473 isto·

363 3508 447 3567 3²⁰
464 3504 679 3555 dicebat.
1486 3518 1596 3550 mm
1619 3504 1744 3551 ratio
1767 3514 1870 3551 erat
1898 3504 2098 3567 duplex.
2123 3504 2313 3567 QuIbus
2340 3505 2513 3553 civitas

442 3587 493 3633 ⁶.
512 3580 764 3632 Praesidio.
784 3578 1036 3644 signifieat
1048 3580 1401 3629 advocatorum
1489 3598 1599 3630 cum
1642 3582 1875 3646 suffragio
1920 3582 2153 3640 dabatur,
2200 3584 2236 3629 ii
2277 3584 2515 3633 Romanis

370 3675 679 3723 comesam,
720 3662 809 3726 qui
844 3660 993 3709 vitam
1030 3659 1199 3708 Roscii
1236 3659 1403 3709 defen-
1490 3660 1720 3709 vivebant
1733 3660 1942 3727 legibus,
1966 3673 2015 3709 et
2028 3660 2283 3732 'habebant
2299 3664 2381 3724 jus
2407 3666 2516 3713 Ro-

370 3744 523 3793 dunt,
1490 3754 1583 3789 mae
1618 3740 1819 3804 petendi
1853 3740 2170 3803 magistratus.
2199 3742 2390 3805 Quibus
2429 3761 2516 3793 au-

446 3840 499 3885 7.
538 3816 843 3869 fficidemr.
878 3820 1007 3869 Nam
1041 3818 1306 3868 adversar-ti
1341 3816 1405 3867 ad
1492 3830 1592 3867 tem
1623 3818 1790 3865 civitas
1818 3818 1930 3866 data
1956 3830 2058 3867 erat
2075 3820 2178 3866 sine
2202 3820 2451 3886 suffragio,
2480 3824 2517 3871 ii

363 3902 611 3963 judicium
636 3901 810 3947 armati
834 3910 1087 3947 venerant.
1494 3898 1594 3946 suis
1620 3896 1851 3945 vivebant
1879 3896 2096 3961 legibus,
2121 3896 2209 3947 sed
2227 3916 2254 3947 a
2277 3902 2519 3965 vectigali-

448 3982 495 4028 8.
533 3978 715 4027 Poscit.
730 3963 839 4027 A‘cr
869 3978 1168 4043 supplicium
1205 3986 1409 4043 propter
1492 3978 1588 4025 bus
1615 3986 1664 4024 et
1691 3976 1862 4025 ceteris
1896 3977 2125 4026 oneribus
2170 3991 2307 4027 erant
2352 3979 2514 4029 liberi.

370 4060 535 4108 cedes
552 4059 888 4124 quotidianas.
1499 4056 1568 4103 En
1595 4056 1797 4104 varietas
1823 4056 2000 4104 mansit
2027 4056 2090 4105 ad
2113 4057 2295 4105 bellum
2321 4057 2518 4117 sociale,

450 4142 541 4187 vl.
564 4156 611 4187 ι.
634 4140 885 4201 Municeps
902 4138 1175 4187 Amerinus.
1194 4138 1265 4185 Ex
1288 4136 1411 4185 urbe
1500 4134 1599 4183 hoo
1626 4146 1726 4195 est,
1757 4133 1822 4183 nd
1856 4151 2034 4185 annum
2075 4136 2176 4185 663
2200 4172 2216 4197 ‚
2251 4153 2354 4199 quo
2384 4152 2517 4185 anno

2211 4220 2273 4293 5.
