2984 4684
831 351 1292 421 NICOLAI
1352 351 2037 420 DESJARDINS.
2336 355 2505 448 xxiij

353 479 450 548 lio
476 475 798 548 defuisse
828 500 980 546 non
1018 475 1228 545 video
1258 476 1336 544 in
1365 473 1511 544 ulla
1540 487 1745 571 parte
1771 477 1943 548 civis
1972 477 2233 574 optimi
2262 479 2509 551 volun-

352 602 601 659 tatem.
651 586 1102 656 Testimonio
1133 600 1250 656 est
1294 599 1499 655 actus
1544 583 1993 658 nobilissime
2045 587 2503 660 consulatus:

354 699 822 794 integerrime
857 697 1231 793 provincia
1265 692 1801 783 administrata3
1841 710 1920 766 et
1953 697 2377 794 repudiatus
2404 702 2503 770 vi-

351 809 884 906 ginti-viratus3
911 821 984 878 et
1001 805 1332 876 civilibus
1353 805 1567 878 bellis
1594 829 1837 903 neque
1864 831 2017 904 spe,
2034 833 2277 906 neque
2306 825 2507 882 metu

357 919 764 991 declinatus
803 919 1117 1002 animm,
1142 918 1543 1014 quominus
1578 940 1655 987 se
1694 917 1987 1013 optimis
2022 917 2351 1016 partibus
2370 979 2389 1008 ,
2432 920 2507 992 id

347 1022 492 1117 est,
505 1027 928 1128 reipublicae
939 1029 1282 1124 jungeret
1298 1059 1351 1096 n.
1375 1031 1585 1098 Unus
1608 1028 1699 1098 sit
1725 1051 1862 1124 pro
1886 1028 2231 1101 omnibus
2256 1033 2343 1120 Q.
2368 1036 2503 1102 Ca-

357 1139 562 1212 tulus
600 1141 626 1228 (
657 1142 794 1210 Pis.
825 1138 962 1234 3),
1023 1161 1252 1235 aquo
1291 1151 1398 1210 est
1420 1161 1707 1236 parens
1740 1143 2013 1234 pamae
2054 1143 2502 1215 nominatus.

359 1255 459 1321 M.
485 1253 715 1322 Curio
747 1251 881 1347 (ad
909 1255 1052 1321 Att.
1086 1252 1156 1336 Ι,
1199 1245 1376 1344 15),
1417 1249 1551 1345 qui
1591 1247 2055 1319 consulatum
2106 1249 2313 1322 illum
2348 1253 2506 1347 ejus

360 1361 700 1428 ἀποθέωσιν
767 1354 1095 1426 vocabat.
1158 1353 1503 1425 Claudius
1570 1357 1968 1452 imperator
2020 1355 2367 1450 (Sueten.
2430 1364 2505 1428 in

358 1468 467 1540 Cl.
503 1491 668 1566 cap.
696 1469 777 1552 [μ
809 1466 876 1562 ),
912 1467 1044 1562 >qui
1083 1465 1454 1536 Ciceronis
1500 1462 2005 1536 defensionem
2042 1470 2457 1564 composuit
2476 1497 2506 1554 ‘;

361 1577 769 1650 Alexander
795 1581 1097 1648 Severus
1118 1573 1523 1672 (Iamprid.
1550 1577 1625 1644 in
1642 1579 1907 1646 Severo
1921 1575 1973 1670 )„
1996 1577 2129 1672 qui
2151 1575 2311 1671 ejus
2330 1579 2507 1650 ima-

360 1691 606 1785 ginem
660 1690 736 1759 in
780 1688 1038 1758 larario
1082 1684 1360 1757 habuit.
1401 1682 1807 1756 Audiantur
1844 1688 2061 1756 etiam
2116 1689 2509 1785 superioris

360 1799 536 1869 huic
575 1811 842 1868 nostrae
895 1797 1118 1867 aetatis
1155 1797 1588 1894 scriptores,
1640 1795 2007 1867 Lutherus
2030 1851 2053 1884 ‚
2095 1803 2431 1872 Erasmus
2455 1811 2507 1887 ¹,

359 1913 710 2004 Latonius
729 1963 750 1995 ‚
801 1910 964 2006 qui,
1015 1907 1184 1979 licet
1218 1904 1699 1978 admiratione
1734 1904 2263 2004 obstupefacti,
2304 1911 2505 1982 Cice-

353 2018 566 2088 ronis
591 2022 822 2089 amori
854 2016 1272 2116 plusculum
1313 2019 1563 2101 etiam,
1602 2039 1826 2114 quam
1852 2018 2192 2089 concedit
2216 2022 2506 2108 veritas,

365 2128 794 2226 largiantur,
849 2129 1224 2198 Ciceronis
1283 2129 1599 2198 animam
1666 2125 1863 2226 apud
1928 2151 2232 2226 superos
2286 2131 2507 2202 vitam

361 2241 685 2336 quietam
725 2263 934 2335 agere
970 2253 1470 2335 speraverunt.

461 2349 702 2421 Altera
761 2355 839 2420 in
893 2353 1320 2420 Ciceronem
1385 2348 1743 2418 accusatio
1804 2363 1935 2419 est.
1994 2351 2299 2446 Ingenio
2322 2405 2343 2438 ‚
2397 2353 2508 2422 in-

367 2461 632 2557 quiunt
653 2515 674 2544 ‚
725 2457 863 2530 fuit
915 2459 1282 2557 arroganti
1327 2485 1344 2528 :
1403 2456 1571 2527 data
1624 2457 1955 2554 qualibet
2008 2461 2388 2532 occasione
2432 2487 2511 2534 se

369 2568 747 2667 magnifice
775 2570 1032 2666 jactat,
1065 2582 1138 2640 et
1183 2581 1501 2640 ostentat
1534 2567 2068 2638 intolerantius.
2110 2570 2509 2642 Fatendum

363 2691 522 2751 est²
561 2682 636 2750 in
669 2679 808 2751 hac
834 2695 1038 2777 parte
1063 2677 1585 2776 reprehensum
1606 2701 1769 2747 non
1796 2676 2261 2748 mediocriter
2292 2677 2513 2752 fnisse

359 2795 799 2863 Ciceronem
831 2817 848 2860 :
883 2813 1323 2887 quamquam
1360 2789 1420 2858 is
1443 2786 1757 2883 quidem
1802 2810 2123 2856 rerum‘a
2163 2812 2244 2858 se
2276 2805 2510 2885 gesta-

361 2925 532 2972 rum
569 2902 823 2998 maj-or,
856 2925 1078 3010 qnam
1105 2901 1537 2996 eloquentiae
1559 2894 1703 2968 fuit
1730 2898 2057 2993 jactator.
2089 2903 2249 2970 Imo
2268 2925 2507 2996 ‘quum

361 3012 786 3109 arrogantiae
819 3015 912 3083 sit
927 3036 1174 3084 comes
1196 3007 1497 3096 invidia,
1517 3023 1801 3080 tantum
1829 3007 2034 3080 abest
2066 3008 2159 3080 ab
2182 3035 2271 3082 eo
2290 3013 2468 3084 vitio
2488 3069 2511 3101 ,

363 3121 571 3219 quod
627 3123 811 3195 solet
865 3122 1181 3194 lacerare
1228 3121 1658 3218 plerosque,
1702 3134 1775 3190 et
1822 3120 2024 3216 quod
2071 3120 2197 3192 alit
2226 3126 2506 3195 -artium

359 3233 920 3331 studiorumque
973 3235 1179 3331 quasi
1231 3227 1582 3303 finitima3
1628 3232 1984 3318 vicinitas,
2047 3247 2131 3304 ut
2171 3234 2509 3306 vadversa-

361 3344 642 3413 riorum
677 3345 1004 3442 patronis
1050 3343 1539 3440 plenissimam
1584 3338 1936 3412 concedat
1979 3343 2509 3438 eloquentiam;

367 3454 742 3548 ingenium
765 3452 994 3526 sibiet
1011 3449 1298 3524 dicendi
1317 3449 1729 3522 facultatem
1748 3450 2078 3522 modeste
2102 3452 2506 3556 detrahat43

367 3585 684 3655 quorum
715 3562 1010 3660 quidem
1043 3563 1206 3633 loco
1241 3562 1342 3630 ait
1373 3585 1448 3632 se
1487 3560 1935 3658 diligentiam
1972 3577 2045 3631 ct
2074 3561 2507 3638 industriam

450 3793 489 3822 1.
518 3776 668 3839 Apud
695 3777 888 3827 Fabric.
914 3778 1149 3826 Biblioth.
1177 3779 1280 3825 Lat.
1309 3777 1481 3842 Suppl.
1508 3787 1628 3826 tom.
1654 3780 1693 3824 1.

444 3875 494 3906 2.
526 3861 732 3922 Quintil.
756 3863 861 3918 XI,
895 3878 944 3910 ι.

446 3943 491 3990 3.
524 3943 706 3992 Notum
740 3955 814 3992 est
839 3943 964 3992 illud
991 3945 1226 4002 Hesiodi,
1259 3943 1462 4007 FIgnlus
1491 3943 1645 4010 figulo
1688 3945 1893 3993 infestus
1928 3956 2024 3999 est,
2065 3959 2115 3993 et
2140 3947 2295 3996 fibro
2338 3949 2503 4000 faber:

377 4027 620 4076 :mendicus
645 4029 874 4078 mendico
901 4029 1114 4086 invidet,
1144 4041 1192 4076 et
1213 4039 1362 4094 poeta
1379 4041 1569 4092 poetae.
1596 4033 1693 4093 op.
1716 4041 1765 4077 et
1786 4033 1853 4079 D.
1878 4047 1948 4079 vs.
1970 4031 2057 4078 25.

449 4119 491 4163 4.
519 4111 627 4162 vid.
655 4127 745 4176 pro
774 4113 950 4176 Quint.
976 4129 1086 4176 cap.
1121 4130 1165 4168 ι,
1197 4129 1252 4170 2,
1285 4123 1334 4159 et
1355 4128 1447 4176 pro
1471 4115 1629 4162 Arch.
1648 4125 1821 4178 poeta,
1844 4130 1956 4179 cap.
1986 4129 2031 4176 ι,
2067 4125 2162 4162 etc.
