2984 4684
715 383 850 450 DE
899 381 1387 450 PRAETORE
1436 382 2149 452 PROVINCIALI.
2360 379 2501 458 513

363 503 491 569 tuti
535 517 728 568 sunt:
777 504 842 567 in
895 523 1134 568 novem
1177 504 1481 568 cohortes
1522 503 1604 568 ab
1636 504 1933 593 Augusto
1964 503 2187 588 divisi,
2220 529 2497 595 quarum

363 629 736 689 numerum,
751 608 866 696 qui
901 608 1162 696 sequuti
1197 626 1354 672 sunt
1376 610 1745 699 Augustum
1762 657 1781 690 ,
1811 610 2133 699 principes
2160 629 2506 679 auxerunt.

363 715 594 780 Selecti
628 737 858 778 omnes
895 713 966 778 hi
999 714 1276 778 fuerunt
1297 713 1531 779 milites
1547 762 1566 795 ‚
1594 730 1661 778 et
1685 713 1958 797 robore,
1990 732 2057 780 et
2076 735 2301 806 gente,
2326 737 2402 784 ut
2428 743 2507 784 ex

365 820 502 885 sola
537 821 670 885 fere
703 819 885 884 ltalia
919 820 1258 908 assumpti.

455 928 677 991 Altera
709 925 837 990 fuit
876 925 1112 991 cohors
1152 925 1487 1014 praetoria,
1524 948 1671 1014 quae
1720 926 1991 1014 propius
2033 926 2116 991 ad
2159 930 2291 994 hoc
2327 930 2509 1020 quod

367 1049 716 1098 tractamus
745 1047 1206 1122 argumentum
1231 1032 1550 1122 pertinet,
1576 1048 1645 1095 et
1675 1054 1872 1119 quam
1904 1031 2327 1100 domesticam
2351 1062 2513 1127 proe-

366 1139 525 1203 toris
556 1137 1039 1225 appellavimus.
1081 1137 1266 1201 Dicta
1303 1153 1404 1200 est
1441 1137 1775 1224 praetoria,
1812 1137 1994 1225 quod
2027 1163 2065 1204 a
2089 1157 2402 1228 praetore,
2431 1163 2511 1212 ut

363 1243 474 1307 illa
505 1241 794 1308 militaris
809 1290 828 1324 ,
861 1263 1188 1330 nusquam
1221 1240 1609 1323 discederet3
1647 1240 2034 1327 domestica,
2073 1245 2257 1332 quod
2284 1265 2399 1313 aut
2430 1273 2508 1315 ex

367 1348 738 1413 domesticis
772 1363 939 1423 esset
972 1347 1456 1412 convictoribus
1475 1393 1496 1430 ,
1528 1363 1643 1412 aut
1674 1370 1753 1412 ex
1786 1351 2159 1416 necessariis
2190 1356 2515 1442 apparito-

367 1457 569 1520 ribus.
604 1455 736 1519 Cic.
772 1453 856 1518 ad
892 1453 1124 1536 Quint.
1159 1453 1366 1542 Epist.
1401 1455 1432 1517 I
1456 1501 1475 1536 ,
1530 1475 1555 1516 1
1586 1475 1603 1518 ε
1657 1482 1684 1510 α
1712 1453 1900 1536 Quos
1935 1479 2093 1521 vero
2125 1475 2238 1523 aut
2272 1483 2353 1525 ex
2388 1460 2513 1526 do-

367 1561 650 1626 mesticis
684 1558 1204 1640 convictoribuS,
1243 1574 1359 1622 aut
1389 1580 1470 1622 ex
1501 1559 1875 1624 necessariis
1906 1563 2383 1658 apparitoribus
2416 1583 2517 1632 te-

367 1692 522 1734 cum
553 1690 692 1733 esse
721 1665 988 1730 voluisti
1011 1713 1030 1748 ,
1071 1665 1187 1754 qui
1221 1666 1406 1753 quasi
1443 1687 1525 1730 ex
1570 1665 1845 1732 cohorte
1877 1671 2172 1758 praetoris
2212 1675 2519 1762 appellari

369 1776 613 1849 solent,
649 1788 770 1836 etc.
796 1802 822 1828 υ

460 1880 712 1944 Cohors
742 1876 1042 1966 praetoria
1069 1873 1424 1940 domestica
1453 1877 1791 1965 complexa
1818 1895 1917 1944 est
1942 1880 2271 1960 adjutores
2288 1931 2305 1966 ,
2330 1885 2518 1949 mini·-

372 2001 574 2068 stros‚
609 1984 1011 2070 comitesque
1038 2003 1268 2046 omnes
1285 1981 1684 2070 praesidum,
1723 2006 1891 2071 quos
1909 2034 1927 2067 ,
1965 2010 2174 2074 quum
2208 2011 2367 2054 usus
2410 2014 2515 2055 ra-

371 2093 594 2180 tioque
627 2091 1008 2180 provinciae,
1043 2105 1184 2154 tum
1218 2088 1501 2178 dignitas
1536 2091 1676 2178 ipsa
1710 2092 2201 2182 magistratuum
2220 2145 2239 2180 ,
2276 2119 2351 2161 ac
2385 2099 2515 2164 rei-

371 2198 650 2286 publicae
684 2196 1058 2286 postulavit.

295 2293 304 2309 ’
463 2303 808 2384 Adjutores
841 2301 1147 2384 fuerunt,
1179 2301 1404 2388 legati,
1434 2301 1682 2366 tribuni
1708 2303 2028 2387 militum,
2065 2309 2519 2393 centuriones,
2586 2315 2597 2329 ¹

374 2408 694 2498 praefecti,
732 2407 1120 2471 decuriones
1140 2453 1160 2488 ,
1209 2406 1446 2492 aliique
1479 2407 1855 2472 militarium
1893 2433 2204 2498 operum3
2236 2437 2523 2479 assesso-

375 2539 478 2580 res
499 2565 517 2598 ,
546 2513 922 2594 consiliarii,
959 2533 1128 2599 quos
1154 2511 1563 2600 jurisperitos
1598 2535 1822 2608 secum
1848 2509 2197 2598 ducebant,
2228 2541 2515 2606 quorum

378 2621 652 2688 consilio
683 2617 1046 2684 secundum
1071 2618 1219 2697 jura
1251 2639 1474 2680 causas
1509 2617 1896 2685 definirent:
1932 2622 2189 2705 scribae,
2228 2627 2517 2708 accensi,

377 2750 708 2818 praecones
729 2775 748 2809 ,
784 2725 1075 2808 lictores,
1124 2724 1549 2812 interpreteS,
1588 2723 1942 2807 tabellarii,
1977 2729 2305 2817 aruspices
2325 2780 2344 2813 ,
2398 2755 2519 2798 cu-

379 2835 671 2900 bicularii
689 2882 708 2916 ‚
741 2831 1010 2914 medici,
1058 2846 1123 2896 et
1169 2830 1284 2918 qui
1334 2828 1729 2917 quotidianae
1762 2833 1907 2896 vitae
1950 2856 2155 2922 prope
2187 2837 2354 2902 socii
2382 2841 2521 2906 fue-

379 2958 570 3022 runt,
606 2941 779 3003 inter
813 2936 1144 3001 ministros
1175 2933 1502 3000 referendi
1534 2951 1709 3000 sunt.
1736 2935 2273 3023 Contubernales,
2304 2959 2370 3008 et
2396 2945 2519 3033 ipsi

379 3049 451 3112 in
495 3047 811 3112 comitatu
845 3042 1136 3134 pr'aetoris
1183 3041 1725 3126 numerabantur,
1773 3041 1890 3108 sed
1934 3068 2151 3133 neque
2190 3046 2519 3130 adjutores

383 3169 598 3236 erant,
631 3174 850 3240 neque
887 3150 1192 3215 ministri.
2418 3141 2423 3146 ’

468 3261 610 3324 Jam
633 3282 790 3324 vero
815 3258 1068 3347 singula
1088 3257 1230 3321 haec
1250 3271 1368 3320 aut
1395 3253 1609 3320 officia
1624 3303 1643 3338 ,
1668 3272 1782 3320 aut
1814 3257 2169 3325 ministeria
2199 3259 2519 3351 sigillatim

382 3364 754 3456 explicanda
789 3379 962 3428 sunt.

469 3471 691 3562 Legati
723 3466 1200 3558 magistratibus
1231 3465 1300 3529 in
1334 3467 1518 3530 omni
1550 3467 1955 3555 provinciali,
1984 3491 2059 3532 ac
2100 3470 2333 3535 bellico
2372 3497 2524 3538 mu-

385 3601 540 3643 nere
571 3576 901 3658 adjutores
928 3574 1273 3654 dabantur,
1292 3589 1371 3636 ut
1389 3572 1691 3636 vicariam
1721 3573 1811 3637 eis
1839 3597 2105 3661 operam
2125 3593 2522 3666 praestarent.

383 3689 658 3774 Legatos
693 3683 1014 3774 permissu
1044 3696 1306 3744 senatus
1339 3703 1376 3744 a
1407 3679 1794 3768 praetoribus
1822 3681 2021 3772 fuisse
2056 3682 2365 3769 adscitos,
2413 3706 2527 3754 aut

385 3807 562 3857 certe
597 3791 739 3880 lege
773 3789 991 3877 aliqua
1015 3803 1196 3851 extra
1228 3784 1529 3849 ordinem
1558 3783 1841 3851 delectos
1868 3785 2035 3852 dico.
2067 3787 2170 3853 Ad
2202 3791 2491 3880 primum
2512 3843 2531 3876 ,

386 3897 614 3962 Cicero
647 3895 828 3959 testis
861 3891 1212 3956 adducitur
1237 3891 1306 3954 iii
1341 3890 1553 3954 Vatin.
1584 3913 1725 3980 cap.
1757 3889 1871 3974 153
1929 3890 2011 3956 ad
2046 3892 2319 3962 alterum
2357 3900 2533 3966 idem

382 4005 656 4080 Cicero,
689 4001 801 4065 lib.
823 4002 854 4064 I
880 3999 948 4062 in
973 3998 1156 4063 Verr.
1192 4020 1332 4087 cap.
1367 3994 1469 4062 15.

478 4110 867 4200 Legatorum
883 4127 1198 4170 numerus
1221 4105 1336 4194 qui
1357 4104 1689 4188 minimus,
1703 4106 1903 4171 trium
1918 4105 2536 4180 fuit.Verumtamen

586 4221 641 4288 I.
698 4231 792 4279 cie.
809 4245 923 4294 pars
951 4227 1172 4277 secunda.
2246 4215 2340 4286 33
