2984 4684
482 407 622 488 402
1112 399 1209 466 M.
1262 397 1339 464 Τ.
1392 395 1974 466 CICERONIS

476 529 659 598 Sic¹⁰
676 547 719 594 a
744 518 1141 615 majoribus
1168 519 1315 588 suis
1346 529 1794 614 acceperant,
1817 527 2014 586 tanta
2045 513 2300 612 populi
2325 517 2608 586 romani

476 638 555 705 in
582 630 859 703 Siculos
892 653 1043 700 esse
1076 625 1427 698 beneficia
1443 678 1464 713 ,
1497 639 1582 696 ut
1609 626 1826 696 etiam
1859 622 2158 719 injurias
2189 639 2606 697 nostrorum

476 743 855 815 bominum
888 735 1351 836 perferendas
1382 749 1744 834 putarent.
1777 742 1862 806 In
1890 737 2256 807 neminem
2290 735 2608 816 civitates

471 868 638 925 ante
676 853 871 922 hunc
906 847 1398 919 testimonium
1432 845 1725 944 publice
1747 857 1804 889 ¹¹
1835 845 2196 918 dixerunt.
2233 849 2442 916 Hunc
2475 843 2604 916 de-

474 966 697 1061 nique
722 963 961 1059 ipsum
986 957 1451 1058 pertulissent
1472 1011 1491 1044 ,
1525 958 1582 1028 si
1611 957 1934 1027 humano
1961 955 2182 1028 modo
2200 1009 2220 1042 ,
2257 955 2315 1026 si
2339 957 2606 1026 usitato

473 1095 699 1156 more,
732 1072 793 1140 si
822 1067 1139 1165 denique
1176 1090 1327 1138 uno
1362 1065 1612 1164 aliquo
1641 1068 1716 1140 in
1749 1089 2014 1164 genere
2051 1079 2433 1164 peccasset.
2463 1063 2606 1136 Sed

476 1205 706 1280 quum
744 1175 1065 1278 perferre
1100 1201 1253 1248 non
1294 1191 1592 1274 possent
1627 1177 1984 1248 luxuriem
2005 1230 2024 1263 ,
2070 1175 2566 1246 crudelitatem
2583 1229 2604 1262 ,

474 1291 873 1375 avaritiam,
922 1286 1376 1385 superbiam,
1429 1311 1658 1384 quum
1707 1287 1950 1358 omnia
1999 1311 2132 1358 sua
2181 1285 2604 1372 commoda,

466 1405 655 1500 jura,
670 1395 1020 1471 beneficia
1042 1411 1331 1468 senatus
1346 1396 1747 1494 populique
1769 1399 2082 1484 romani,
2103 1400 2316 1468 unius
2341 1397 2606 1468 scelere

476 1537 557 1584 ac
584 1509 881 1582 libidine
914 1505 1397 1606 perdidissent
1427 1533 1444 1577 :
1480 1506 1624 1578 hoc
1645 1520 2054 1580 statuerunt
2072 1561 2093 1594 ,
2111 1521 2236 1578 aut
2269 1509 2472 1578 istius
2495 1509 2606 1577 in-

468 1623 693 1718 jurias
744 1643 877 1717 per
924 1642 1051 1688 vos
1092 1617 1339 1689 ulcisci
1382 1632 1455 1689 et
1499 1621 1878 1716 persequi3
1937 1631 2062 1688 aut
2113 1619 2174 1688 si
2231 1616 2438 1688 vobis
2493 1617 2606 1687 in-

473 1731 671 1829 digni
710 1744 948 1802 essent
975 1731 1149 1816 visi,
1186 1726 1457 1826 quibus
1497 1751 1710 1826 opem
1754 1726 2250 1824 auxiliumque
2289 1726 2606 1814 ferretis,

472 1841 693 1914 urbes
732 1864 815 1912 ac
853 1837 1059 1910 sedes
1086 1861 1250 1910 suas
1280 1837 1733 1934 relinquere3
1767 1836 2361 1935 quandoquidem
2399 1859 2606 1934 agros

467 1952 615 2047 jam
649 1964 816 2022 ante
845 1949 1047 2020 istius
1076 1949 1361 2044 injuriis
1394 1949 1726 2043 exagitati
1761 1947 2237 2044 reliquissent.

568 2065 690 2133 IV.
736 2064 889 2129 Hoc
931 2058 1233 2130 consilio
1282 2083 1323 2127 a
1360 2061 1440 2126 L.
1482 2055 1778 2128 Metello
1823 2055 2218 2152 legationes
2256 2059 2605 2128 universae

475 2171 915 2268 petiverunt,
934 2181 1017 2238 ut
1035 2191 1253 2264 quam
1270 2168 1588 2264 primum
1603 2168 1717 2237 isti
1737 2166 2342 2256 succederet3hoc
2361 2169 2605 2236 animo

474 2279 689 2350 toties
735 2277 929 2376 apud
964 2293 1311 2375 patronos
1336 2288 1356 2320 ¹
1404 2276 1496 2348 de
1545 2278 1692 2347 suis
1743 2278 2045 2348 miseriis
2085 2275 2602 2375 deploramnt3

480 2388 621 2458 hoc
648 2390 993 2459 commoti
1022 2386 1273 2460 dolore
1291 2440 1311 2472 ,
1340 2387 1694 2485 postulata
1725 2386 2148 2458 consulibus
2167 2399 2224 2476 ²,
2259 2412 2420 2486 quae
2453 2411 2602 2457 non

472 2498 829 2597 postulata
850 2549 869 2583 ,
907 2499 1033 2570 sed
1066 2502 1142 2568 in
1178 2499 1399 2568 istum
1428 2500 1728 2570 crimina
1761 2495 2183 2568 viderentur
2211 2523 2364 2570 esse
2389 2551 2410 2584 ,
2453 2495 2605 2567 edi-

474 2607 761 2679 derunt.
816 2613 1169 2678 Fecerunt
1212 2609 1465 2694 etiam,
1515 2622 1601 2677 ut
1645 2633 1798 2693 me,
1849 2609 2060 2704 cujus
2101 2606 2317 2680 fidem
2372 2609 2606 2679 conti-

475 2713 975 2814 nentiamque³
1006 2730 1535 2812 cognoverant,
1575 2741 1804 2814 prope
1841 2715 1934 2788 de
1965 2721 2126 2790 vitae
2163 2741 2336 2790 mcoe
2356 2719 2383 2766 ⁴
2413 2731 2608 2790 statu

478 2827 732 2897 dolore
762 2851 847 2897 ac
880 2826 1209 2922 lacrymis
1244 2829 1391 2897 suis
1426 2825 1873 2897 deducerent
1895 2877 1914 2911 ,
1949 2840 2032 2896 ut
2063 2849 2198 2922 ego
2231 2827 2450 2896 istum
2484 2851 2604 2899 ac·

476 2960 837 3022 cusarem;
864 2961 907 3008 a
933 2959 1083 3033 quo
1117 2960 1277 3008 mea
1298 2935 1711 3032 longissime
1749 2938 1934 3005 ratio
1966 2933 2449 3032 voluntasque
2475 2933 2604 3006 ab·

476 3044 821 3116 horrebat
838 3045 867 3140 (
884 3069 1325 3141 quamquam
1351 3047 1429 3114 in
1450 3045 1584 3115 hac
1605 3069 1820 3116 causa
1845 3043 2077 3114 multo
2099 3043 2342 3142 plures
2369 3060 2610 3142 partes

479 3154 657 3224 mihi
708 3151 1150 3223 defensionis
1174 3207 1193 3239 ,
1238 3177 1456 3250 quam
1502 3153 1973 3224 accusationis
2000 3207 2019 3242 ,
2065 3157 2463 3254 suscepisse
2499 3158 2606 3225 vi-

556 3345 631 3376 ιο.
657 3327 751 3378 δίο.
776 3331 979 3377 Hotom.
995 3327 1243 3392 placebat,
1270 3327 1500 3377 «Scilicet
1586 3345 1671 3376 nes
1693 3327 1932 3386 audeant,
1956 3344 2124 3378 verum
2137 3316 2382 3394 postulata
2399 3341 2610 3378 tantum-

478 3409 610 3465 βίοις
626 3407 841 3468 Ursino,
863 3406 996 3454 -Sed
1021 3409 1091 3454 sic
1105 3429 1145 3455 n.
1166 3407 1283 3456 ΙΝ.
1300 3409 1354 3454 L.
1586 3407 1736 3455 modo
1759 3409 2012 3474 proferant
2029 3445 2044 3470 ,
2071 3423 2185 3472 (με
2213 3407 2369 3473 ipsine
2394 3410 2612 3458 veritatis

558 3505 577 3536 x
594 3503 637 3536 t.
670 3486 877 3540 Publice.
926 3487 1078 3534 Recte
1114 3487 1309 3550 quidem
1332 3500 1346 3534 ε
1386 3489 1500 3549 quia
1587 3489 1636 3534 vi
1652 3487 1983 3535 accusatione·
2003 3503 2105 3536 eene
2131 3486 2400 3536 videantur.

477 3567 715 3630 Lepidus,
734 3566 923 3630 legibus
944 3575 1133 3612 tantum
1158 3565 1502 3630 interrogatus,
1659 3567 1688 3613 3
1699 3602 1712 3614 .
1728 3567 2098 3615 continenciam
2114 3569 2172 3614 In
2191 3578 2432 3629 questura
2449 3581 2612 3630 quam,

476 3641 685 3693 necdum
711 3647 857 3693 etiam
883 3653 1095 3708 eoepernt
1115 3644 1348 3692 accusari.
1384 3647 1500 3692 Aee.
1587 3645 1825 3694 Pednceo
1853 3657 2076 3710 praetore,
2095 3645 2297 3712 Lilybaei
2327 3657 2552 3710 gesserat.

549 3726 637 3773 lv.
659 3741 704 3772 1.
721 3725 976 3772 Patronus.
992 3723 1272 3781 Marcellos,
1290 3721 1499 3782 scilieet,
1659 3732 1710 3778 4.
1730 3725 1806 3770 De
1823 3723 1942 3771 vita·
1969 3739 2089 3772 meoe
2113 3735 2260 3774 statu.
2279 3727 2356 3772 De
2379 3735 2612 3790 perpetua

478 3803 729 3866 Scipiones
756 3813 805 3849 et
832 3801 1085 3851 Metellos.
1404 3823 1417 3833 ·
1587 3817 1692 3849 mee
1719 3801 2010 3850 defendendi
2037 3813 2085 3850 et
2111 3803 2356 3850 neminem
2383 3817 2614 3850 accusen-

548 3899 597 3928 ο.
616 3881 875 3929 Postulata
892 3879 1179 3928 consulibus.
1200 3879 1433 3943 Pompelo
1451 3891 1502 3929 et
1587 3879 1639 3928 di
1665 3881 2036 3932 consuetudine.
2075 3880 2264 3942 Adjicit
2292 3899 2471 3947 prope,
2499 3881 2613 3946 quia

478 3961 671 4010 Crasso·
696 3961 815 4008 Eam
834 3959 1035 4017 Siculis,
1064 3958 1140 4006 vel
1162 3959 1213 4005 in
1242 3959 1393 4006 tantis
1420 3973 1502 4005 ca·
1589 3975 1750 4008 revera
1771 3976 1874 4008 non
1900 3971 1998 4007 tam
2014 3961 2180 4008 Verris
2196 3971 2450 4009 accusator
2467 3977 2608 4025 quam

474 4039 769 4088 hmitatibus
786 4037 1067 4087 modestiam
1081 4035 1351 4101 affingit‚ut
1364 4037 1497 4102 apud
1585 4041 1761 4088 Siciliae
1789 4051 2022 4104 patronus
2045 4053 2116 4091 eet
2140 4058 2197 4090 ac
2221 4040 2467 4091 defensor.
2488 4039 2608 4088 vid.

478 4121 701 4168 consules
720 4135 823 4167 non
838 4117 1012 4166 liberes
1030 4115 1171 4165 edere
1190 4117 1499 4180 conquestio·
1584 4119 1670 4166 Dii
1685 4155 1696 4167 .
1726 4119 1918 4182 passim.
