2984 4684
496 331 636 456 356
1123 383 1220 451 M.
1271 383 1348 452 T.
1403 379 1986 452 CICERONIS

493 502 838 577 heredem
857 557 878 590 ,
913 501 1304 575 heredesve
1332 506 1731 600 perveniat,
1746 501 1948 601 quod
1981 526 2115 600 per
2144 501 2375 599 legem
2392 506 2643 576 Voco-·

497 618 692 686 niam
728 617 836 698 ei,
883 612 1012 708 qui
1047 635 1308 684 census
1347 614 1476 700 sit,
1528 637 1677 683 non
1713 613 1880 683 licet
1908 612 1971 681 Ῥ
2008 635 2143 684 cur
2176 611 2357 698 hoc,
2396 639 2627 710 quum

491 726 568 794 in
606 721 866 794 eodem
901 745 1164 820 genere
1199 725 1316 809 sit,
1361 747 1513 792 non
1550 723 1811 794 caves?
1851 724 2042 813 Quia
2082 721 2281 794 non³
2306 726 2625 821 generi5‚

489 833 620 906 sed
647 833 960 906 hominis
993 856 1282 904 causam
1322 831 1563 905 verbis
1603 833 2056 930 amplecteris
2093 858 2111 903 ε
2144 848 2231 905 ut
2264 831 2466 906 facile
2496 859 2628 934 ap-

489 959 765 1045 pareat,
792 958 866 1015 te
897 945 1134 1042 pretio
1171 967 1326 1016 esse
1353 957 1819 1014 commotum.
1855 946 2095 1039 Atque
2132 941 2277 1016 hoc
2304 945 2363 1015 si
2392 943 2467 1014 in
2498 967 2628 1042 po-

399 1051 410 1058 ’
483 1071 758 1127 sterum
795 1051 1136 1128 edixisses
1155 1108 1176 1141 ‚
1215 1055 1459 1126 minus
1494 1067 1683 1125 esset
1713 1050 2117 1140 nefarium3
2152 1068 2400 1126 tamen
2437 1069 2629 1125 esset

489 1164 906 1265 improbum
943 1191 960 1234 ε
1023 1163 1150 1238 sed
1203 1177 1364 1235 tum
1409 1165 1805 1263 vituperari
1857 1178 2138 1263 posset,
2189 1168 2269 1236 in
2317 1162 2635 1236 dubiumv

486 1281 736 1348 venire
770 1299 923 1348 non
943 1288 1225 1374 posset3
1263 1297 1483 1346 nemo
1508 1277 1706 1346 enim
1730 1274 2238 1346 committeret.
2275 1277 2495 1347 Nunc
2518 1289 2629 1345 est

489 1386 844 1482 ejusmodi
893 1383 1245 1473 edictum,
1301 1399 1386 1456 ut
1419 1384 1661 1481 quivis
1708 1383 2099 1480 intelligat,
2148 1407 2302 1454 non
2346 1383 2628 1482 populo

487 1511 642 1568 es'se
677 1500 1060 1592 scriptum,
1079 1493 1208 1566 sed
1223 1496 1545 1566 ·P.Annii
1576 1492 1913 1566 secundis
1936 1492 2350 1566 heredibus
2370 1498 2631 1590 Itaque

487 1632 718 1705 quum
747 1632 790 1678 a
823 1622 896 1678 te
925 1609 1187 1704 caput‘*
1219 1603 1404 1677 illud
1421 1620 1571 1677 tam
1598 1604 1845 1678 multis
1874 1604 2149 1692 verbis,
2180 1607 2630 1676 mercenario

486 1717 847 1814 prooemio
866 1770 887 1804 ,
928 1730 1116 1788 esset
1149 1729 1529 1804 ornatum3
1566 1717 1819 1812 ecquis
1854 1729 1965 1786 est
1995 1715 2339 1788 inventus
2377 1729 2629 1812 postea

487 1841 779 1923 praetor,
845 1827 974 1923 qui
1027 1823 1208 1896 illud
1258 1824 1452 1897 idem
1506 1823 1868 1897 ediceret?
1920 1849 2073 1895 non
2140 1823 2364 1897 modo
2404 1850 2630 1898 nemo

487 1934 745 2023 edixit3
777 1933 904 2006 sed
939 1959 1034 2006 ne
1071 1937 1332 2006 metuit
1356 1933 1657 2032 quidem
1694 1935 2080 2032 quisquam
2103 1987 2123 2023 ,
2148 1959 2242 2005 ne
2274 1935 2441 2032 quis
2471 1935 2629 2006 edi·

486 2060 705 2117 ceret.
737 2047 922 2116 Nam
951 2060 1119 2141 post
1149 2059 1222 2116 te
1249 2059 1635 2143 praetorem
1673 2045 1883 2116 multi
1909 2057 2342 2117 testamenta
2368 2044 2631 2118 eodem

488 2153 711 2228 modo
738 2153 1071 2226 fecerunt
1100 2181 1118 2223 τ
1163 2157 1240 2224 in
1273 2153 1386 2225 his
1414 2178 1653 2253 nuper
1689 2155 1946 2226 Annia.
1984 2159 2085 2225 Ea
2114 2153 2205 2226 de
2228 2155 2631 2227 multorum

487 2269 1072 2366 propinquorum
1085 2268 1472 2353 sententia,
1489 2267 1879 2363 pecuniosa
1894 2265 2181 2353 mulier,
2197 2264 2399 2363 quod
2416 2291 2633 2338 censa

489 2402 643 2448 non
669 2391 855 2466 erat,
881 2390 1317 2448 testamento
1355 2373 1527 2447 fecit
1553 2373 1894 2447 heredem
1926 2373 2168 2448 filiam.
2204 2381 2460 2472 ltaque
2488 2377 2633 2449 hoc

488 2509 836 2582 magnum
857 2481 1257 2581 judicium⁵
1297 2483 1685 2556 hominum
1720 2483 1813 2556 de
1855 2486 2063 2556 istius
2106 2485 2449 2582 singulari
2490 2489 2629 2558 im-

487 2594 884 2692 probitate,
927 2593 1132 2692 quod
1157 2599 1418 2666 Verres
1445 2619 1577 2666 sua
1608 2609 1870 2691 sponte
1902 2595 2331 2668 instituisset
2354 2651 2375 2684 ,
2395 2594 2473 2667 id
2506 2622 2633 2669 ne·

487 2706 760 2777 minem
785 2707 1165 2791 metuisse,
1193 2729 1286 2776 ne
1314 2704 1480 2801 quis
1511 2707 1973 2802 reperiretur,
2011 2707 2140 2800 qui
2164 2701 2407 2802 [istius
2436 2707 2632 2788 insti2

487 2812 768 2912 tutum]
815 2815 1024 2911 sequi
1063 2813 1302 2886 vellet.
1351 2814 1560 2886 Solus
1596 2818 1793 2885 enim
1824 2829 1909 2886 tu
1958 2819 2299 2888 inventus
2340 2842 2452 2906 es,
2509 2821 2629 2889 cui

489 2947 648 2994 non
702 2923 869 2993 satis
921 2920 1142 2996 fuerit
1191 2923 1551 3022 corrigere
1602 2924 2015 2996 voluntates
2063 2926 2391 2998 vivorum
2410 2981 2430 3014 ‚
2488 2931 2629 2999 nisi

491 3035 710 3105 etiam
745 3031 1190 3106 rescinderes
1229 3049 1714 3107 mortuorum.
1761 3038 1872 3105 Tu
1912 3036 2071 3134 ipse
2090 3031 2123 3078 ⁶
2158 3061 2249 3108 ex
2280 3036 2629 3112 Siciliensi

489 3323 571 3383 jus
604 3335 862 3370 commune
887 3319 1117 3368 omnibus
1147 3321 1336 3370 civibus
1378 3323 1515 3370 insti·
1601 3325 1724 3388 «qui
1752 3338 1927 3372 census
1956 3339 2059 3373 nou
2081 3325 2172 3384 sit,
2196 3325 2347 3375 lieet?
2368 3347 2395 3369 ι·
2419 3328 2472 3378 J.
2485 3330 2549 3378 V.
2570 3333 2629 3382 1..

491 3411 729 3450 tueretur.
751 3402 820 3448 At
838 3400 1037 3457 Verres,
1061 3415 1215 3464 quum
1239 3402 1294 3450 in
1314 3419 1374 3452 eo
1403 3403 1513 3450 solo
1674 3407 1724 3454 3.
1742 3403 1858 3452 Non
1884 3406 2100 3469 generis.
2114 3408 2231 3458 Nou
2252 3412 2517 3472 generatim
2534 3412 2631 3461 fers

489 3481 648 3545 legem
665 3475 942 3528 Voconiam
977 3477 1043 3527 sit
1081 3491 1341 3543 sequutus,
1373 3481 1515 3546 quod
1600 3485 1775 3550 legem,
1796 3484 1883 3532 sed
1901 3486 1957 3534 t..
1976 3487 2199 3535 Annium
2220 3489 2378 3536 scium
2406 3493 2629 3558 respicis.

489 3559 776 3608 mulieribus
801 3557 1162 3620 adversabatur,
1187 3571 1238 3608 et
1262 3561 1322 3610 de
1344 3560 1515 3626 legatis
1675 3573 1724 3620 4.
1756 3563 1916 3629 Caput
1940 3565 2085 3614 illud.
2120 3567 2215 3614 Hie
2250 3569 2485 3620 articulus
2524 3572 2631 3620 edi·

491 3641 614 3688 nihil
637 3637 846 3687 edeerit
860 3672 875 3697 ,
895 3637 1011 3686 satis
1033 3641 1287 3688 manifeste
1307 3641 1512 3689 eonvin-
1604 3644 1670 3692 cti
1698 3646 1787 3693 tui.

491 3721 620 3767 citur
647 3719 812 3768 dedita
841 3733 992 3782 opera
1021 3729 1072 3767 et
1095 3729 1300 3784 eccepto
1325 3721 1513 3784 pretim
1676 3723 1725 3773 5.
1751 3722 2017 3772 Iudicium.
2054 3725 2407 3790 Argumentum
2428 3729 2631 3792 judicii,

492 3799 706 3846 edietum
749 3813 890 3846 suum
935 3798 1292 3862 composuisse,
1339 3808 1396 3847 ut
1449 3798 1513 3846 ab
1604 3803 1853 3868 opinionis
1876 3802 2109 3868 publice.
2312 3805 2317 3808 ’

492 3877 644 3926 Annii
669 3875 770 3924 fllia
797 3877 859 3924 ad
881 3877 1150 3926 seeundum
1181 3875 1407 3927 heredem
1427 3875 1513 3928 he·
1672 3883 1723 3932 6.
1757 3883 1827 3929 Τιι
1852 3883 1967 3948 ipse.
1990 3883 2125 3932 Illud.
2150 3895 2203 3932 tu
2230 3896 2379 3949 caput
2402 3885 2463 3935 de
2486 3887 2629 3938 here-

491 3956 742 4005 reditstem
761 3955 1052 4004 transferret.
1601 3961 1850 4022 ditatibus,
1864 3964 1916 4010 in
1935 3962 2150 4012 effictum
2168 3964 2305 4028 quod
2320 3969 2629 4031 proposuisti

563 4051 613 4085 η.
635 4035 715 4084 Sic
743 4050 834 4084 uos
864 4045 981 4099 post
1005 4035 1319 4100 ambianum,
1345 4054 1420 4097 re,
1456 4049 1512 4086 ut
1596 4039 1651 4087 in
1672 4041 1833 4088 Sicilia
1852 4053 2058 4105 pretor,
2084 4043 2263 4092 callide
2286 4061 2390 4094 non
2416 4057 2627 4095 transtu-

488 4111 700 4174 videtur‚
728 4113 1006 4180 postulante
1015 4129 1032 4176 ;
1063 4115 1164 4164 fere
1189 4131 1359 4165 omnes
1387 4117 1470 4166 alii
1489 4151 1507 4178 ,
1594 4118 1722 4180 listi,
1763 4130 1813 4169 et
1853 4132 2015 4171 umen
2050 4123 2249 4178 voluisti
2288 4141 2351 4174 ex
2388 4121 2489 4176 hoc
2534 4138 2625 4178 tuo
