2984 4684
406 340 542 411 282
1080 342 1849 414 ARGUMENTUM.

477 482 793 550 praeturam
843 468 1125 529 urbanam
1140 513 1158 543 ,
1202 484 1413 549 quarto
1470 472 1534 529 in
1589 484 1908 551 praeturam
1960 470 2339 531 Siciliensem.
2395 476 2546 533 Nam

478 586 659 645 quum
684 585 885 625 omnes
916 566 1041 645 ejus
1066 578 1229 626 actus
1254 580 1563 647 quatum}
1587 567 1859 640 nomine,
1897 566 2242 645 legationis,
2271 583 2546 647 praturae

478 662 719 723 urbanae
734 708 751 735 ,
780 664 1209 744 Siciliensisque
1241 664 1668 745 quadripartita
1696 664 1983 723 librorum
2008 664 2298 724 divisione
2324 686 2548 744 cogno-—

476 774 749 835 scamni-3
788 774 1051 821 anteacta
1086 760 1213 839 ejus
1242 762 1443 821 omnia
1484 762 1600 821 hoc
1639 760 1794 821 libro
1834 760 2254 841 comprehensa
2299 775 2434 821 sunt
2471 762 2558 821 ad·

480 880 685 920 eorum
709 860 917 932 fidem,
944 880 1077 939 quae
1112 876 1247 942 post
1273 861 1561 921 dicentur.
1595 860 1883 920 Prooemia
1910 880 2048 921 sane
2086 859 2263 938 hujus
2306 860 2442 921 libri
2485 862 2544 919 in

478 958 844 1018 simulatione
867 960 1183 1019 constituta
1208 972 1345 1019 sunt
1360 1002 1377 1029 ,
1407 959 1578 1037 quasi
1605 978 1762 1018 verae
1789 959 2206 1031 accusationis3
2229 958 2292 1017 in
2305 962 2544 1019 Verrem

480 1052 790 1115 audentem
818 1054 1019 1115 adesse
1050 1067 1227 1133 atque
1258 1055 1598 1131 defensum3
1631 1056 1694 1115 in
1733 1055 2148 1115 exhortatione
2177 1054 2442 1135 judicum
2471 1054 2546 1114 ad

480 1166 636 1212 recte
655 1151 1074 1231 judicandum;
1108 1164 1233 1211 tum
1254 1154 1315 1211 in
1344 1154 1514 1213 minis
1545 1168 1752 1215 contra
1777 1154 2176 1229 adversarios5
2201 1164 2262 1212 et
2292 1154 2355 1211 in
2381 1152 2548 1212 exhi-

480 1249 675 1310 benda
706 1252 933 1310 ratione
973 1250 1154 1311 officii
1185 1252 1315 1327 sui,
1356 1274 1462 1311 our
1487 1254 1571 1313 ita
1603 1254 1877 1313 maluerit
1910 1272 2210 1323 accusare,
2257 1264 2324 1311 ut
2359 1252 2550 1330 prima

482 1348 711 1409 actione
743 1361 968 1409 tantum
995 1348 1239 1409 testibus
1262 1362 1546 1409 uteretur.
1578 1354 1724 1424 Quae
1757 1350 1954 1411 omnia
1979 1347 2267 1429 ejusmodi
2289 1361 2452 1421 sunt,
2485 1360 2552 1405 ut

482 1464 603 1504 non
629 1458 746 1505 tam
770 1466 922 1505 nova
948 1446 1143 1506 dicere
1159 1491 1178 1521 ,
1206 1468 1381 1527 quam
1406 1447 1566 1507 dicta
1591 1447 1729 1507 libri
1763 1447 2086 1527 superioris
2111 1448 2432 1505 instaurare
2453 1442 2548 1501 vi-

485 1542 708 1602 deatur.
753 1550 893 1605 Post
938 1543 1063 1604 haec
1112 1545 1307 1604 omnia
1355 1545 1538 1625 ipsius
1577 1546 1876 1607 Ciceronis
1924 1566 2032 1625 per
2075 1544 2334 1605 honores
2353 1540 2554 1603 Verris

486 1660 620 1700 cum
647 1642 983 1703 criminibus
996 1643 1259 1724 junctos»,
1287 1643 1496 1703 divisio
1527 1664 1640 1723 per
1665 1644 1936 1707 ordinem
1967 1644 2171 1705 currit.
