2984 4684
480 339 618 433 546
1249 342 1819 413 ExCURSUS

474 490 818 535 numero...
847 466 1309 556 frequentavit,
1340 488 1414 529 ac
1435 462 1851 553 vectigalibus
1884 458 2161 549 publicis
2196 458 2599 548 plurifariam

474 573 852 655 instruxit-3
897 586 964 635 et
1001 568 1466 653 Paradox.V1,
1512 568 1587 631 3:
1634 588 1821 631 «non
1876 564 2245 655 intelligunt
2299 565 2601 629 homines

473 702 670 769 quam
723 698 1030 767 magnum
1084 678 1168 739 sit
1219 674 1489 765 vectigal
1542 671 1931 763 parsimonia
1960 703 2003 735 ι.
2049 670 2425 760 Vectigalia,
2475 694 2599 761 pro

471 786 660 851 terris
698 782 1114 873 vectigalibus
1157 783 1411 849 Sallust.
1458 780 1826 872 usurpavit,
1868 779 2033 843 Hist.
2068 778 2137 855 1,
2186 801 2325 867 cap.
2366 782 2481 860 14,
2532 794 2600 843 et

467 894 598 959 Cic.
633 893 744 957 lib.
779 891 844 955 11
879 892 944 955 in
968 890 1154 955 Verr.
1191 913 1328 979 oep.
1367 889 1428 954 3.

557 1000 696 1063 Jam
724 1020 879 1061 vero
903 996 1170 1087 singulte
1204 996 1445 1085 species
1477 1016 1641 1083 quas
1672 992 1872 1059 modo
1899 990 2359 1073 indicavimus,
2390 992 2598 1081 expli-

471 1104 708 1169 candae.
747 1108 838 1169 Ac
869 1104 1156 1193 primum
1191 1102 1272 1167 de
1303 1104 1621 1193 portorio,

557 1210 934 1275 Portorium
974 1207 1284 1272 definitur
1321 1209 1387 1271 in
1437 1208 1692 1299 glossis,
1734 1220 1873 1279 τέλος
1906 1217 1954 1267 ἐν
1984 1216 2139 1285 λιμένι
2158 1254 2179 1284 ,
2216 1206 2485 1296 vectigal
2526 1206 2599 1271 in

465 1336 684 1407 portu.
719 1316 900 1381 Sicut
921 1315 1278 1405 portarium
1306 1330 1370 1377 et
1394 1314 1771 1404 pontarium
1795 1312 2121 1401 vectigalia
2153 1312 2335 1379 fuere
2352 1361 2371 1394 ‚
2398 1312 2601 1401 pendi

467 1424 687 1505 solita,
723 1422 1000 1485 maxime
1034 1443 1170 1483 oevo
1221 1420 1563 1497 inferiore,
1612 1420 1677 1482 in
1713 1420 2061 1509 pontibus,
2100 1436 2213 1484 aut
2244 1420 2313 1483 in
2344 1419 2495 1501 viis;
2532 1435 2603 1483 et

463 1532 532 1593 in
571 1523 778 1620 portis
815 1525 1210 1617 oppidorum
1235 1573 1255 1607 ‚
1285 1549 1420 1615 ,pro
1449 1526 1767 1590 mercium
1801 1542 2236 1615 transgressu,
2261 1526 2561 1617 ingressu
2580 1574 2605 1609 ,

463 1654 578 1701 aut
607 1657 888 1725 egressu.

549 1740 920 1806 Portorium
957 1738 1226 1827 vectigal
1259 1736 1635 1801 institutum
1686 1756 1818 1822 est,
1864 1762 2073 1827 quum
2106 1738 2393 1829 primum
2438 1762 2599 1827 por-

459 1864 599 1929 tus»,
631 1848 744 1935 qui
769 1844 1093 1908 mercibus
1122 1840 1503 1931 recipiendis
1532 1859 1857 1931 paterent,
1894 1844 2133 1909 habere
2158 1844 2350 1931 coepit
2381 1866 2605 1932 respu-

457 1952 645 2016 blica.
704 1949 998 2014 Primum
1061 1948 1370 2013 Romanis
1429 1962 1697 2037 portum
1748 1948 1947 2013 Ostiae
2008 1949 2309 2039 patefecit
2360 1952 2603 2016 Roma*-

463 2080 704 2120 norum
754 2077 868 2118 rex
909 2056 1128 2117 Ancus
1174 2050 1470 2115 Martius.
1521 2052 1691 2116 Flor.
1725 2055 1787 2137 I,
1838 2060 1900 2133 4.
1950 2057 2051 2119 An
2099 2054 2291 2119 simul
2329 2056 2599 2145 vectigal

462 2159 787 2225 mercibus
831 2156 1247 2245 imposuerit,
1284 2156 1627 2222 incertum.
1664 2156 1831 2223 Sane
1856 2161 2144 2249 portoria
2177 2160 2301 2225 sub
2335 2161 2600 2254 regibus

455 2268 589 2347 jam
635 2262 975 2328 invaluisse
1023 2262 1350 2353 colligitur
1395 2285 1474 2326 ex
1516 2285 1625 2345 e0,
1668 2263 1851 2353 quod
1882 2266 2050 2331 inter
2076 2264 2421 2332 commoda
2452 2289 2600 2356 quae

461 2370 789 2451 Valerius,
836 2370 1071 2435 exactis
1113 2368 1406 2455 regibus»,
1456 2372 1705 2458 populo
1738 2373 2053 2451 restituit,
2092 2372 2361 2451 sublata,
2384 2374 2465 2440 ab
2516 2396 2607 2442 eo

461 2478 655 2543 etiam
681 2476 968 2565 portoria
992 2473 1192 2539 fuisse
1218 2492 1683 2539 memorantur.
1712 2476 1875 2541 Vide
1911 2476 2091 2565 plura
2119 2477 2293 2567 apud
2324 2479 2457 2543 Liv.
2494 2480 2600 2559 11,

463 2605 524 2668 9.
553 2582 724 2648 Plut.
759 2582 828 2645 in
857 2580 1058 2670 Popl.
1137 2640 1148 2649 ,

551 2688 897 2750 Crescente
945 2683 1184 2749 deinde
1223 2708 1507 2747 romano.
1544 2684 1817 2775 imperio
1860 2708 2066 2773 quum
2111 2688 2205 2764 ad,
2242 2689 2409 2755 bella
2446 2713 2601 2762 con-,-

463 2793 648 2857 tinua
690 2813 967 2880 praesens
1013 2790 1310 2853 aerarium
1355 2812 1497 2873 non·
1526 2790 1883 2875 sufficeret,
1914 2796 2201 2881 portoria
2242 2812 2453 2866 vetera
2502 2820 2604 2861 re-

461 2899 683 2962 stituta
715 2896 1017 2977 fuerunt,
1057 2896 1298 2983 quibus
1335 2913 1563 2983 postea
1604 2919 1769 2960 nova
1802 2898 2135 2963 Gracchus
2166 2899 2433 2979 addidit.
2456 2903 2615 2981 Liv.

459 3002 607 3084 XL,
645 3000 748 3066 51.
768 3000 930 3065 vell:
951 3000 1088 3064 Pat.
1117 3000 1223 3083 11,
1261 3002 1324 3065 6.
1348 3000 1509 3064 Mox
1534 3018 1751 3065 autem
1780 3006 2159 3095 propagatis·
2174 3006 2431 3097 imperii
2454 2992 2604 3075 fini·-

461 3110 618 3189 bus,
651 3108 940 3197 portoria
968 3130 1110 3195 quae
1138 3104 1420 3171 devictas
1455 3106 1635 3195 apud
1681 3124 1905 3198 gentes
1944 3111 2026 3174 ab
2064 3134 2291 3177 earum
2330 3114 2613 3203 regibus.

455 3216 587 3295 jam
613 3228 802 3279 antea
831 3213 998 3301 exigi
1033 3211 1359 3291 solebant,
1405 3211 1687 3275 Romani
1712 3214 2019 3296 victores,
2048 3216 2147 3281 vel
2182 3219 2367 3298 novis
2402 3220 2612 3295 etiam,

459 3316 694 3383 additis
726 3318 850 3381 sibi
877 3333 1323 3380 exercuerunt.
1353 3316 1460 3380 Sic
1499 3318 1945 3405 portoriorum·
1974 3334 2151 3385 extra
2185 3324 2437 3396 Italiam
2470 3324 2610 3396 late,

447 3424 708 3513 ,patenti
762 3423 832 3487 in
879 3422 1152 3513 imperio
1201 3421 1430 3514 ingens
1480 3446 1795 3489 numerus
1844 3427 2052 3493 factus
2102 3444 2222 3494 est.
2278 3431 2355 3495 In
2412 3430 2600 3500 Italia

463 3528 884 3596 nihilominus
941 3527 1396 3617 exigebantur,
1447 3527 1661 3593 donec
1710 3531 1928 3600 omnia
1991 3535 2252 3600 sustulit
2306 3536 2599 3619 Quintus

465 3636 757 3699 Caecilius
787 3634 1086 3699 Metellus
1117 3650 1372 3721 praetor,
1405 3632 1548 3723 lege
1574 3634 1700 3697 lata
1724 3658 1898 3700 anno
1919 3638 2125 3710 Urbis⁷
2138 3640 2417 3713 conditae
2430 3640 2593 3727 693.

459 3741 617 3821 Dio,
641 3740 980 3803 XXXVII.
1023 3740 1232 3803 Causa
1271 3754 1490 3803 autem
1540 3738 1805 3805 tollendi
1847 3742 1973 3806 fuit
2014 3730 2149 3810 non
2202 3747 2401 3835 ipsius
2448 3770 2599 3837 por-

462 3847 611 3911 torii
641 3868 850 3927 onus3
887 3868 1098 3933 neque
1125 3842 1275 3907 ideo
1298 3846 1448 3932 quia
1473 3846 1766 3911 aerarium
1791 3849 1911 3913 Cn.
1943 3850 2314 3939 Pompeius,
2346 3854 2597 3943 ingenti

458 3949 523 4014 vi
559 3948 850 4039 pecuniae
895 3950 958 4011 in
994 3948 1062 4012 id
1093 3949 1264 4022 illata
1296 3950 1780 4041 locupletasset3
1815 3952 1929 4026 sed
1964 3956 2115 4051 quia
2155 3960 2612 4046 «portitorum,

459 4046 710 4153 injjuriaej
744 4056 1038 4121 ulterius.
1064 4056 1214 4119 ferri
1251 4078 1382 4121 non
1420 4075 1685 4145 possent
1700 4040 1915 4139 ».·i4e'x
1952 4062 2199 4141 Caecilia
2231 4044 2589 4159 gratissima
