2984 4684
433 393 578 479 604
1223 396 1783 465 APPENDIX

431 512 762 579 deferendi
801 516 1084 579 nominis
1121 533 1186 580 et
1217 517 1583 581 accusandi.
1612 517 1839 579 Cicero
1875 516 1941 577 in
1982 515 2193 579 Divin.
2226 540 2363 605 oep.
2396 516 2471 581 15
2500 532 2573 581 et

441 621 538 685 16.
563 620 1047 710 Subscriptores
1069 620 1298 687 definit
1321 624 1644 687 Asconius
1658 670 1679 702 ,
1702 618 2063 685 causidicos
2080 668 2099 703 ,
2123 622 2239 709 qui
2266 620 2573 702 adjuvare

429 740 870 789 accusatorem
915 725 1218 792 solerent.
1265 729 1492 814 Itaque
1527 726 1600 789 hi
1644 728 1914 790 fuerunt
1948 742 2353 790 accusatores
2387 726 2575 813 quasi

430 830 735 913 secundi,
763 834 876 921 qui
905 848 970 898 et
1001 834 1124 922 ipsi
1153 834 1278 898 hac
1303 834 1787 921 subscriptione
1818 848 2123 897 testatum
2158 833 2483 898 faciebant
2502 856 2575 897 se

428 938 814 1001 accusatoris
844 939 1130 1026 primarii
1163 938 1404 1004 factum
1443 939 1764 1027 probare:
1820 960 2021 1027 seque
2070 938 2245 1026 ipsos
2288 939 2573 1003 voluisse

347 1066 350 1069 ’
429 1064 728 1109 accusare
747 1093 766 1127 ,
803 1045 922 1109 nisi
971 1046 1085 1109 has
1118 1062 1330 1135 partes
1365 1046 1472 1109 ille
1510 1045 1631 1110 sibi
1664 1046 2061 1135 sumpsisset.
2099 1045 2405 1127 Quatuor
2442 1068 2570 1109 nu·

433 1171 614 1213 mero
651 1151 850 1219 fuisse
885 1152 1359 1241 subscriptores
1385 1169 1675 1241 apparet.

505 1255 614 1331 ‚Ex
657 1255 954 1343 pluribus
998 1274 1218 1322 autem
1265 1257 1601 1322 Ciceronis
1644 1254 1839 1337 locis,
1884 1254 2195 1320 discimus
2241 1255 2567 1321 inferioris

431 1374 602 1425 notae
633 1360 994 1427 causidicos
1025 1362 1156 1428 hoc
1187 1364 1466 1427 ambisse
1502 1384 1782 1444 munus,
1812 1362 1944 1442 vel,
1972 1377 2049 1426 ut
2090 1362 2157 1423 in
2196 1361 2417 1451 aliquo
2454 1384 2570 1425 no-

431 1464 608 1529 mine
639 1482 890 1549 essent,
939 1483 1006 1532 et
1037 1465 1488 1533 industriolam
1518 1490 1703 1531 suam
1736 1468 1983 1556 populo
2006 1466 2572 1549 commendarent3

426 1571 565 1652 vel,
608 1572 758 1660 quia
793 1574 1044 1663 magnis
1077 1576 1446 1640 oratoribus
1477 1574 1933 1640 accusantibus
1958 1622 1977 1655 ,
2022 1594 2169 1661 spes
2216 1590 2354 1637 erat
2394 1588 2565 1637 certa

427 1679 744 1757 victorioe‚
785 1679 944 1744 dum
977 1680 1099 1745 illis
1131 1682 1651 1763 subscriberent,
1681 1696 1795 1745 aut
1820 1678 2039 1769 gloriae
2068 1678 2425 1768 pauxillum
2454 1700 2573 1742 au-

427 1786 874 1875 cupabantur3
907 1804 1021 1853 ant
1053 1790 1248 1854 etiam
1275 1805 1527 1878 partem
1553 1788 1833 1878 praemii,
1873 1786 2057 1875 quod
2082 1787 2439 1852 victoribus
2472 1787 2573 1851 lex

433 1889 644 1957 dabat.

527 1999 770 2066 Praeter
804 2000 1278 2091 subscriptores
1295 2050 1313 2083 ,
1351 2016 1572 2065 custos
1610 2001 1803 2065 etiam
1847 2022 1924 2064 ex
1958 2000 2099 2091 lege
2124 2000 2575 2089 apponebatur

428 2106 784 2169 accusatori
801 2154 821 2187 ,
857 2108 972 2194 qui
1009 2107 1378 2171 observaret
1409 2128 1488 2170 ex
1516 2130 1597 2171 eo
1628 2105 1734 2170 die
1753 2154 1773 2189 ,
1797 2128 1931 2194 quo
1956 2105 2207 2170 delatus
2232 2122 2367 2169 erat
2395 2128 2571 2185 reus,

429 2210 730 2297 usquein
763 2209 936 2275 diem
961 2234 1092 2299 qua
1119 2234 1311 2277 causa
1338 2212 1688 2294 diceretur,
1712 2209 1871 2299 quid
1898 2212 2007 2276 ille
2034 2227 2283 2301 ageret;
2314 2232 2440 2297 qua
2470 2212 2573 2274 via

431 2316 771 2382 moliretur
793 2320 1300 2403 accusationem,
1331 2321 1575 2408 quibus
1606 2319 1819 2384 modis
1852 2342 1993 2383 eam
2029 2318 2414 2382 instrueret:
2450 2316 2573 2381 do·

431 2424 693 2506 lumne,
728 2442 793 2489 et
827 2428 1294 2514 corruptelam,
1334 2444 1447 2491 aut
1475 2427 1795 2492 ambitum
1822 2448 1961 2489 non
1987 2424 2389 2489 admisceret.

521 2530 808 2619 Recepto
844 2532 936 2595 rei
969 2535 1267 2606 nomine,
1300 2533 1430 2599 hoc
1463 2550 1598 2614 est,
1632 2533 1701 2595 in
1748 2532 2001 2595 tabulas
2046 2531 2339 2618 praetoris
2372 2530 2572 2594 relato

430 2636 697 2700 nomine
729 2638 866 2717 ejus
896 2640 1008 2727 qui
1041 2656 1178 2703 erat
1211 2638 1613 2703 accusandus
1636 2688 1654 2721 ‚
1688 2654 1925 2726 praetor
1944 2652 2185 2701 certam
2211 2634 2415 2718 diem,
2443 2659 2573 2723 qua

431 2760 770 2807 accusator
819 2761 884 2808 et
939 2768 1086 2809 reus
1135 2745 1218 2810 ad
1265 2744 1589 2825 judicium
1638 2745 1974 2825 adessent,
2017 2742 2475 2807 constituebat.
2510 2742 2572 2805 Is

433 2847 568 2913 dies
600 2849 670 2913 in
701 2850 838 2914 aliis
873 2850 1256 2915 criminibus
1299 2868 1438 2917 erat
1483 2850 1820 2933 decimus3
1872 2850 1943 2913 in
1994 2848 2130 2911 aliis
2178 2849 2569 2937 trigesimus.

429 2956 509 3018 In
540 2956 808 3021 crimine
839 2972 1058 3021 autem
1089 2956 1601 3047 repetundarum
1632 2972 1969 3021 aecusator
1994 2938 2169 3019 diem
2202 2954 2573 3042 longiorem

433 3060 516 3125 ad
545 3062 1011 3150 inquirendum
1039 3064 1323 3152 petebat.

517 3168 744 3233 Cicero
789 3170 1230 3258 inquisitionis
1286 3172 1358 3234 in
1407 3170 1689 3235 Siciliam
1736 3167 1873 3233 dies
1918 3184 2183 3233 centum
2234 3182 2299 3231 et
2346 3166 2571 3231 decem

429 3275 784 3363 postulavit
811 3298 828 3341 τ
880 3277 1122 3364 quibus
1170 3277 1527 3365 impetratis
1562 3277 1703 3365 lege
1739 3274 2037 3364 praetoria
2074 3290 2277 3338 totam
2314 3274 2577 3361 provin-

427 3382 594 3445 ciam
629 3381 1006 3471 colligendis
1037 3384 1240 3449 literis
1265 3384 1332 3449 in
1365 3384 1438 3447 C.
1459 3383 1727 3447 Verrem
1749 3432 1767 3467 ,
1814 3399 1881 3447 et
1908 3380 2373 3445 denuntiandis
2402 3379 2576 3443 testi·

429 3487 665 3551 moniis
682 3535 701 3568 ,
729 3492 1106 3577 peragravit.
1137 3488 1382 3575 Eadem
1412 3488 1555 3577 lege
1579 3488 1881 3577 praitoria
1899 3502 2183 3576 potestas
2212 3484 2573 3549 accusatori

431 3590 706 3657 dabatur
743 3594 962 3657 omnia
1005 3617 1141 3658 non
1183 3594 1385 3659 modo
1427 3596 1687 3667 Roma,
1724 3592 1837 3657 sed
1881 3594 2075 3656 etiam
2116 3594 2183 3655 in
2222 3590 2574 3681 provinciis

433 3697 855 3787 obsignandi,
889 3720 964 3764 ac
993 3698 1404 3789 deportandi,
1437 3722 1583 3788 quae
1614 3697 1695 3763 ad
1722 3696 2189 3763 instituendam
2214 3694 2575 3761 accusatio-

433 3825 588 3867 nem
623 3806 948 3891 pertinere
979 3806 1418 3871 arbitraretur.

519 3910 772 3975 Interea
805 3912 892 3995 is,
937 3914 1122 3994 cujus
1149 3936 1392 3980 nomen
1424 3930 1763 4002 receptum
1796 3914 1969 3977 inter
1998 3934 2145 3976 reos
2180 3912 2425 3993 fuerat,
2456 3932 2574 3997 pa-

431 4032 658 4079 tronos
701 4019 1010 4104 quaesivit.
1055 4022 1154 4084 De
1189 4019 1479 4108 patronis
1518 4019 1742 4083 scribit
1780 4018 2098 4083 Asconius
2145 4032 2299 4081 ante
2329 4014 2573 4103 bellum

431 4122 614 4186 civile
649 4122 913 4187 Caesaris
945 4148 1094 4190 raro
1127 4148 1523 4214 quemquam
1558 4126 1852 4212 pluribus
1870 4173 1888 4208 ,
1916 4146 2113 4213 quam
2141 4140 2429 4211 quatuor
2456 4144 2576 4209 pa·
