2984 4684
696 388 810 460 IN
859 388 947 477 Q.
1001 390 1547 463 cAEcleM
1596 392 2176 465 DIVINATIO.
2352 416 2487 465 ,οι

365 507 800 609 platoribuS,
832 533 1020 607 quos
1063 535 1218 581 non
1261 512 1418 583 sine
1453 536 1667 586 causa
1707 516 2149 613 contempsit
2184 538 2496 613 semper,

367 646 452 691 ac
487 645 625 719 pro
665 620 896 690 nihilo
944 625 1258 718 putavit,
1299 624 1685 695 accusandi
1722 624 2057 697 voluntas
2081 635 2138 670 ‘¹
2180 624 2271 697 ad
2308 626 2501 697 viros

367 728 594 802 fortes
614 784 635 818 ,
681 744 1190 828 spectatosque
1225 731 1563 805 homines
1606 735 1945 807 translata
1978 740 2103 825 sit,
2146 760 2223 809 se
2258 736 2337 807 in
2379 736 2499 831 ju·-

369 841 567 914 diciis
611 840 1046 912 dominari¹²
1093 864 1246 913 non
1291 866 1529 940 posse.

461 954 650 1024 VIII.
685 955 872 1022 Huic
897 974 1034 1049 ego
1061 951 1344 1023 homini
1371 952 1521 1047 jam
1550 966 1717 1024 ante
1760 951 2115 1025 denuntio
2142 1008 2163 1039 ,
2201 960 2263 1027 si
2302 980 2345 1026 a
2382 980 2501 1028 me

369 1086 658 1135 causam
694 1062 882 1133 hanc
925 1085 1055 1133 vos
1085 1063 1203 1157 agi
1247 1062 1655 1151 volueritis,
1707 1066 2067 1135 rationem
2105 1063 2209 1135 illi
2245 1063 2497 1137 defen-

369 1169 588 1243 dendi
613 1184 838 1242 totam
867 1194 1019 1243 esse
1045 1172 1505 1262 mutandam;
1534 1189 1608 1246 et
1640 1178 1737 1245 ita
1762 1187 2007 1245 tamen
2041 1174 2499 1261 mutandam,

368 1294 454 1351 ut
469 1280 764 1352 meliore
787 1294 862 1351 et
886 1280 1304 1354 honestiore
1322 1282 1745 1355 conditione
1773 1288 1866 1355 sit
1885 1337 1906 1371 ,
1930 1308 2151 1382 quam
2170 1310 2316 1381 qua
2344 1286 2499 1383 ipse

370 1414 524 1463 esse
549 1391 740 1479 vult;
781 1405 866 1462 ut
899 1394 1222 1463 imitetur
1263 1393 1597 1465 homines
1638 1418 1806 1481 eoS,
1845 1418 2032 1491 quos
2078 1397 2237 1493 ipse
2280 1395 2497 1483 vidit,

371 1500 879 1599 amplissimos,
925 1505 1006 1573 L.
1036 1504 1376 1573 Crassum
1417 1516 1491 1575 et
1528 1505 1627 1573 M.
1650 1506 2129 1592 Antonium13
2168 1510 2297 1603 qui
2324 1505 2507 1576 nihil

376 1633 455 1681 se
483 1608 1024 1685 arbitrabantur
1053 1612 1146 1684 ad
1164 1612 1436 1707 judicia
1464 1639 1861 1713 causasque
1880 1618 2302 1702 amicorum,
2319 1642 2507 1716 prae-

375 1734 490 1793 ter
525 1718 748 1794 fidem
786 1736 860 1795 et
901 1724 1314 1821 ingenium,
1359 1722 1620 1797 afferre
1664 1740 2027 1823 oportere.
2084 1726 2282 1799 Nihil
2332 1732 2509 1815 erit,

372 1830 570 1929 quod
591 1887 614 1920 ,
647 1858 766 1904 me
810 1848 1068 1933 agente
1088 1888 1110 1923 ,
1171 1834 1601 1924 arbitretur,
1647 1836 2005 1931 judicium
2042 1840 2197 1909 sine
2240 1861 2505 1935 magno

371 1941 770 2013 multorum
805 1942 1134 2041 periculo
1169 1969 1384 2043 posse
1424 1951 1819 2045 corrumpi.
1878 1952 2032 2045 Ego
2080 1950 2156 2017 in
2201 1946 2345 2019 hoc
2382 1948 2505 2043 ju·-

371 2051 558 2124 dicio
589 2054 769 2125 mihi
812 2055 1216 2128 Siculorum
1266 2082 1555 2131 causam
1594 2072 1958 2157 receptam
1982 2068 2039 2146 ²,
2080 2058 2337 2157 populi
2382 2084 2507 2130 ro·-

369 2165 567 2235 mani
581 2180 986 2263 susceptam
1010 2190 1162 2239 esse
1181 2165 1496 2238 arbitror
1525 2194 1542 2235 :
1574 2182 1657 2238 ut
1682 2168 1860 2261 mihi
1880 2192 2033 2239 non
2060 2192 2254 2239 unus
2280 2167 2505 2238 homo

371 2274 746 2373 improbus
774 2276 1296 2375 opprimendus
1326 2278 1454 2365 sit,
1487 2276 1565 2347 id
1587 2278 1788 2375 quod
1817 2276 2038 2350 Siculi
2062 2282 2506 2377 petiverunt,

373 2385 496 2456 sed
528 2388 830 2457 omnino
867 2385 1146 2459 omnis³
1184 2387 1608 2486 improbitas
1632 2442 1653 2476 ,
1688 2388 1764 2458 id
1799 2388 2002 2487 quod
2034 2389 2353 2488 populus
2396 2414 2511 2460 ro-

371 2520 629 2568 manus
673 2497 953 2593 jamdiu
995 2498 1309 2597 flagitat,
1365 2500 1891 2597 exstinguenda
1934 2514 2155 2596 atque
2203 2499 2511 2572 delenda

373 2608 482 2677 sit.
521 2611 610 2677 In
650 2632 802 2705 quo
839 2632 975 2706 ego
1010 2609 1189 2707 quid
1231 2611 1446 2699 eniti,
1483 2625 1611 2681 aut
1646 2609 1825 2706 quid
1862 2608 2149 2682 efficere
2192 2614 2465 2707 possim
2486 2667 2508 2699 ‚

373 2717 563 2789 malo
613 2717 690 2789 in
733 2718 1044 2791 aliorum
1093 2743 1222 2819 spe
1275 2719 1730 2817 relinquere,
1784 2742 2007 2817 quam
2048 2719 2124 2789 in
2178 2722 2509 2790 oratione

375 2849 534 2899 mea
573 2852 869 2926 ponere.

373 3086 560 3142 purtem
607 3078 1046 3143 consequebantur.
1083 3077 1202 3129 vid.
1245 3080 1393 3129 Rone.

375 3157 544 3207 Amet.
573 3174 682 3223 cup.
705 3172 772 3207 ao
787 3191 804 3217 ,
830 3168 938 3207 not.
963 3174 1007 3207 1.

1483 3080 1705 3129 Verrinae
1734 3076 1987 3137 secunde,
2019 3088 2070 3127 et
2087 3078 2287 3127 initium
2306 3078 2511 3142 quinte.

1557 3174 1609 3207 a.
1664 3160 1937 3225 Receptam.
1999 3156 2270 3225 Recioimus
2318 3159 2512 3222 rogati3

449 3252 471 3283 1
484 3238 679 3285 1.Unus
697 3235 810 3289 cod.
825 3238 1076 3301 voluptas,
1094 3238 1234 3304 quod
1251 3236 1398 3285 Facio

375 3314 518 3363 nimis
539 3316 718 3380 placet.
753 3318 878 3365 LV.
900 3319 958 3366 1..

449 3408 531 3442 η.
551 3394 774 3443 Lambin.
791 3413 820 3445 e
845 3396 959 3445 eod.
976 3396 1241 3458 Cuiacinno
1261 3412 1396 3446 rece·

375 3472 478 3535 pit,
513 3496 538 3515 a
557 3472 800 3523 dominari
833 3475 1020 3524 diutim
1055 3492 1158 3524 non
1189 3492 1336 3541 porse
1351 3498 1394 3525 n.

374 3553 506 3601 LV.
532 3555 592 3603 1..
621 3580 694 3591 -
724 3555 987 3604 Dominari
1011 3556 1066 3603 in
1083 3554 1288 3621 judiciis
1318 3566 1394 3605 eet

374 3644 430 3677 en
461 3630 526 3678 nd
557 3643 734 3681 nutum
767 3634 962 3683 flectere
995 3646 1047 3683 et
1086 3650 1396 3699 permovere,

373 3708 478 3757 sive
518 3714 726 3774 pecunia
749 3746 768 3773 ,
809 3712 914 3763 nive
954 3712 1257 3777 eloquentia,
1293 3714 1398 3762 eive

371 3787 478 3836 aliie
498 3789 702 3841 artibus.

441 3869 582 3918 Vm.
618 3886 668 3919 x.
710 3874 762 3921 L.
793 3876 1018 3925 Crassum
1055 3883 1106 3920 ee
1137 3874 1210 3921 u.
1245 3875 1398 3921 Aneo-

373 3946 526 3996 nium.
553 3952 630 3998 De
653 3949 752 3999 illis
774 3951 1099 4001 disertissimis
1119 3952 1396 4001 oratoribus

373 4025 455 4073 ndi
482 4026 546 4075 de
573 4030 782 4079 Oratore
807 4030 962 4079 libros
987 4031 1074 4096 qui
1101 4047 1268 4080 eorum
1293 4031 1400 4081 lau·

375 4104 520 4155 dibus
549 4118 666 4159 eunt
691 4108 844 4175 pleni.
869 4110 1054 4161 Confer
1073 4111 1220 4161 enm
1247 4110 1396 4161 {inem

1483 3239 1768 3305 suscipimus
1814 3238 1963 3287 ultro.
2008 3238 2089 3287 Sic
2134 3240 2187 3285 in
2230 3252 2333 3301 seq.
2379 3247 2509 3286 ont.

1485 3342 1513 3362 ιι
1529 3334 1623 3383 ego
1653 3334 1805 3383 quum
1838 3316 1967 3365 hane
2008 3332 2201 3365 caueam
2234 3315 2511 3365 Siculorum

1485 3408 1661 3462 rogatu
1680 3398 1967 3461 recepissem
1981 3430 1998 3456 ,
2032 3408 2136 3445 tum
2164 3406 2393 3459 suscepto
2418 3410 2509 3442 ne·

1483 3479 1646 3542 gotio,
1673 3478 1829 3537 majus
1862 3474 1985 3524 mihi
2017 3475 2285 3539 quidquam
2322 3490 2511 3538 propo·

1483 3556 1595 3604 sui·
1612 3590 1625 3603 .
1654 3556 1941 3620 Suseepernt
1964 3564 2127 3601 nutem
2153 3553 2309 3617 reipsa
2337 3552 2513 3621 Cicero

1484 3635 1667 3701 populi
1701 3650 1831 3683 rom.
1864 3647 2087 3691 musam,
2123 3646 2275 3695 quum
2309 3632 2511 3693 iudiciis

1484 3716 1587 3763 vim
1617 3730 1751 3764 suam
1788 3728 1847 3761 ac
1878 3711 2223 3761 auctorit-tem
2258 3713 2511 3762 restituere

1483 3794 1657 3843 vellet.

1558 3874 1611 3922 3.
1636 3872 1791 3921 Abest
1815 3868 1973 3919 omnis
2001 3887 2030 3918 ι
2051 3872 2217 3920 Groev.
2244 3880 2295 3919 et
2316 3872 2511 3920 Ernest-

1483 3956 1537 4003 J.
1554 3956 1619 4001 V.
1640 3950 1973 4015 L.—-Optime
2000 3950 2215 4013 explicat
2236 3952 2512 4010 Asconius,

1482 4030 1746 4097 significari
1796 4040 1846 4079 et
1895 4040 2158 4094 corruptos
2195 4029 2414 4093 judices,
2462 4042 2515 4079 et
2565 4081 2573 4087 ,

1483 4122 1798 4177 corruptores
1823 4124 1993 4160 eorum
2008 4144 2023 4173 ,
2060 4120 2111 4159 et
2136 4122 2432 4174 aqueum,
2460 4120 2513 4159 et
