2984 4684
695 420 836 493 ΒΕ
880 422 1402 494 PRAETORE
1452 422 2195 493 PROVINCIAM.
2378 402 2517 515 539

379 544 818 633 suspicionem
864 566 982 634 per
1025 544 1340 633 quosdam
1393 544 1697 611 beneficii
1752 544 1853 608 sui
1905 544 2321 608 centuriones
2344 572 2370 599 n
2388 591 2405 625 ,
2449 540 2517 604 id

381 666 498 733 est,
521 674 690 740 quos
719 653 858 740 ipse
884 652 967 717 ad
989 654 1529 719 'centurionatum
1557 666 1992 742 promoverat.
2009 652 2095 715 Hi
2129 650 2285 715 tales
2318 648 2523 713 bene-

379 756 604 823 ficiarii
637 760 1064 847 appellantur.

467 864 674 929 Porro
709 865 977 930 comites
1014 866 1503 956 magistratuum
1536 888 1613 930 ex
1640 863 1911 930 cohorte
1947 864 2248 952 praetoria
2276 860 2525 926 defere-

381 970 642 1053 bantur,
668 994 802 1035 non
833 987 906 1036 ut
935 970 1326 1037 beneficiarii
1354 973 1591 1037 milites
1611 986 2005 1052 crearentur,
2022 967 2137 1033 sed
2162 968 2433 1032 honoris
2456 982 2523 1033 et

377 1076 964 1142 commendationis
985 1100 1196 1161 causa,
1229 1093 1306 1142 ut
1330 1079 1384 1143 is
1415 1077 1631 1143 honos
1660 1078 1751 1142 eis
1774 1072 2125 1165 aliquando
2153 1071 2521 1163 prodesset,

377 1197 498 1247 aut
533 1182 604 1246 in
647 1182 1014 1249 honoribus
1053 1184 1529 1273 consequendis
1548 1234 1565 1268 ‚
1614 1200 1730 1249 aut
1757 1182 2061 1273 periculis
2094 1179 2516 1245 declinandis.
2591 1224 2593 1227 >

380 1289 552 1378 Lips.
571 1288 657 1354 ad
673 1290 825 1357 Tac.
849 1292 1012 1357 Hist.
1029 1291 1142 1374 IV,
1161 1315 1217 1356 c.
1239 1292 1344 1371 48.

470 1395 562 1459 Ut
582 1395 991 1485 praesidibuS,
1019 1398 1136 1485 qui
1161 1397 1332 1461 bene
1354 1420 1424 1463 se
1445 1398 1513 1461 in
1542 1396 1873 1486 provincia
1896 1394 2243 1485 gessissent
2258 1441 2277 1474 ,
2305 1392 2525 1481 magni

381 1500 626 1568 ibidem
657 1520 724 1569 et
751 1503 822 1567 in
859 1504 1039 1569 Urbe
1067 1503 1354 1569 honores
1389 1520 1549 1569 sunt
1578 1504 1822 1585 habiti3
1862 1503 1953 1567 sic
1980 1518 2207 1565 contra
2228 1548 2245 1581 ,
2280 1499 2331 1563 si
2366 1497 2526 1585 quid

382 1606 840 1695 deliquissent,
864 1608 1186 1689 judicium
1207 1632 1286 1673 ex
1314 1610 1571 1700 legibus
1605 1609 1825 1673 subire
1840 1606 2261 1688 jubebantur.
2290 1603 2527 1667 Tribus

383 1730 601 1778 autem
619 1716 1088 1803 quaestionibus
1110 1716 1525 1806 potissimum
1545 1716 1817 1780 fuerunt
1834 1712 2139 1793 obnoxii3
2168 1709 2497 1799 peculatus
2511 1758 2531 1789 ,

386 1821 442 1885 si
468 1820 783 1911 praedam,
804 1838 918 1887 aut
941 1822 1286 1911 pecuniam
1309 1822 1640 1911 publicam
1672 1819 2079 1899 avertissent3
2114 1839 2249 1904 quo
2278 1814 2529 1895 judicio

387 1927 582 1992 etiam
626 1944 1014 2018 quaestores,
1063 1929 1254 2018 legati
1273 1978 1292 2011 ,
1346 1926 1572 1993 scribae
1615 1949 1841 1991 eorum
1883 1923 2175 1990 obstricti
2220 1924 2528 1986 fuerunt:

390 2035 735 2115 majestatis
750 2082 771 2115 ,
805 2036 857 2099 si
881 2051 994 2099 aut
1020 2035 1397 2118 exercitum,
1418 2050 1533 2099 aut
1564 2032 1964 2123 provinciam
1996 2030 2173 2095 hosti
2206 2026 2530 2118 prodidis-

389 2156 568 2220 sent3
602 2157 716 2206 aut
739 2140 914 2206 ultro
931 2140 1288 2206 exercitum
1310 2163 1347 2205 e
1374 2138 1706 2229 provincia
1724 2136 2129 2218 eduxissent3
2154 2151 2267 2200 aut
2282 2133 2531 2198 bellum

387 2246 530 2311 sine
572 2247 1138 2311 senatusconsulto
1185 2246 1601 2311 intulissent:
1653 2242 2164 2332 repetundarum
2183 2289 2202 2324 ,
2247 2242 2302 2304 si
2354 2263 2423 2303 se
2462 2239 2531 2302 in

390 2354 602 2417 socios
629 2368 745 2416 aut
771 2375 979 2433 avare,
1005 2367 1120 2417 aut
1144 2352 1446 2441 superbe,
1480 2367 1595 2416 aut
1625 2350 1993 2431 libidinose,
2019 2365 2134 2412 aut
2163 2346 2532 2426 crudeliter,

390 2472 506 2522 aut
537 2457 776 2537 injuste
808 2458 1177 2546 gessissent.

477 2563 614 2627 Lex
644 2560 726 2626 de
759 2560 1132 2649 repetundis
1165 2560 1446 2625 maxime
1471 2559 1721 2625 socialis
1749 2560 1913 2651 fuit3
1947 2581 2021 2622 ea
2052 2557 2531 2646 provinciarum

391 2669 563 2734 salus
601 2667 1060 2733 continebatur
1092 2690 1108 2731 :
1143 2689 1216 2731 ea
1246 2667 1556 2755 postulati
1589 2664 1889 2753 plurimi,
1924 2664 2233 2745 damnati,
2262 2660 2536 2726 florente

392 2775 721 2864 republica
738 2821 757 2856 ,
789 2773 976 2837 multi
995 2820 1014 2855 ,
1050 2773 1240 2862 pauci
1271 2772 1552 2836 absoluti
1586 2786 1760 2836 sunt.

483 2882 682 2945 Initio
720 2880 1000 2945 diximus
1033 2896 1421 2967 quaestorem
1459 2878 1657 2942 fuisse
1706 2877 1905 2941 alium
1951 2876 2298 2965 provinciae
2332 2875 2537 2964 magi-

395 3000 666 3049 stratum
685 3031 704 3066 ,
727 2998 922 3070 atque
945 2996 1298 3070 separatam
1323 2980 1522 3045 fuisse
1552 2980 1711 3060 eju5‚
1736 2995 1801 3042 et
1817 2978 2102 3067 praesidis
2129 2992 2537 3067 potestatem,

395 3084 572 3174 apud
598 3107 795 3173 quem
827 3108 960 3149 non
995 3083 1277 3164 asseclae,
1305 3080 1418 3146 sed
1450 3080 1565 3146 filii
1597 3081 1817 3146 locum
1851 3081 2154 3145 obtinuit.
2180 3081 2377 3146 Nunc
2400 3079 2539 3143 reli-

398 3209 604 3274 quum
637 3203 734 3251 est
761 3203 836 3251 ut
867 3210 1013 3275 quae
1043 3184 1125 3250 ad
1151 3208 1302 3249 eum
1334 3185 1700 3272 pertinent,
1722 3184 1941 3273 paucis
1974 3183 2331 3273 expediam.
2356 3182 2541 3264 Quo-

399 3292 572 3357 niam
592 3309 876 3381 quaestor
894 3316 1062 3381 saepe
1093 3292 1230 3357 sine
1253 3314 1375 3357 suo
1395 3308 1668 3380 praetore
1691 3292 1757 3355 in
1778 3290 2175 3380 provinciam
2208 3290 2538 3377 profectus

397 3415 517 3481 est,
553 3421 719 3488 saepe
765 3400 958 3464 etiam
1002 3422 1140 3463 non
1182 3397 1358 3463 idem
1403 3398 1729 3487 quaestorii
1777 3397 2067 3462 muneris
2104 3394 2377 3461 ineundi
2412 3394 2540 3458 fuit

399 3504 574 3587 dies»,
609 3527 683 3569 ac
713 3505 1015 3594 praetorii.
1047 3502 1247 3590 Quod
1285 3505 1400 3569 ubi
1435 3506 1687 3587 evenit,
1720 3505 1917 3569 simul
1951 3502 2114 3568 illud
2148 3502 2341 3567 etiam
2378 3523 2539 3565 con-

399 3612 544 3700 tigit
578 3628 655 3676 ut
687 3610 853 3676 duos
890 3628 1240 3700 quaestores
1276 3633 1511 3700 praeses
1544 3634 1717 3675 unus
1755 3609 1985 3676 eodem
2022 3631 2197 3673 anno
2240 3622 2353 3672 aut
2388 3628 2541 3671 sane

399 3717 614 3805 aliqua
638 3733 818 3805 parte
850 3717 1003 3781 anni
1034 3715 1372 3799 habuerit3
1406 3734 1484 3781 ut
1520 3718 1746 3782 Cicero
1771 3710 2015 3781 Rufum
2054 3731 2117 3779 et
2144 3714 2411 3779 Caelium
2434 3737 2451 3795 ;
2478 3730 2545 3777 et

402 3823 570 3889 duos
598 3821 898 3911 praesides
917 3838 1201 3911 quaestor
1228 3846 1402 3887 unus
1421 3871 1439 3903 ,
1467 3839 1545 3886 ut
1575 3824 1688 3911 qui
1716 3824 1783 3887 in
1811 3822 2019 3886 Sicilia
2043 3822 2271 3903 Verre,
2300 3842 2373 3885 ac
2401 3820 2542 3885 Mev

403 3930 556 3994 tello
593 3928 978 4018 praetoribus
1013 3945 1298 4017 quaestor
1329 3928 1473 3992 fuit.

493 4036 641 4100 Dixi
669 4034 1059 4124 provinciale
1091 4057 1332 4099 munus
1353 4050 1749 4121 quaestorum
1776 4035 1973 4098 fuisse
1998 4056 2219 4099 curam
2254 4031 2543 4120 pecuniae

405 4140 699 4229 publicae.
737 4140 826 4204 Ea
858 4140 984 4204 fuit
1017 4138 1254 4229 duplex
1277 4190 1292 4218 ‚
1324 4140 1629 4205 attributa
1667 4155 1730 4203 et
1767 4140 2111 4229 vectigalis.
2160 4138 2272 4203 Illa
2310 4137 2542 4225 depro-
