2984 4684
353 422 1456 443 mmmmm
1461 422 2011 443 mmmm
2014 422 2473 443 mmm

925 622 1939 749 EXCURSUS

364 892 490 961 DE
523 890 1193 965 VECTIGALIBUS
1226 889 1829 979 REIPUBLICAE,
1868 891 1983 959 ET
2018 889 2145 959 DE
2177 891 2510 961 EORUM

1103 1048 1769 1119 EXACTORIBUS.

1040 1259 1831 1295 ψ·-

461 1456 680 1521 Onms
711 1452 988 1544 pecunia
1021 1475 1166 1541 quoe
1201 1451 1505 1515 veniebat
1537 1450 1605 1514 in
1638 1450 1937 1515 aerarium
1971 1451 2199 1539 populi
2228 1452 2519 1533 romani,

373 1566 508 1628 fere
537 1578 651 1626 aut
677 1560 909 1625 tributi
941 1558 1208 1623 nomine
1238 1556 1670 1648 pendebatur,
1699 1572 1819 1621 aut
1847 1557 2194 1645 vectigalis.

461 1666 848 1745 Tributum‚
898 1662 1148 1728 dictum
1182 1686 1217 1727 a
1251 1662 1591 1743 tribubus,
1638 1676 1777 1725 erat
1811 1662 2086 1749 pecunia
2118 1661 2366 1750 populo
2395 1664 2524 1726 im·

373 1789 594 1863 perata
611 1820 630 1855 ,
661 1794 806 1859 quae
836 1769 1137 1833 tributim
1165 1792 1200 1833 a
1237 1767 1509 1858 singulis
1540 1790 1663 1855 pro
1699 1768 2003 1855 portione
2038 1786 2271 1831 census
2304 1768 2524 1857 exige-

374 1880 590 1943 batur.
617 1876 826 1941 Varro
858 1874 944 1939 de
971 1875 1156 1965 Ling.
1189 1877 1330 1941 Lat.
1359 1874 1470 1938 lv.

465 1982 880 2074 Stipendium
927 1980 1206 2045 militare
1269 1980 1496 2069 primis
1549 1978 1921 2067 reipublieae
1977 1978 2385 2068 temporibus
2450 2004 2529 2045 ex

382 2092 630 2157 tributo
657 2090 822 2154 fuit:
856 2087 1008 2152 belli
1041 2087 1294 2177 praeda,
1322 2103 1388 2151 et
1417 2102 1628 2152 cetera
1660 2086 1941 2173 pecunia
1968 2083 2049 2149 ad
2082 2102 2333 2152 ceteros
2366 2110 2525 2153 usus

380 2198 754 2287 reipublicoe
787 2195 1269 2276 reservabatur3
1306 2194 1420 2282 qui
1455 2216 1633 2270 mos,
1683 2192 1782 2257 uti
1813 2216 1967 2257 mox
1999 2192 2275 2276 dicetur,
2314 2216 2525 2282 usque

382 2303 466 2368 ad
497 2304 808 2368 Perseum
836 2298 1236 2365 Macedoniae
1267 2321 1486 2389 regem
1521 2298 1849 2363 devictum
1866 2348 1883 2381 ,
1921 2298 2195 2364 duravit.

351 2488 364 2501 .
475 2408 791 2497 Vectigal,
833 2422 970 2471 erat
1001 2428 1076 2470 en
1121 2404 1427 2494 pecunia,
1463 2426 1609 2489 quae
1641 2403 1767 2474 alio
1799 2426 2223 2494 quocumque
2260 2407 2530 2472 nomine

383 2513 810 2605 pendebatur.
845 2510 1216 2575 Discrimeu
1261 2509 1432 2573 inter
1475 2508 1591 2571 has
1623 2530 1815 2571 voces
1868 2530 2004 2572 non
2057 2532 2316 2598 semper
2356 2509 2533 2599 apud

385 2638 684 2687 auctores
717 2617 1134 2698 observatum
1171 2638 1276 2679 eas
1321 2613 1697 2703 promiscue
1726 2612 1959 2677 habuit
1993 2615 2262 2680 Sueton.
2296 2614 2367 2699 in
2403 2617 2535 2681 Cal.

389 2752 527 2817 oep.
565 2730 652 2805 4ο
686 2742 751 2791 et
790 2730 898 2805 41.

476 2835 907 2901 Tributorum
929 2831 1054 2896 tria
1085 2852 1318 2919 genera
1345 2829 1576 2893 Festus
1604 2824 1963 2915 distinguit.
1991 2828 2247 2905 Unum,
2272 2830 2499 2919 capitis
2516 2879 2535 2912 ‚
2594 2876 2601 2882 .

391 2943 528 3007 sive
561 2962 890 3030 personae3
928 2939 1202 3017 alterum
1234 2936 1365 3018 rei,
1397 2935 1532 2999 sive
1562 2932 1715 3015 soli3
1762 2932 2062 3017 tertium,
2095 2933 2445 3000 fortuitum
2474 2954 2540 3002 et

395 3048 835 3115 temerarium.

481 3160 650 3222 Ante
681 3154 977 3219 Servium
1011 3174 1230 3244 regem
1252 3198 1271 3233 ,
1304 3151 1627 3215 tributum
1654 3148 1984 3236 aequaliter
2009 3148 2076 3211 in
2101 3150 2330 3237 capita,
2360 3152 2541 3216 nullo

396 3283 756 3352 pauperum
815 3277 882 3325 et
949 3257 1224 3324 divitum
1278 3257 1507 3323 habito
1570 3255 1971 3337 discrimine,
2037 3256 2496 3321 conferebatur
2526 3282 2543 3323 ε

399 3384 736 3456 propterea
767 3365 1098 3430 tenuiores
1131 3386 1329 3427 onere
1357 3360 1588 3425 tributi
1624 3358 2109 3450 premebantur.
2149 3359 2409 3425 Servius
2441 3362 2546 3425 in-

399 3474 606 3539 stituit
638 3474 888 3562 primus
922 3488 1000 3537 ut
1030 3493 1152 3560 pro
1189 3493 1314 3535 suo
1337 3470 1879 3558 quisqueeensu,
1918 3466 1958 3530 i.
1988 3490 2047 3531 e.
2072 3489 2195 3554 pro
2227 3468 2319 3531 rei
2355 3466 2544 3533 fami-

399 3580 570 3643 liaris
600 3578 818 3666 eopia,
846 3576 1190 3642 conferret.
1226 3574 1497 3663 Dionys.
1542 3573 1962 3637 Halicarnass.
1997 3571 2114 3636 lib.
2150 3572 2259 3637 IV.
2291 3573 2546 3658 Livius,

402 3686 433 3750 Ι
449 3734 468 3768 ,
496 3683 606 3765 43.

491 3793 682 3855 Anno
703 3790 785 3855 ab
805 3788 1042 3855 exactis
1068 3788 1330 3877 regibus
1362 3787 1497 3851 sive
1529 3783 1858 3867 secundo,
1892 3782 2023 3848 sive
2056 3785 2270 3868 tertio,
2298 3786 2549 3854 tributo

403 3897 584 3988 plebs
609 3896 902 3961 exsoluta
927 3911 1061 3977 est3
1085 3894 1557 3981 decretumque
1578 3908 1657 3957 ut
1680 3876 1998 3981 pauperes
2029 3892 2327 3956 omnium
2348 3896 2553 3960 veeti-

407 4004 646 4090 galium
695 4003 1098 4067 vacationem
1143 4000 1497 4080 haberent,
1550 4020 1695 4085 quae
1740 3995 2004 4087 regibus
2057 3996 2551 4085 pependissent,

410 4132 624 4198 neque
660 4110 728 4174 in
761 4109 1006 4174 bellum
1041 4108 1403 4197 quidquam
1431 4106 1843 4187 conferrent3
1886 4104 2039 4168 satis
2072 4104 2248 4169 enim
2283 4126 2459 4189 esse,
2500 4107 2559 4171 si
