2984 4684
876 363 1003 431 DE
1052 363 1567 434 PRAETORE
1625 365 2090 435 URBANO.
2417 363 2556 460 389

414 496 765 572 pugnasset
792 481 931 546 haec
958 505 1110 547 cum
1140 484 1467 572 aequitate.
1492 485 1678 550 Hanc
1708 507 1860 549 cum
1890 483 2145 573 legibus
2177 483 2460 571 antiquis
2483 484 2552 546 in

412 585 834 652 concordiam
884 586 1240 666 adducere,
1286 612 1530 654 munus
1567 605 1706 654 erat
1743 606 2098 678 proetorum
2120 637 2140 670 ‚
2176 603 2244 654 et
2281 588 2412 653 hoc
2453 605 2553 653 est

409 693 703 780 praetoris
738 691 1029 759 edictum
1072 695 1368 760 Ciceroni
1419 696 1610 760 toties
1657 711 2090 760 memoratum
2131 695 2200 758 in
2224 695 2516 761 Verrinis
2534 743 2554 777 ,

410 814 477 861 et
506 799 678 862 alibi.

497 905 597 970 Ex
632 927 713 970 eo
756 928 970 988 more,
996 909 1222 1002 ‘veluti
1269 909 1590 996 aequitatis
1635 909 1838 974 totius
1880 909 2131 999 origine
2156 957 2174 990 ,
2217 909 2438 973 omnia
2475 931 2550 972 ea

409 1007 739 1075 fluxerunt
800 1011 1009 1098 edicta
1073 1036 1361 1101 quorum
1426 1014 1958 1104 interpretatione
2012 1027 2295 1078 utuntur
2350 1012 2548 1078 hodie

399 1116 863 1197 jurisconsulti.
900 1117 1003 1182 Ne
1028 1139 1183 1183 vero
1224 1121 1371 1206 quis
1408 1120 1734 1184 existimet
1767 1119 2006 1208 scripta
2045 1118 2150 1183 illa
2186 1119 2388 1183 fuisse
2426 1139 2548 1206 pro

406 1221 675 1287 libidine
720 1224 1008 1312 praetoris
1034 1247 1053 1306 3
1109 1225 1175 1288 in
1229 1226 1321 1292 eis
1369 1224 1842 1290 constituendis
1904 1225 2420 1290 observabantur
2475 1248 2550 1289 ea

404 1329 727 1418 praecipue
755 1353 899 1418 quae
926 1352 1109 1394 more
1147 1331 1467 1412 majorum
1503 1331 1858 1397 constituta
1898 1347 2143 1414 essent,
2187 1328 2256 1395 id
2284 1347 2414 1413 est,
2468 1353 2548 1396 ex

402 1433 655 1523 legibus
673 1433 987 1516 romanis,
1016 1450 1083 1498 et
1118 1457 1197 1498 ex
1230 1436 1644 1523 superiorum
1678 1452 2034 1525 praetorum
2067 1435 2330 1518 edictis3
2365 1434 2546 1499 unde

404 1538 783 1612 translatitia
824 1539 1334 1628 appellabantur.
1369 1540 1598 1629 Itaque
1629 1542 1863 1605 Verres
1879 1590 1898 1623 ‚
1945 1542 2053 1606 cui
2095 1562 2218 1630 pro
2247 1541 2390 1630 lege
2420 1541 2546 1604 fuit

402 1644 605 1711 libido
620 1695 639 1728 ‚
672 1666 814 1710 eam
848 1645 937 1710 ob
966 1668 1223 1711 causam
1250 1669 1287 1709 a
1318 1647 1636 1711 Cicerone
1663 1647 2121 1737 perstringitur
2141 1669 2278 1710 non
2311 1647 2540 1720 semel,

404 1751 586 1839 quod
634 1753 834 1817 multa
876 1751 1210 1835 edixisset,
1262 1775 1407 1840 quae
1461 1776 1660 1817 nemo
1715 1753 2124 1842 superiorum
2183 1768 2540 1840 praetorum

402 1857 705 1923 edixerat.

487 1965 618 2029 Pro
646 1965 843 2032 Verre
872 1983 1091 2032 tamen
1138 1982 1364 2034 contra
1398 1969 1731 2033 Ciceronis
1773 1968 2252 2033 accusationem
2286 1982 2537 2054 pugnat

397 2071 891 2152 Hotomannus,
940 2074 1211 2140 Observ.
1246 2075 1356 2140 lib.
1386 2077 1451 2157 1,
1487 2099 1627 2164 cap.
1654 2097 1678 2136 1
1707 2089 1774 2140 et
1803 2098 1840 2138 2
1863 2122 1883 2155 ,
1915 2090 2110 2162 atque
2142 2073 2342 2137 istum
2375 2093 2536 2160 pur-

398 2200 549 2267 gare
580 2173 779 2262 velle',
812 2179 927 2245 sed
958 2180 1227 2263 frustra,
1259 2181 1540 2246 videtur.

481 2281 786 2351 Edictum
843 2288 1135 2375 praetoris
1190 2303 1580 2374 perpetuum
1645 2286 2120 2375 appellabatur,
2183 2287 2336 2373 quia
2393 2299 2536 2347 toto

395 2411 571 2454 anno
600 2406 898 2479 praeturae
928 2409 1242 2480 perpetua
1278 2408 1418 2456 erat
1445 2393 1666 2481 regula
1709 2414 1749 2454 a
1783 2414 1912 2478 qua
1950 2389 2252 2456 recedere
2289 2391 2356 2454 in
2387 2390 2534 2469 jure

396 2493 676 2560 dicendo
713 2496 973 2585 praetori
1016 2518 1151 2560 non
1185 2495 1443 2578 licebat,
1475 2518 1554 2560 ex
1591 2494 2156 2559 senatusconsulto
2192 2495 2344 2558 anni
2385 2493 2533 2559 585.

393 2600 627 2690 Neque
668 2625 748 2666 eo
786 2601 1003 2665 minus
1043 2617 1260 2666 tamen
1304 2599 1515 2665 edicta
1563 2622 1680 2664 sua
1727 2616 2146 2664 mutaverunt
2187 2616 2529 2687 praetores,

390 2723 586 2796 atque
638 2707 943 2797 deinceps
994 2730 1073 2772 eo
1116 2729 1327 2789 anno,
1372 2730 1509 2795 quo
1539 2706 1986 2796 magistratum
2017 2721 2395 2796 gesserunt,
2423 2707 2530 2785 jus

390 2811 565 2878 aliud
584 2862 603 2896 ,
648 2835 845 2902 quam
890 2811 1071 2901 quod
1120 2811 1386 2902 polliciti
1434 2826 1655 2893 erant,
1702 2808 2042 2894 dixerunt3
2088 2833 2224 2898 quo
2261 2811 2530 2874 nornine

391 2918 661 2984 Verrem
688 2921 918 2985 Cicero
941 2918 1179 3008 passim
1214 2919 1489 3008 exagitat
1507 2965 1525 2999 ‚
1563 2917 1662 2981 uti
1693 2940 1755 2982 v.
1790 2939 1885 3005 gr.
1920 2915 2036 2981 lib.
2060 2916 2091 2979 I
2109 2965 2130 2998 ,
2159 2939 2298 3004 cap.
2329 2917 2437 2998 46,
2465 2933 2532 2980 et

388 3047 559 3112 pass.
604 3027 821 3110 Quam
858 3025 948 3092 ob
984 3047 1245 3090 causam
1270 3027 1353 3110 ‚C.
1390 3023 1729 3090 Cornelius
1766 3023 2072 3087 tribunus
2107 3022 2314 3112 plebis
2351 3047 2528 3087 anno

389 3130 520 3196 686
570 3134 812 3222 legem,
859 3133 981 3198 etsi
1032 3154 1230 3197 nemo
1284 3147 1504 3219 aperte
1558 3143 1988 3220 repugnaret,
2037 3129 2259 3193 multis
2310 3145 2524 3193 tamen

388 3236 605 3300 invitis
627 3284 646 3318 ,
691 3238 875 3321 tulit,
935 3253 1012 3301 ut
1061 3251 1367 3326 praetores
1424 3257 1504 3300 ex
1565 3233 1793 3300 edictis
1849 3234 1982 3298 suis
2045 3233 2375 3322 perpetuis
2420 3234 2528 3314 jus

388 3340 695 3406 dicerent.
738 3343 902 3426 Quae
940 3366 1043 3407 res
1092 3359 1232 3408 tum
1272 3343 1540 3432 gratiam
1573 3339 1932 3405 ambitiosis
1959 3340 2341 3428 praetoribus
2359 3389 2377 3423 ,
2413 3340 2528 3427 qui

386 3447 561 3511 varie
585 3448 691 3529 jus
720 3447 933 3513 dicere
956 3465 1366 3514 assueverant
1385 3497 1403 3531 ,
1430 3447 1711 3512 sustulit.
1737 3449 1970 3512 Ascon.
1994 3468 2059 3535 p.
2091 3445 2212 3510 123
2231 3495 2248 3527 ‚
2297 3463 2363 3510 et
2387 3446 2523 3510 Liv.

385 3553 613 3642 Suppl.
646 3551 898 3629 XCIX,
941 3556 1063 3634 44,
1099 3553 1373 3636 tom.X,
1411 3576 1557 3643 pag.
1590 3552 1716 3618 380
1751 3569 1989 3616 nostrae
2021 3551 2345 3616 editionis.

474 3658 777 3724 Edictum
823 3657 1115 3746 praetoris
1160 3659 1225 3721 in
1274 3681 1425 3724 eum
1470 3681 1720 3722 annum
1755 3672 2012 3722 tantum
2042 3657 2330 3738 valebat,
2386 3679 2520 3745 quo

385 3782 623 3854 praetor
672 3780 807 3830 erat
850 3765 903 3829 is
919 3813 939 3844 ‚
984 3764 1099 3851 qui
1148 3765 1309 3829 illud
1353 3778 1804 3855 proposuerat.
1870 3762 2040 3826 Hinc
2081 3761 2442 3852 appellatur
2485 3788 2522 3826 a

382 3873 697 3938 Cicerone
727 3871 875 3936 «lex
915 3892 1211 3950 annua»,
1248 3870 1365 3934 lib.
1394 3872 1423 3933 I
1456 3871 1524 3933 in
1547 3868 1730 3933 Verr.
1772 3891 1910 3956 cap.
1959 3873 2044 3947 42
2074 3891 2090 3932 ε
2137 3885 2200 3932 at
2229 3868 2522 3957 praetoris

386 3980 583 4068 ipsius
612 3979 895 4044 tribunal
931 3999 1107 4042 aram
1138 3979 1359 4066 legum
1394 3975 1738 4067 magnifico
1777 3975 1969 4039 titulo
2006 3974 2178 4040 idem
2217 3977 2523 4065 appellat,

384 4083 496 4150 lib.
514 4087 606 4170 11,
642 4109 778 4175 cap.
804 4083 865 4149 3.
