2984 4684
447 399 544 490 xij
1239 395 1789 465 PRAEFATIO

445 521 658 616 vius,
683 513 1198 618 VerburgiuS‚
1225 514 1777 594 Lallemandus
1798 576 1817 612 ‚
1858 512 1922 590 F
1926 513 2345 591 acciolatus
2366 574 2385 610 ,
2430 511 2581 589 Ga-

449 643 846 738 ratonius,
877 640 1249 716 Ernestus
1286 639 1759 744 praesertim,
1799 664 2035 743 quem
2076 637 2216 743 qui
2252 634 2581 712 laudan-

447 766 640 846 dum
697 763 1126 868 susciperet
1147 822 1166 856 ,
1219 761 1286 838 is
1335 759 1779 866 legentibus
1836 759 2211 866 injuriam
2266 757 2577 835 faceret.

447 887 824 968 Profuere
849 903 929 963 et
960 883 1284 993 plurimi
1319 885 1446 962 alii
1475 947 1494 982 ‚
1536 911 1878 992 quorum
1906 882 2233 960 nomina
2258 883 2583 960 circum-

453 1013 844 1107 feruntur,
878 1009 1384 1115 interpretes,
1430 1034 1473 1085 e
1504 1006 1798 1115 quibus
1830 1034 1919 1084 ea
1956 1006 2367 1110 selegimus
2407 1033 2582 1113 quae

447 1134 550 1214 ad
593 1130 1149 1215 illustrandum
1181 1129 1642 1210 Ciceronem
1666 1191 1685 1228 ,
1726 1148 1863 1207 aut
1902 1128 2449 1237 explicandam
2484 1129 2585 1206 la-

449 1259 599 1336 tini
631 1257 1016 1336 sermonis
1044 1253 1559 1334 subtilitatem
1586 1273 1822 1362 atque
1848 1253 2317 1360 elegantiam
2361 1253 2583 1331 facie-

449 1381 690 1479 bant,
745 1381 1056 1460 omissis
1107 1379 1240 1474 iis,
1299 1406 1476 1485 quae
1531 1379 1615 1456 in
1671 1397 1891 1457 tanta
1949 1377 2357 1456 literarum
2413 1376 2586 1454 luce
2654 1387 2660 1394 '

449 1505 684 1583 edere
717 1529 1241 1611 supervacuus
1281 1501 1511 1580 labor
1540 1500 1965 1580 videretur.
2018 1503 2112 1579 In
2148 1500 2589 1578 recentissi-

453 1631 602 1707 mis
657 1643 920 1704 autem
973 1623 1351 1703 Schiitzio
1402 1643 1522 1723 et,
1572 1624 1792 1733 quod
1845 1623 1946 1703 ad
1984 1624 2364 1702 Verrinas
2422 1651 2591 1700 ora-

451 1753 708 1830 tiones
735 1749 1114 1855 pertinet,
1151 1748 1515 1826 Harlesio
1544 1776 1691 1827 nos
1722 1749 2105 1826 maximas
2134 1748 2427 1853 gratias
2458 1749 2590 1826 ha-

453 1875 640 1952 bere
681 1871 1190 1979 profitemur;
1237 1873 1533 1979 prioris
1564 1873 1861 1951 notulis
1894 1871 1995 1949 ad
2023 1871 2361 1950 obscura
2389 1900 2593 1979 quae-

454 1999 640 2079 dam
665 1993 1167 2103 explicanda,
1208 1995 1536 2074 feliciter
1557 1998 1675 2076 usi
1697 2058 1716 2094 ‚
1752 1998 1906 2075 hoc
1938 2025 2188 2073 unum
2218 1994 2591 2075 desiderii

456 2120 909 2218 habuimuS‚
933 2117 1153 2225 quod
1178 2117 1446 2224 paullo
1481 2119 1566 2196 in
1590 2118 1973 2199 mutando
2001 2147 2090 2197 ac
2114 2117 2591 2225 corrigendo

456 2241 858 2339 audacior,
897 2241 1202 2320 auctori
1245 2241 1531 2349 saepius
1567 2243 1989 2350 proprium
2030 2243 2433 2348 ingenium
2475 2241 2589 2319 af-

457 2369 802 2445 finxerit.
1500 2405 1523 2434 s

564 2495 684 2571 Ne
719 2492 948 2599 plura
998 2511 1257 2570 autem
1297 2495 2049 2602 extraneis'accepta
2092 2489 2590 2587 haberemus,

459 2636 776 2696 vetuere
806 2616 1282 2696 doctissimae
1315 2618 1472 2697 JOS.
1498 2619 1703 2699 Vict.
1738 2621 1855 2699 LE
1894 2619 2154 2700 CLEac
2186 2618 2596 2697 elucubra-
2684 2611 2694 2620 ’

463 2742 758 2837 tiones,
791 2739 932 2848 qui
975 2737 1166 2818 dum
1210 2759 1468 2821 totum
1500 2743 1967 2822 Ciceronem
1991 2741 2413 2819 vernaculo
2448 2769 2598 2817 ser-

463 2891 696 2941 mone
755 2863 1218 2942 donandum
1281 2868 1667 2972 suscepit,
1724 2864 2319 2974 praeclarissime
2366 2863 2595 2941 simul

461 3006 541 3066 et
573 2986 673 3066 de
701 2985 1006 3065 civibus
1039 3005 1118 3066 et
1150 2986 1249 3067 de
1275 2990 1736 3094 alienigenis
1768 3005 1886 3066 est
1914 2988 2272 3084 meritus;
2297 2989 2599 3095 quippe

462 3111 587 3217 cuj
600 3139 688 3188 us
717 3138 958 3218 opera
989 3139 1156 3190 non
1193 3114 1454 3192 minus
1488 3112 1731 3191 latine
1761 3140 1998 3220 quam
2030 3111 2301 3217 gallice
2346 3129 2601 3190 tersus

465 3263 554 3312 ac
593 3233 888 3340 politus
916 3235 1254 3342 prodeat
1282 3237 1566 3315 Cicero
1589 3299 1610 3334 ‚
1652 3237 1909 3344 etjam
1928 3235 2218 3317 futuris
2244 3237 2329 3314 in
2348 3253 2603 3344 poste-

465 3385 642 3434 rum
695 3356 1106 3438 laboribus
1137 3421 1156 3458 ,
1208 3360 1434 3467 quasi
1493 3359 2100 3439 fundamentum
2165 3362 2331 3438 haec
2392 3359 2601 3437 illius

466 3480 714 3559 editio
774 3481 877 3559 sit
937 3480 1485 3589 supponenda.
1540 3484 2035 3562 Immemor-is
2086 3501 2348 3561 autem
2404 3499 2603 3560 esset

468 3603 710 3681 animi
774 3633 940 3714 non·
1000 3604 1066 3682 J.
1123 3606 1212 3682 L.
1259 3605 1626 3684 Bmuvomv
1680 3635 1972 3686 nomen
2030 3606 2215 3684 huic
2266 3607 2602 3712 conjun-

391 3743 396 3748 ’
473 3751 693 3830 gere,
753 3731 892 3834 qui
952 3745 1374 3836 postquam
1439 3730 1601 3808 suis
1658 3731 1743 3808 in
1806 3729 2259 3809 Sallustium
2312 3729 2605 3835 vigiliis

471 3867 775 3929 tantam
841 3851 1092 3929 literis
1160 3881 1483 3960 operam
1551 3857 1907 3952 navavit,
1980 3882 2149 3932 non
2216 3855 2605 3931 minorem

473 3971 880 4052 Ciceronis
915 3976 1372 4076 Quintianae
1415 3980 1805 4080 orationi,
1862 3996 1953 4057 ut
1987 3996 2242 4057 cetera
2284 3976 2604 4054 omitta-

477 4123 650 4174 mus
685 4115 764 4174 et
807 4094 906 4176 de
935 4098 1086 4202 hoc
1122 4119 1428 4180 tantum
1459 4103 1860 4180 volumine
1898 4101 2315 4209 loquamur
2340 4163 2359 4200 ,
2404 4127 2605 4206 prae-
2628 4121 2649 4130 ··
