2984 4684
506 328 667 424 xxvj
1288 311 1827 385 PRAEFATIO

504 456 929 525 Ciceronem
973 444 1050 511 in
1096 462 1181 511 ea
1228 459 1306 507 re
1356 437 1842 531 vituperatum
1893 452 2041 498 non
2086 428 2172 498 iri
2211 424 2496 499 affirmo
2535 423 2632 495 ab

504 586 593 635 eo
612 614 633 648 ,
683 559 810 657 qui
860 567 1277 647 temporum
1321 541 1592 641 quibus
1631 539 1750 611 ille
1798 539 1974 609 vixit
1997 548 2050 623 ¹,
2103 537 2456 609 rationem
2499 536 2634 607 ha·-

502 672 779 753 buerit,
818 679 1037 763 atque
1072 656 1478 731 meminerit
1519 652 1856 725 Solonem
1909 648 2114 720 illum
2137 700 2157 735 ,
2195 661 2414 744 atque
2455 646 2634 717 alios

508 784 840 873 homines
884 768 1449 872 sapientissimos
1499 763 2042 847 existimavisse,
2093 758 2396 829 civitatis
2437 755 2635 837 illius

512 892 869 992 optimum
905 906 1060 957 esse
1100 892 1399 964 statum,
1432 876 1512 944 in
1561 896 1705 970 qua
1751 870 2180 966 injuriarum
2227 881 2600 939 auctorem
2619 918 2637 953 ,

510 1022 660 1071 non
698 994 933 1069 solum
975 990 1103 1088 qui
1150 984 1337 1085 passi
1378 996 1619 1055 essent
1658 980 1996 1076 injuriam
2018 1030 2039 1065 ,
2085 976 2212 1049 sed
2258 978 2471 1047 etiam
2507 976 2640 1072 qui

514 1112 699 1208 passi
740 1130 893 1177 non
940 1112 1179 1175 essent
1200 1150 1219 1185 ,
1266 1093 1809 1166 ulciscerentur.
1853 1090 2064 1162 Plura
2107 1086 2456 1173 dicerem,
2499 1088 2640 1156 nisi

512 1222 937 1289 Ciceronem
969 1224 1291 1283 veterum
1326 1204 1554 1291 dicta,
1587 1201 1996 1288 sententiae,
2027 1198 2253 1295 leges,
2293 1211 2364 1267 et
2401 1220 2642 1268 mores

516 1332 685 1400 satis
721 1334 1165 1398 excusarent.

614 1437 861 1511 Suavis
898 1446 1007 1505 est
1068 1427 1205 1525 (de
1240 1430 1434 1497 Orat.
1476 1427 1579 1510 II,
1629 1420 1798 1515 54),
1847 1433 1921 1490 et
1954 1418 2422 1491 vehementer
2453 1440 2645 1515 saepe

519 1550 715 1621 utilis
747 1546 955 1640 jocus
986 1566 1002 1610 :
1040 1536 1355 1609 multum
1396 1536 1469 1605 in
1507 1556 1720 1606 causa
1763 1554 2079 1627 persaepe
2117 1525 2390 1599 facetiis
2424 1524 2646 1624 profi-

522 1663 731 1729 citur.
770 1649 911 1723 Sed
936 1647 1241 1743 hujusce
1267 1646 1552 1716 virtutis
1588 1638 2067 1740 adipiscendae
2101 1652 2375 1735 quanta
2401 1639 2492 1708 sit
2519 1635 2652 1708 dif-

525 1766 804 1839 ficultas
839 1759 956 1831 vel
988 1758 1137 1829 duo
1172 1758 1461 1827 maximi
1492 1768 1814 1825 oratores
1851 1749 2181 1846 (Quintil.
2213 1748 2400 1835 LVI,
2449 1773 2510 1821 c.
2543 1746 2652 1843 3),

528 1879 707 1949 alter
738 1894 1003 1971 graecae,
1042 1868 1221 1939 alter
1248 1866 1481 1935 latinae
1507 1862 1936 1959 eloquentiae
1961 1862 2334 1955 princepS,
2360 1856 2654 1929 docent.

526 1992 731 2059 Nam}
749 1982 1077 2081 plerique
1133 1973 1607 2049 Demostheni
1657 1970 2070 2043 facultatem
2109 1968 2331 2063 hujus
2385 1972 2489 2041 rei
2528 1966 2657 2039 de·-

526 2098 747 2168 fuisse
789 2089 1133 2176 credunt,
1166 2084 1498 2187 Ciceroni
1539 2080 1862 2152 modum.
1899 2086 1967 2150 Is
1996 2082 2194 2150 enim
2233 2104 2386 2149 non
2421 2077 2662 2151 solum

532 2222 733 2280 extra
762 2201 1031 2299 judicia
1052 2253 1071 2286 ,
1118 2196 1245 2271 sed
1284 2199 1361 2267 in
1408 2196 1584 2293 ipsis
1624 2196 1840 2263 etiam
1883 2186 2334 2261 orationibus
2371 2187 2668 2259 habitus

534 2333 643 2391 est
680 2316 945 2387 nimius
982 2314 1058 2382 in
1094 2311 1279 2393 risu3
1324 2305 1523 2376 unde
1557 2308 1734 2375 Cato
1771 2301 1976 2372 illum
2013 2299 2392 2397 appellavit
2433 2298 2664 2369 «ridi-

538 2427 785 2499 culum
820 2420 1241 2495 consulem»
1274 2419 1349 2487 in
1378 2438 1588 2487 causa
1612 2416 1978 2499 Murenae,
2033 2409 2127 2481 ab
2154 2410 2461 2481 inimicis
2490 2432 2666 2481 vero

539 2559 827 2609 «scurra
856 2530 1254 2605 consularis
1277 2557 1310 2593 ι)
1328 2524 1726 2625 appellatus
1745 2537 1875 2593 est.
1898 2522 2262 2591 Ciceronis
2295 2518 2672 2591 urbanitas

538 2650 613 2719 in
647 2646 855 2717 dictis
894 2656 964 2715 et
989 2640 1169 2735 jocis
1192 2692 1211 2725 ,
1250 2636 1491 2733 inquit
1523 2632 1946 2707 Plutarchus
1983 2630 2090 2723 (in
2123 2633 2348 2701 Cicer.
2371 2654 2528 2728 cap.
2557 2634 2676 2728 4),

541 2783 581 2829 a
603 2756 964 2855 principio
992 2748 1288 2847 quidem
1310 2772 1425 2818 res
1440 2744 1800 2841 judicialis
1823 2757 1895 2813 et
1909 2739 2234 2836 jucunda
2255 2740 2675 2812 videbatur:

544 2866 669 2939 sed
698 2890 785 2937 ea
819 2885 1049 2961 quum
1092 2857 1185 2931 ad
1220 2860 1616 2931 satietatem
1654 2876 1888 2950 usque
1925 2850 2368 2939 abuteretur,
2406 2853 2678 2925 multos

547 2972 884 3061 offendit,
920 2970 1095 3042 etin
1118 2990 1275 3039 eam
1291 2966 1492 3037 venit
1515 2964 1968 3059 opinionem,
1996 2975 2078 3030 ut
2099 2975 2360 3033 natura
2382 2985 2680 3059 perver-

538 3110 669 3159 sus
692 3108 847 3155 esse
870 3077 1306 3153 crederetur.
1340 3078 1504 3145 Haec
1523 3069 1661 3143 fuit
1683 3068 1774 3143 de
1793 3072 2160 3143 Ciceronis
2179 3069 2361 3166 jocis
2391 3073 2684 3169 opini0,

550 3194 677 3268 sed
711 3192 830 3264 illa
858 3185 1157 3287 quidem
1194 3180 1699 3255 malivolorum
1720 3234 1739 3267 ,
1777 3180 1886 3251 uti
1927 3178 2242 3251 diximus
2264 3234 2284 3267 ‚
2338 3193 2414 3251 et
2445 3183 2683 3251 inimi-

550 3328 827 3379 corum.
854 3304 1129 3369 Verum
1161 3295 1290 3391 qui
1318 3291 1501 3363 nihil
1535 3290 1948 3363 habuerunt
1981 3313 2210 3363 causae
2251 3314 2385 3361 cur
2425 3296 2686 3362 menti-

548 3427 837 3499 rentur,
892 3411 943 3478 ii
988 3406 1409 3477 Ciceronem
1461 3415 1543 3472 ut
1582 3398 1874 3496 jocandi
1917 3402 2434 3499 peritissimum
2481 3426 2683 3473 com-

550 3520 1011 3595 mendarunt.
1039 3513 1390 3589 Observat
1424 3510 1838 3589 Macrobius
1859 3509 2190 3607 (Saturn.
2208 3514 2274 3581 11
2292 3564 2313 3599 ,
2350 3512 2414 3607 1)
2457 3509 2684 3599 dum,

555 3656 741 3729 quos
788 3626 1423 3724 eloquentissimos
1488 3624 1790 3720 antiqua
1856 3636 2022 3693 aetas
2070 3619 2272 3711 tulit,
2323 3625 2685 3695 comicum

556 3744 886 3817 Plautum
906 3792 927 3827 ,
965 3752 1037 3809 et
1063 3750 1426 3808 oratorem
1452 3733 1769 3827 Tullium
1785 3781 1810 3818 ,
1835 3733 2050 3805 etiam
2079 3731 2173 3805 ad
2195 3732 2532 3827 jocorum
2561 3756 2684 3805 ve·-

559 3866 920 3929 uustatem
947 3846 1201 3921 ceteris
1228 3845 1656 3943 praestitisse.
1681 3841 1898 3935 Quod
1927 3843 2026 3913 ita
2059 3866 2212 3915 esse
2229 3840 2489 3914 Fabius
2509 3844 2538 3939 (
2558 3841 2688 3913 ubi

636 4085 681 4117 ι.
712 4063 894 4115 Sebaat.
917 4060 1059 4111 Corr.
1082 4069 1364 4123 qua-turae,
1400 4072 1515 4121 pag.
1543 4057 1664 4113 432.
