2984 4684
421 343 430 353 ‘
473 356 608 427 180
1173 350 1735 422 Excunsus
1784 351 1891 419 11.

460 487 621 553 duas
634 483 842 551 ‘libras
867 504 1022 549 cum
1045 480 1309 548 semisse
1325 528 1348 563 ,
1385 502 1594 569 quum
1625 478 1801 545 idem
1832 477 1991 545 assis
2024 500 2101 544 ae
2130 477 2311 544 libne
2340 477 2603 568 pondus

461 609 663 677 esset,
707 589 882 682 apud
922 590 1255 653 Romanos
1288 586 1512 651 valuit.
1560 584 1726 651 Inde
1756 586 1887 651 hoc
1926 585 1989 649 ei
2026 583 2313 649 inditum
2358 607 2603 651 nomen

457 716 558 764 est
591 698 774 788 quasi
809 682 1240 775 semistertius,
1281 690 1352 757 id
1385 708 1516 774 est,
1553 715 1634 757 ex
1668 692 1879 757 tribus
1901 690 2187 789 assibus,
2218 690 2475 757 sublato
2502 690 2603 755 di-

460 802 664 869 midio
685 851 704 887 ,
753 816 1058 867 constans
1093 824 1112 865 2
1167 796 1724 888 quemadmodum
1765 796 1964 863 Attici
2006 806 2168 878 τρίτον
2220 806 2559 877 §amacura
2580 845 2600 880 ,

457 910 724 977 tertium
766 906 1246 973 semitalentum
1265 953 1284 989 ,
1317 903 1537 969 dixere
1574 920 1652 970 ut
1686 904 1927 969 talenta
1971 902 2110 969 duo
2152 919 2222 967 et
2254 902 2600 969 dimidium

458 1013 908 1106 signifimrent.
933 1009 1098 1077 Inde
1134 1032 1402 1100 quoque
1433 1033 1509 1073 ea
1540 1009 1718 1099 apud
1756 1008 2051 1086 librarios
2097 1006 2342 1074 fluxere
2377 1010 2558 1100 signa
2579 1057 2600 1091 ,

349 1154 352 1157 ⁴
458 1145 604 1211 quae
655 1119 978 1186 sestertios
1033 1116 1398 1183 indicarent
1444 1116 1594 1181 LLS
1612 1164 1633 1198 ,
1680 1116 1811 1181 hoe
1856 1131 1993 1199 est,
2038 1116 2219 1182 libne
2264 1116 2415 1181 duce
2460 1139 2601 1182 eum

456 1228 706 1292 semisse
719 1274 738 1310 ,
763 1246 909 1315 quae
943 1223 1072 1288 cito
1109 1222 1281 1286 hanc
1310 1222 1380 1285 in
1419 1222 1695 1285 somnam
1727 1220 1836 1285 Hs
1883 1242 1965 1285 ex
2000 1221 2326 1285 eeleritate
2356 1237 2423 1287 et
2452 1243 2603 1286 con·

459 1330 807 1397 suetudine
832 1325 1160 1394 scribendi
1189 1324 1619 1416 degeneravit.
1642 1328 1856 1391 Fuere
1885 1326 2079 1391 etiam
2114 1326 2230 1415 qui
2261 1326 2418 1391 olim
2444 1328 2602 1392 scri-

458 1440 693 1504 berent
718 1438 808 1501 111
823 1485 843 1519 ,
873 1430 1120 1501 ‘scilicet
1147 1433 1414 1523 integra)
1441 1431 1591 1497 duae
1618 1448 1835 1522 partes
1854 1481 1873 1517 ,
1908 1455 2025 1497 seu
2060 1432 2240 1497 librae
2270 1456 2423 1498 oum
2462 1434 2602 1514 ejus

457 1543 761 1628 dimidia3
801 1564 946 1632 quae
976 1542 1171 1607 etiam
1204 1556 1360 1605 nota
1392 1539 1463 1604 in
1497 1539 1669 1605 hanc
1718 1539 1827 1605 HS
1866 1539 2066 1605 hodie
2095 1541 2601 1631 vulgatissimam

463 1650 722 1717 coaluit.

546 1756 746 1821 Nune
799 1768 1018 1819 autem
1057 1754 1368 1842 quoniam
1409 1754 1650 1844 singuli
1690 1774 1859 1819 asses
1903 1770 2061 1819 sunt
2102 1751 2187 1818 ad
2228 1754 2460 1819 libram
2497 1778 2603 1821 ar-

456 1862 668 1953 genti,
702 1876 779 1926 ut
829 1876 1042 1924 unum
1093 1856 1180 1923 ad
1225 1859 1435 1942 mille,
1485 1858 1855 1925 sestertium
1900 1857 2161 1948 pondus
2181 1908 2199 1942 ,
2246 1860 2316 1923 h.
2360 1883 2420 1925 e.
2454 1858 2603 1925 dum

455 1969 636 2033 librae
669 1984 819 2033 cum
854 1965 1156 2049 dimidia,
1181 1966 1236 2031 si
1267 1984 1540 2057 argento
1572 1965 1913 2050 conflatur,
1956 1968 2057 2032 bis
2094 1966 2271 2032 mille
2304 1978 2372 2033 et
2403 1969 2602 2056 quin·

461 2091 694 2164 gentos
729 2086 940 2156 asses,
975 2094 1092 2137 seu
1123 2072 1299 2137 mille
1336 2092 1535 2137 aereos
1576 2073 1934 2157 sestertios,
1983 2074 2302 2163 aequarint
2340 2094 2605 2141 necesse

458 2196 575 2246 est.
602 2177 767 2244 Inde
800 2188 898 2243 est
923 2174 1104 2266 quod
1137 2176 1376 2243 ‘dieitur
1414 2184 1763 2245 sestertium
1798 2197 2129 2269 magnum,
2169 2196 2236 2246 et
2268 2182 2450 2270 quod
2485 2204 2601 2245 sae-

457 2282 606 2375 pius
634 2284 813 2375 apud
845 2300 1142 2351 auctores
1177 2284 1412 2349 latinos
1439 2307 1560 2372 per
1586 2284 1944 2375 genitivum
1979 2286 2345 2375 exponitur.
2374 2288 2601 2378 Itaque

455 2408 534 2455 ut
562 2390 1008 2456 sestertiorum
1039 2389 1269 2481 viginti
1299 2390 1494 2453 millia
1518 2388 1838 2478 significes
1857 2438 1876 2471 ,
1914 2389 2043 2455 dici
2076 2408 2354 2479 possunt
2376 2408 2601 2457 sester-

457 2498 554 2561 tia
589 2498 826 2587 viginti
857 2496 1140 2586 (magna)
1156 2544 1176 2578 ,
1210 2513 1325 2560 seu
1362 2488 1714 2561 sestertitim
1754 2494 2155 2585 (parvorum)
2198 2500 2468 2586 viginti,
2508 2500 2602 2565 ita

458 2619 537 2667 ut
571 2602 782 2667 millia
826 2598 1290 2691 subintelligas.
1331 2602 1531 2667 Nunc
1564 2624 1721 2667 vero
1758 2618 1964 2691 quum
2006 2602 2339 2669 numerale
2376 2604 2603 2671 adver·

458 2706 645 2773 bium
699 2708 986 2773 occurrit
1032 2705 1593 2798 multiplicandum
1609 2709 1641 2790 ,⁸
1662 2724 1723 2772 v.
1760 2728 1855 2798 gr.
1897 2724 2031 2790 ter,
2064 2725 2313 2797 quater,
2352 2709 2597 2795 decieS,

461 2816 734 2895 centies,
795 2831 913 2879 etc.
962 2831 1120 2879 tunc
1158 2809 1638 2903 compendiaria
1682 2830 1780 2879 est
1824 2814 2070 2879 locutio
2091 2863 2108 2896 ,
2150 2832 2218 2880 et
2252 2817 2599 2883 subaudias

459 2936 719 3011 oportet
761 2934 1026 2984 centena
1061 2918 1301 3001 millia,
1344 2936 1420 2983 ut
1473 2939 1669 3008 supra
1718 2921 2101 2984 monstravit
2148 2921 2437 3001 Desjard.
2493 2924 2599 2989 Sic

465 3028 814 3091 sestertium
848 3024 1045 3089 decies
1080 3024 1339 3103 dicitur,
1374 3046 1497 3113 pro
1534 3025 1737 3089 decies
1766 3028 2039 3091 centenis
2068 3026 2345 3093 millibus
2378 3043 2598 3094 sester-

466 3136 641 3197 tium.
673 3132 981 3196 Ceterum
1029 3129 1169 3193 haec
1221 3130 1458 3218 passim
1501 3131 1571 3194 in
1620 3130 1792 3195 notis
1842 3132 2355 3219 explanavimus,
2400 3150 2599 3224 atque
2662 3140 2671 3147 ’

464 3238 660 3303 etiam
707 3236 961 3326 quoties
1011 3251 1369 3301 occurrunt
1410 3234 1494 3299 ad
1542 3238 1779 3301 nostrae
1825 3238 2117 3324 pecuniae
2167 3238 2442 3304 formam
2458 3288 2477 3323 ,
2518 3264 2596 3305 ex
2704 3324 2711 3333 ·

467 3365 893 3408 nummorum
938 3341 1156 3406 tabula
1202 3364 1347 3429 quoe
1381 3339 1659 3431 apud-T.
1685 3340 1851 3406 Livii
1886 3344 2012 3407 vol.
2060 3342 2190 3409 XII
2235 3363 2405 3413 nost.
2441 3346 2596 3412 edit.

465 3472 611 3539 pag.
644 3473 671 3514 1
689 3446 764 3515 15
798 3447 1148 3531 invenitur,
1179 3446 1570 3537 redegimus.

1093 3714 1985 3745 w
