2984 4684
874 373 1262 443 oRATlo
1304 372 1506 441 Pno
1563 372 1634 441 s.
1684 372 2092 443 Rosolo.
2417 396 2544 468 ιη

425 493 843 569 mandatus⁷
864 509 1007 583 est3
1036 508 1112 565 et
1132 520 1222 565 ex
1240 518 1329 565 eo
1340 498 1419 565 T.
1443 496 1748 566 Roscius
1771 519 1922 565 non
1953 494 2280 593 paullum
2309 498 2554 567 nescio

420 604 649 707 quid⁸
674 608 755 677 in
782 629 941 677 rem
972 629 1177 677 suam
1201 608 1591 691 convertit,
1623 602 1749 675 sed
1775 604 1976 675 hunc
2002 604 2334 677 funditus
2359 629 2559 676 ever-

422 721 513 789 tit
532 716 782 804 bonis3
802 719 959 813 ipse
983 717 1119 786 tria
1139 714 1405 812 praedia
1419 711 1558 785 sibi
1580 711 1926 812 depactus
1948 729 2080 803 est3
2107 714 2554 787 voluntatem

420 827 905 899 decurionum
931 848 1015 895 ac
1047 826 1506 924 municipum
1543 828 1874 897 omnium
1909 824 2558 923 tantidem,quanti

422 936 641 1009 fidem
676 959 879 1007 suam
894 988 915 1024 ,
953 933 1147 1007 fecit.

520 1051 669 1120 XL.
693 1045 954 1118 Videte
974 1047 1124 1143 jam
1149 1068 1375 1143 porro
1407 1057 1667 1133 cetera,
1683 1044 1992 1142 judiceS,
2021 1060 2104 1116 ut
2129 1048 2564 1147 intelligatis,

426 1156 607 1255 fingi
638 1154 1073 1228 maleficium
1102 1154 1387 1225 nullum
1414 1179 1660 1253 posse,
1687 1180 1840 1252 quo
1865 1160 2000 1227 iste
2021 1180 2176 1229 sese
2209 1183 2361 1229 non
2395 1184 2568 1231 con·

428 1269 815 1339 taminarit.
852 1270 939 1336 In
969 1263 1191 1336 rebus
1220 1262 1630 1336 minoribus
1661 1268 1940 1337 socium
1968 1265 2210 1339 fallere
2227 1278 2281 1357 ¹,
2306 1274 2570 1368 turpis·

428 1381 697 1449 simum
736 1390 881 1464 est,
911 1398 1265 1473 aequeque
1300 1388 1554 1471 turpe,
1598 1389 1820 1472 atque
1851 1375 2032 1446 illud
2051 1431 2070 1464 ,
2101 1376 2192 1448 de
2222 1402 2374 1475 quo
2400 1394 2569 1452 ante

432 1488 603 1561 dixi.
638 1491 895 1585 Neque
928 1487 1195 1581 injuria
1228 1510 1245 1553 ε
1288 1499 1680 1583 propterea
1705 1484 1908 1581 quod
1937 1488 2288 1559 auxilium
2321 1489 2462 1560 sibi
2493 1516 2571 1561 se

432 1612 643 1698 putat
668 1596 1123 1694 adjunxisse,
1168 1598 1296 1693 qui
1332 1620 1503 1667 cum
1534 1596 1762 1667 altero
1799 1622 1950 1668 rem
1985 1604 2570 1674 communicavit.

432 1708 545 1781 Ad
568 1711 777 1805 cujus
804 1710 1027 1805 igitur
1053 1704 1276 1777 fidem
1306 1704 1717 1803 confugiet,
1739 1732 1970 1804 quum
2000 1733 2132 1807 per
2162 1712 2318 1807 ejus
2349 1709 2573 1783 fidem

432 1819 741 1908 laeditur,
765 1822 883 1890 cui
929 1842 1005 1889 se
1034 1817 1520 1889 commiserit?
1549 1821 1773 1915 Atqui
1811 1842 1893 1889 ea
1921 1834 2096 1891 sunt
2129 1821 2579 1894 animadver-

436 1929 698 2002 tenda²
730 1944 1026 2028 peccata
1051 1931 1381 2017 maxime,
1411 1952 1576 2025 quae
1602 1926 2026 2001 difficillime
2057 1948 2574 2030 praecaventur.

436 2042 635 2110 Tecti
673 2062 827 2111 esse
850 2034 878 2080 ³
912 2036 1006 2109 ad
1044 2038 1321 2109 alienos
1345 2062 1778 2136 possumus3
1821 2042 2062 2111 intimi
2105 2044 2335 2114 multa
2363 2068 2573 2143 aper-

438 2151 625 2223 tim-a
652 2148 949 2222 videant
975 2173 1265 2221 necesse
1298 2163 1425 2221 est.
1453 2150 1748 2219 Socium
1779 2174 1954 2221 vero
1983 2174 2232 2223 cavere
2255 2158 2385 2251 qui
2413 2180 2579 2253 pos·

438 2263 731 2333 sumus?
766 2286 989 2358 quem
1016 2264 1232 2331 etiam
1268 2263 1329 2331 si
1360 2263 1791 2350 metu-imus,
1825 2262 1944 2357 jus
1971 2260 2197 2334 officii
2223 2263 2574 2339 laedimus.

436 2375 659 2445 Recte
706 2373 930 2467 igitur
965 2371 1273 2467 majores
1308 2393 1479 2441 eum
1497 2423 1516 2457 ,
1561 2372 1691 2466 qui
1725 2374 2012 2453 socium
2040 2371 2406 2447 fefellisset
2426 2432 2447 2465 ,
2497 2382 2574 2450 in

364 2580 373 2587 .
438 2484 763 2551 virorum
784 2480 1155 2551 bonorum
1180 2504 1487 2551 numero
1520 2503 1673 2550 non
1703 2495 2058 2578 putarunt
2087 2482 2337 2556 haberi
2365 2511 2581 2586 opor·

444 2604 617 2664 tere.

540 2706 633 2775 At
652 2727 825 2775 vero
840 2707 921 2777 Τ.
940 2706 1245 2776 Roscius
1268 2730 1421 2775 non
1448 2728 1686 2775 unum
1707 2706 1810 2775 rei
1841 2706 2278 2803 pecuniaria>
2299 2712 2581 2780 socium

444 2809 697 2884 fefellit
730 2813 1007 2911 (quod,
1052 2817 1335 2887 tametsi
1366 2838 1580 2911 grave
1613 2827 1762 2902 est,
1806 2827 2047 2885 tamen
2079 2814 2328 2912 aliquo
2359 2816 2582 2889 modo

446 2946 659 3021 posse
690 2922 861 2995 ferri
892 2924 1255 3019 videtur);
1287 2948 1542 2996 verum
1565 2947 1830 2995 novem
1857 2924 2191 2997 homines
2222 2925 2581 2999 honestis-

448 3036 668 3105 simos
690 3087 711 3122 ,
742 3033 1067 3131 ejusdem
1094 3038 1417 3107 muneris
1441 3088 1461 3124 ,
1492 3035 1896 3130 legationis,
1925 3032 2174 3123 officii,
2205 3036 2583 3108 mandato·

448 3260 553 3293 non
588 3259 651 3292 ex
675 3243 787 3304 jure
822 3260 879 3291 ac
902 3243 1112 3293 formula
1128 3278 1143 3303 ,
1166 3252 1223 3291 ut
1248 3242 1473 3304 judicem
1554 3241 1748 3302 judicio
1774 3242 1842 3293 ad
1873 3242 2000 3291 illud
2024 3258 2116 3308 pro
2147 3244 2286 3292 socio
2308 3258 2323 3294 ε
2364 3246 2478 3310 quin
2505 3264 2586 3295 eo·

450 3322 540 3371 ned
562 3339 626 3370 ex
656 3323 886 3387 equitate
928 3334 977 3371 et
1012 3322 1325 3372 conscientia.
1355 3320 1471 3371 vid.
1563 3321 1669 3369 cios
1719 3322 1935 3384 ejusdem
1979 3323 2232 3387 legationis
2275 3334 2324 3373 et
2370 3326 2587 3376 mandnti

448 3418 545 3468 pro
576 3406 729 3451 Roec.
753 3402 895 3451 Com.
915 3418 1023 3467 etp.
1053 3411 1103 3459 4.
1132 3404 1286 3450 Datus
1316 3412 1418 3449 erat
1445 3417 1475 3449 a
1562 3402 1624 3450 T.
1639 3403 1848 3451 Roscius
1870 3402 2092 3450 eluserat.

451 3492 683 3545 praetore,
721 3492 771 3529 et
791 3481 921 3546 apud
950 3498 1061 3529 eum
1083 3482 1303 3545 quaednm
1321 3498 1350 3529 ι
1368 3479 1475 3529 liti-
1639 3495 1686 3529 ο.
1733 3480 2194 3529 Αηίηιαᾰνενωιιάα.
2235 3481 2461 3531 Graviter
2495 3500 2590 3550 pu-

454 3560 677 3625 gantibus
693 3561 1019 3625 reponebatur
1034 3562 1257 3627 pecunioe
1275 3578 1476 3622 summa,
1563 3559 1758 3609 nienda.

452 3655 597 3703 quam
627 3642 898 3704 :mitten-et,
937 3640 1025 3705 qui
1050 3642 1156 3703 ejus
1172 3640 1365 3702 judicio
1390 3657 1475 3690 ae·
1637 3640 1688 3687 3.
1730 3638 1863 3686 Tecti
1894 3653 2008 3686 esse.
2052 3637 2239 3687 Muniti
2279 3655 2383 3690 esse
2417 3656 2590 3707 possu-

453 3718 699 3785 quiescere
728 3717 945 3768 nolebat.
1566 3732 1674 3765 mu·
1699 3716 1930 3764 adversm
1955 3716 2170 3777 alienon
2206 3718 2394 3769 intimiu
2427 3735 2594 3772 nutem

450 3820 459 3827 ·
526 3816 579 3861 7.
608 3798 801 3847 Publice
811 3830 941 3849 .....
963 3798 1246 3861 mandatus.
1276 3798 1479 3847 Publica
1567 3808 1732 3862 patere
1764 3796 1915 3844 multa
1943 3810 2138 3844 necesse
2177 3809 2279 3859 σείς
2323 3802 2449 3849 coeii
2483 3804 2597 3868 ipso

456 3878 763 3927 auctoritate.
786 3907 853 3917 —-
880 3877 1075 3927 Roscio.
1099 3878 1347 3943 Capitoni.
1569 3875 1816 3924 societatis
1848 3876 1957 3936 jure
1996 3874 2162 3923 omnin
2204 3878 2382 3928 sciunt.
2423 3884 2597 3946 Itaque

456 3988 465 3997 ·
526 3956 578 4004 8.
599 3956 775 4005 Nescio
802 3956 942 4021 quid.
970 3958 1157 4023 Saepius
1182 3959 1234 4006 in
1262 3969 1483 4008 contem·
1571 3955 1758 4003 alienos
1785 3970 1957 4003 cavere
1983 3970 2266 4020 possumus,
2287 3970 2433 4023 atque
2453 3962 2599 4009 etiam

458 4043 597 4099 ptum
620 4034 802 4084 dicitnr
822 4035 884 4083 de
906 4052 957 4083 re
978 4051 1145 4099 parva.
1571 4034 1801 4093 intimos,
1835 4033 2043 4098 quibus,
2077 4036 2169 4083 etsi
2203 4038 2354 4086 multa
2376 4072 2392 4099 ,
2438 4049 2598 4087 tamen

528 4118 635 4167 ΙΙ..
672 4133 717 4165 ι.
747 4116 955 4166 Fallere.
974 4116 1169 4167 Transit
1203 4132 1231 4165 a
1268 4115 1486 4166 mandati
1577 4113 1740 4163 omnia
1767 4130 1872 4163 non
1897 4124 2084 4180 patent.
2132 4114 2330 4165 Socim
2367 4132 2483 4167 vero
2518 4132 2598 4167 ea-
