2984 4684
758 376 873 447 IN
923 375 1352 447 VERREM
1400 377 1618 448 ACT.
1660 377 1778 464 ΙΙ,
1829 377 2016 448 LIB.
2057 382 2110 448 I.
2361 376 2502 452 355

373 503 596 591 ditur,
638 504 775 573 nisi
812 501 967 596 ejus
997 499 1137 588 rei,
1174 523 1339 596 quae
1376 524 1506 572 sua
1535 496 1842 598 sponte-³
1881 500 2226 573 Scelerata
2259 526 2342 574 ac
2373 527 2506 576 ne-

372 613 547 686 faria
576 626 721 699 est,
750 625 867 701 ut,
889 610 1167 682 etiamsi
1187 610 1297 682 lex
1323 634 1477 681 non
1504 625 1725 699 esset,
1755 634 2196 710 magnopere
2218 614 2507 687 vitanda

375 722 607 796 fuerit.
646 726 883 819 Atque
931 721 1009 792 in
1049 719 1163 792 his
1206 720 1427 792 rebus
1464 720 1694 792 multa
1733 719 2062 794 videmus
2116 723 2215 794 ita
2263 741 2510 798 sancta

374 860 525 907 esse
553 832 835 931 legibus
856 885 877 920 ,
913 846 1000 903 ut
1033 844 1201 904 ante
1235 829 1421 903 facta
1448 832 1526 902 in
1552 830 1907 927 judicium
1941 857 2092 903 non
2127 851 2505 908 vocentur.

374 944 758 1018 Cornelia‘*
790 944 1325 1015 testamentaria
1345 996 1365 1029 ‚
1401 943 1843 1031 nummaria,
1883 957 2137 1014 ceterae
2181 946 2510 1042 complu-

374 1082 489 1129 res
517 1083 534 1126 ε
564 1057 645 1126 in
674 1053 943 1152 quibus
971 1079 1121 1124 non
1143 1053 1265 1149 jus
1288 1051 1586 1151 aliquod
1621 1077 1898 1125 novum
1933 1053 2214 1152 populo
2241 1060 2512 1128 consti-

375 1169 629 1250 tuitur,
663 1163 791 1238 sed
820 1166 1165 1253 sancitur,
1205 1179 1323 1253 ut,
1364 1162 1566 1262 quod
1605 1187 1892 1264 semper
1923 1165 2198 1236 malum
2233 1163 2512 1239 facinus

373 1276 627 1370 fuerit,
663 1277 821 1372 ejus
852 1279 1155 1374 quaestio
1190 1274 1283 1347 ad
1314 1273 1725 1375 populum⁵
1763 1277 2162 1374 pertineat,
2187 1301 2277 1347 ex
2304 1293 2508 1349 certo

373 1405 721 1488 tempore.
768 1392 879 1458 De
911 1386 1074 1482 jure
1114 1410 1291 1459 vero
1333 1387 1522 1458 civili
1558 1390 1616 1458 si
1662 1387 1826 1485 quis
1862 1388 2034 1458 novi
2076 1385 2260 1484 quid
2302 1389 2510 1461 insti-

374 1501 549 1583 tuit,
587 1499 647 1568 is
687 1493 885 1568 non⁶
928 1497 1207 1584 omnia,
1257 1520 1421 1593 quae
1473 1497 1643 1568 ante
1695 1509 1854 1568 acta
1890 1511 2095 1584 sunt,
2151 1512 2308 1570 rata
2358 1523 2514 1572 esse

374 1607 736 1708 patietur?
772 1606 973 1680 Cedo
1000 1607 1181 1678 mihi
1206 1608 1399 1705 leges
1433 1609 1748 1697 AtiniaS,
1781 1609 2096 1697 Furias⁷‚
2129 1610 2393 1706 ipsam,
2428 1625 2514 1682 ut

375 1720 521 1791 dixi
536 1773 563 1802 ‚.
588 1718 991 1790 Voconiam
1011 1771 1032 1807 ‚
1089 1742 1346 1789 omnes
1385 1733 1732 1817 praeterea
1767 1717 1862 1788 de
1899 1717 2065 1813 jure
2099 1718 2330 1807 civili3
2369 1719 2512 1793 hoc

374 1831 689 1928 reperies
726 1830 803 1900 in
842 1828 1187 1900 omnibus
1226 1829 1442 1900 statui
1476 1830 1629 1925 jus»,
1685 1853 1837 1926 quo
1875 1844 2041 1927 post
2080 1853 2238 1900 eam
2279 1830 2512 1929 legem

374 1942 693 2040 populus
726 1955 995 2012 utatur.
1032 1942 1178 2031 Qui
1207 1941 1605 2039 plurimum
1646 1938 1984 2011 tribuunt
2019 1940 2294 2030 edict0‚
2331 1965 2519 2039 prae-

377 2051 552 2122 toris
596 2050 918 2122 edictum
959 2051 1191 2149 legem
1232 2074 1555 2122 annuam
1597 2049 1852 2121 dicunt
1899 2074 2074 2122 esse.
2122 2055 2232 2122 Tu
2275 2050 2514 2124 edicto

374 2161 549 2260 plus
562 2161 1090 2259 complecteris,-
1106 2185 1328 2259 quam
1354 2161 1533 2258 lege.
1565 2161 1639 2232 Si
1663 2159 1890 2232 finem
1917 2159 2158 2232 edicto
2187 2153 2516 2260 praetoris

374 2271 691 2372 afferunt
744 2270 1071 2343 kalendae
1112 2272 1456 2367 januarii3
1507 2294 1640 2341 cur
1681 2293 1834 2340 non
1877 2271 2165 2340 initium
2215 2295 2517 2369 quoque

378 2362 591 2454 edicti
623 2383 946 2452 nascitur
979 2405 1021 2451 a
1054 2379 1383 2450 kalendis
1407 2379 1766 2474 januarii?
1801 2403 1896 2449 an
1925 2379 2004 2448 in
2038 2404 2209 2451 eum
2240 2404 2518 2452 annum

378 2490 712 2590 progredi
730 2516 950 2562 nemo
969 2492 1239 2588 poterit
1264 2489 1534 2574 edicto,
1555 2511 1707 2585 quo
1734 2503 2000 2584 praetor
2021 2489 2204 2560 alius
2228 2488 2520 2562 futurus

378 2616 526 2690 est3
564 2602 641 2672 in
673 2601 881 2670 illum
904 2653 924 2686 ,
960 2623 1113 2696 quo
1155 2598 1337 2670 alius
1379 2610 1645 2696 praetor
1680 2595 1856 2684 fuit,
1899 2597 2399 2695 regredietur?

471 2714 723 2783 XLIII.
790 2712 893 2780 Ac
938 2710 998 2780 si
1050 2708 1193 2780 hoc
1231 2709 1413 2805 juris
1456 2731 1612 2778 non
1653 2707 1876 2778 unius
1931 2729 2144 2780 causa
2198 2707 2520 2782 hominis

378 2820 719 2896 edixisses
746 2877 766 2910 ‚
802 2822 1081 2892 cautius
1116 2819 1658 2917 composuisse&
1697 2815 1984 2905 Scribis»,
2002 2839 2064 2889 s1
2099 2843 2261 2904 Qms
2298 2845 2518 2893 unne-

382 2958 531 3004 »ΕΜ
578 2936 823 3022 ΕΕοιτζ
858 2955 1180 3004 rsscnm‘r.
1224 2929 1457 3022 Quid¹
1503 2931 1561 3001 si
1605 2928 1770 3028 plus
1821 2927 2116 3025 legarit,
2164 2955 2385 3028 quam
2428 2932 2521 3004 ad

451 3113 502 3165 3.
517 3116 618 3163 Sua
634 3126 821 3179 sponte.
844 3117 919 3163 Ex
936 3115 1147 3164 naturali
1162 3116 1407 3179 interpre-
1494 3127 1688 3172 casare,
1711 3111 1923 3174 ideoque
1944 3123 2078 3161 recte
2097 3111 2328 3161 dicuntur
2351 3130 2522 3163 eorum

378 3196 583 3243 tatione.
1493 3193 1786 3256 questiones
1803 3190 1867 3239 ad
1883 3192 2126 3256 populum
2141 3193 2520 3258 pertinere.Vid.

454 3284 507 3328 4.
531 3274 783 3347 Cornelia,
814 3286 920 3323 test.
939 3275 1065 3324 LV.
1084 3275 1144 3321 1..
1176 3299 1250 3316 ——
1281 3274 1407 3322 Sunt
1493 3272 1658 3322 Divin.
1679 3273 1732 3320 in
1761 3287 1972 3338 prooem.

380 3350 671 3400 nominativi
691 3353 930 3413 absoluti,
948 3354 1085 3418 quasi
1100 3351 1234 3401 dicae
1249 3386 1263 3412 ,
1282 3373 1308 3394 σι
1325 3368 1409 3399 cu-
1521 3351 1524 3356 ’
1566 3353 1617 3401 6.
1649 3351 1804 3400 Abest
1829 3369 1958 3410 non,
1993 3362 2042 3400 et
2076 3349 2170 3416 leg.
2187 3352 2400 3416 patitur.
2444 3355 2524 3401 Se-

378 3433 460 3493 jus
486 3432 675 3496 generis
700 3443 841 3492 eunt,
872 3445 967 3482 ete.
985 3455 1010 3475 n
1046 3435 1148 3481 Has
1171 3433 1303 3498 legen
1329 3442 1403 3480 tu·
1494 3433 1691 3498 quimur
1715 3433 1868 3481 Prisc.
1889 3443 1939 3480 et
1966 3431 2115 3480 codd.
2135 3433 2245 3479 Par.
2263 3434 2296 3481 J
2299 3469 2312 3480 .
2327 3421 2391 3480 V.
2413 3433 2469 3480 L.

382 3510 506 3559 lem
538 3513 593 3559 1..
622 3512 775 3560 Corn.
804 3509 935 3560 Sulla
969 3515 1032 3561 A.
1055 3513 1123 3560 U.
1144 3513 1263 3573 673.
1282 3511 1401 3561 vid.
1566 3529 1612 3574 7.
1643 3510 1772 3570 Alii,
1806 3511 2283 3576 «Furins‚1·'usias».
2304 3511 2338 3558 J
2343 3547 2358 3560 .
2372 3511 2437 3558 V.
2467 3513 2521 3561 L.

384 3591 572 3654 Digest.
597 3589 838 3648 XLVIII,
868 3606 957 3639 ro.·
1521 3594 1528 3602 '
1562 3593 1742 3640 XLIII.
1770 3608 1815 3640 1.
1838 3592 1969 3640 Olim
1997 3591 2147 3655 quod.
2175 3591 2226 3640 J.
2243 3589 2311 3640 V.
2332 3591 2524 3638 1..-—1n

455 3672 504 3720 5.
534 3667 625 3718 Ad
645 3670 902 3735 populum.
931 3672 973 3717 1.
991 3684 1036 3717 e.
1055 3667 1309 3732 publicum
1328 3669 1406 3728 ju·
1490 3673 1588 3721 hoc
1614 3671 1759 3718 etiam
1784 3682 1957 3735 peccat
1974 3672 2151 3718 Verres
2168 3705 2183 3728 ,
2211 3671 2347 3734 quod
2368 3687 2523 3720 unum

385 3749 569 3799 dicium
606 3750 669 3798 de
706 3765 769 3798 eo
808 3748 1061 3798 habeatur.
1105 3749 1267 3810 Quare
1302 3763 1407 3797 nou
1494 3761 1684 3799 tantum
1702 3760 1848 3814 caput
1861 3749 2226 3814 legisVoconiae
2240 3752 2293 3799 in
2311 3751 2526 3800 edictum

384 3841 511 3890 erat,
538 3829 677 3894 quod
707 3831 907 3878 Hotom.
938 3838 989 3876 et
1016 3825 1234 3876 Lamhin-
1258 3829 1407 3875 corri-
1490 3845 1635 3880 suum
1655 3831 1972 3891 transtulerit,
1989 3830 2212 3894 neglecto
2227 3831 2402 3891 altero,
2423 3854 2444 3876 ·
2461 3849 2526 3881 ne

388 3911 597 3972 gendum
661 3919 919 3974 putarent:
985 3929 1009 3949 α
1028 3907 1094 3955 ad
1148 3919 1405 3970 praetorem
1494 3909 1606 3975 plus
1619 3908 1846 3973 cuiquam
1858 3910 2118 3975 legaretur,
2136 3926 2282 3975 quam
2296 3911 2357 3960 ad
2372 3912 2525 3976 legiti-

388 3991 627 4052 pertineat
636 4013 678 4041 n.
707 3992 767 4038 In
786 3990 933 4051 hujus
954 3989 1084 4037 enim
1113 3988 1301 4052 generis
1318 3989 1409 4035 cri·
1497 4007 1604 4038 mos
1624 3987 1831 4037 heredes
1848 3989 2102 4054 pervenire
2123 4002 2324 4056 posset»-
2341 4029 2358 4053 ,
2385 3991 2525 4057 quod

388 4067 624 4130 minibue,
648 4069 850 4120 cuilibet
875 4087 902 4118 e
928 4067 1117 4134 populo
1139 4066 1317 4116 licebat
1336 4083 1409 4116 ac·
1499 4079 1646 4134 caput
1665 4071 1824 4118 omitti
1841 4087 1943 4119 non
1967 4081 2274 4136 oportuerat,
2299 4074 2340 4120 εἰ
2361 4090 2524 4122 revera

2165 4157 2281 4230 23.
