<?xml version="1.0" encoding="UTF-8"?>
<!DOCTYPE html PUBLIC "-//W3C//DTD XHTML 1.0 Transitional//EN"
    "http://www.w3.org/TR/xhtml1/DTD/xhtml1-transitional.dtd">
<html xmlns="http://www.w3.org/1999/xhtml" xml:lang="en" lang="en">
 <head>
  <title>
</title>
<meta http-equiv="Content-Type" content="text/html;charset=utf-8" />
  <meta name='ocr-system' content='tesseract 3.04.00' />
  <meta name='ocr-capabilities' content='ocr_page ocr_carea ocr_par ocr_line ocrx_word'/>
</head>
<body>
  <div class='ocr_page' id='page_1' title='image "./mtciceronisquae03lemagoog_0044.png"; bbox 0 0 2984 4684; ppageno 0'>
   <div class='ocr_carea' id='block_1_1' title="bbox 582 406 627 489">
    <p class='ocr_par' dir='ltr' id='par_1_1' title="bbox 582 406 627 489">
     <span class='ocr_line' id='line_1_1' title="bbox 582 406 627 489; baseline 0 0"><span class='ocrx_word' id='word_1_1' title='bbox 582 406 627 489; x_wconf 80' lang='grc' dir='ltr'><strong>ίι</strong></span> 
     </span>
    </p>
   </div>
   <div class='ocr_carea' id='block_1_2' title="bbox 1256 397 2023 469">
    <p class='ocr_par' dir='ltr' id='par_1_2' title="bbox 1256 397 2023 469">
     <span class='ocr_line' id='line_1_2' title="bbox 1256 397 2023 469; baseline -0.001 -3"><span class='ocrx_word' id='word_1_2' title='bbox 1256 397 2023 469; x_wconf 87' lang='lat' dir='ltr'><strong>ARGUMENTUM.</strong></span> 
     </span>
    </p>
   </div>
   <div class='ocr_carea' id='block_1_3' title="bbox 654 518 2768 4192">
    <p class='ocr_par' dir='ltr' id='par_1_3' title="bbox 658 518 2714 695">
     <span class='ocr_line' id='line_1_3' title="bbox 668 518 2714 601; baseline -0.002 -17"><span class='ocrx_word' id='word_1_3' title='bbox 668 525 825 584; x_wconf 87' lang='lat' dir='ltr'><strong>bona</strong></span> <span class='ocrx_word' id='word_1_4' title='bbox 858 522 1206 601; x_wconf 80' lang='lat' dir='ltr'><strong>proscribit,</strong></span> <span class='ocrx_word' id='word_1_5' title='bbox 1258 535 1317 580; x_wconf 87' lang='lat' dir='ltr'><strong>et</strong></span> <span class='ocrx_word' id='word_1_6' title='bbox 1360 534 1668 599; x_wconf 82' lang='lat' dir='ltr'><strong>antequam</strong></span> <span class='ocrx_word' id='word_1_7' title='bbox 1711 518 1972 598; x_wconf 85' lang='lat' dir='ltr'><strong>jussisset</strong></span> <span class='ocrx_word' id='word_1_8' title='bbox 2011 530 2266 598; x_wconf 77' lang='lat' dir='ltr'><strong>praetor,</strong></span> <span class='ocrx_word' id='word_1_9' title='bbox 2321 518 2628 593; x_wconf 88' lang='lat' dir='ltr'><strong>Quintium</strong></span> <span class='ocrx_word' id='word_1_10' title='bbox 2678 542 2714 580; x_wconf 88' lang='lat' dir='ltr'><strong>e</strong></span> 
     </span>
     <span class='ocr_line' id='line_1_4' title="bbox 658 616 1940 695; baseline -0.006 -14"><span class='ocrx_word' id='word_1_11' title='bbox 658 619 1063 681; x_wconf 89' lang='lat' dir='ltr'><strong>communibus</strong></span> <span class='ocrx_word' id='word_1_12' title='bbox 1092 620 1153 678; x_wconf 89' lang='lat' dir='ltr'><strong>in</strong></span> <span class='ocrx_word' id='word_1_13' title='bbox 1180 618 1367 677; x_wconf 89' lang='lat' dir='ltr'><strong>Gallia</strong></span> <span class='ocrx_word' id='word_1_14' title='bbox 1398 616 1572 675; x_wconf 89' lang='lat' dir='ltr'><strong>bonis</strong></span> <span class='ocrx_word' id='word_1_15' title='bbox 1599 616 1728 695; x_wconf 81' lang='lat' dir='ltr'>ejici</span> <span class='ocrx_word' id='word_1_16' title='bbox 1759 630 1940 675; x_wconf 89' lang='lat' dir='ltr'><strong>curat.</strong></span> 
     </span>
    </p>

    <p class='ocr_par' dir='ltr' id='par_1_4' title="bbox 654 710 2736 2157">
     <span class='ocr_line' id='line_1_5' title="bbox 738 710 2717 795; baseline -0.002 -18"><span class='ocrx_word' id='word_1_17' title='bbox 738 722 905 777; x_wconf 84' lang='lat' dir='ltr'><strong>Tunc</strong></span> <span class='ocrx_word' id='word_1_18' title='bbox 938 736 1082 775; x_wconf 82' lang='lat' dir='ltr'><strong>vero</strong></span> <span class='ocrx_word' id='word_1_19' title='bbox 1115 712 1560 795; x_wconf 80' lang='lat' dir='ltr'>proscriptionis</span> <span class='ocrx_word' id='word_1_20' title='bbox 1594 713 1822 772; x_wconf 90' lang='lat' dir='ltr'><strong>libellos</strong></span> <span class='ocrx_word' id='word_1_21' title='bbox 1863 716 1994 772; x_wconf 86' lang='lat' dir='ltr'><strong>Sex.</strong></span> <span class='ocrx_word' id='word_1_22' title='bbox 2031 710 2334 790; x_wconf 83' lang='lat' dir='ltr'><strong>Alphenus</strong></span> <span class='ocrx_word' id='word_1_23' title='bbox 2381 711 2614 790; x_wconf 82' lang='lat' dir='ltr'><strong>dejicit,</strong></span> <span class='ocrx_word' id='word_1_24' title='bbox 2653 734 2717 773; x_wconf 90' lang='lat' dir='ltr'><strong>se</strong></span> 
     </span>
     <span class='ocr_line' id='line_1_6' title="bbox 660 807 2718 893; baseline -0.001 -21"><span class='ocrx_word' id='word_1_25' title='bbox 660 814 884 889; x_wconf 88' lang='lat' dir='ltr'><strong>Quintii</strong></span> <span class='ocrx_word' id='word_1_26' title='bbox 911 826 1351 893; x_wconf 88' lang='lat' dir='ltr'><strong>procuratorem</strong></span> <span class='ocrx_word' id='word_1_27' title='bbox 1373 809 1707 883; x_wconf 86' lang='lat' dir='ltr'><strong>denuntiat,</strong></span> <span class='ocrx_word' id='word_1_28' title='bbox 1729 823 1788 868; x_wconf 88' lang='lat' dir='ltr'><strong>et</strong></span> <span class='ocrx_word' id='word_1_29' title='bbox 1812 808 2035 887; x_wconf 89' lang='lat' dir='ltr'><strong>judicio</strong></span> <span class='ocrx_word' id='word_1_30' title='bbox 2063 807 2456 867; x_wconf 85' lang='lat' dir='ltr'><strong>defensurum.</strong></span> <span class='ocrx_word' id='word_1_31' title='bbox 2479 810 2718 871; x_wconf 80' lang='lat' dir='ltr'><strong>Naevius</strong></span> 
     </span>
     <span class='ocr_line' id='line_1_7' title="bbox 660 905 2721 989; baseline -0.001 -20"><span class='ocrx_word' id='word_1_32' title='bbox 660 912 879 971; x_wconf 87' lang='lat' dir='ltr'><strong>interea</strong></span> <span class='ocrx_word' id='word_1_33' title='bbox 898 910 1175 989; x_wconf 85' lang='lat' dir='ltr'><strong>postulat,</strong></span> <span class='ocrx_word' id='word_1_34' title='bbox 1190 922 1255 967; x_wconf 89' lang='lat' dir='ltr'><strong>ut</strong></span> <span class='ocrx_word' id='word_1_35' title='bbox 1282 920 1631 986; x_wconf 84' lang='lat' dir='ltr'><strong>procurator</strong></span> <span class='ocrx_word' id='word_1_36' title='bbox 1649 905 1976 983; x_wconf 87' lang='lat' dir='ltr'><strong>judicatum</strong></span> <span class='ocrx_word' id='word_1_37' title='bbox 2001 905 2150 964; x_wconf 85' lang='lat' dir='ltr'><strong>solvi</strong></span> <span class='ocrx_word' id='word_1_38' title='bbox 2179 905 2440 976; x_wconf 86' lang='lat' dir='ltr'><strong>satisdet‚</strong></span> <span class='ocrx_word' id='word_1_39' title='bbox 2475 907 2516 965; x_wconf 89' lang='lat' dir='ltr'><strong>i.</strong></span> <span class='ocrx_word' id='word_1_40' title='bbox 2541 928 2596 965; x_wconf 89' lang='lat' dir='ltr'><strong>e.</strong></span> <span class='ocrx_word' id='word_1_41' title='bbox 2630 907 2721 967; x_wconf 88' lang='lat' dir='ltr'><strong>lo-</strong></span> 
     </span>
     <span class='ocr_line' id='line_1_8' title="bbox 656 1002 2720 1086; baseline -0.002 -20"><span class='ocrx_word' id='word_1_42' title='bbox 656 1009 913 1086; x_wconf 86' lang='lat' dir='ltr'><strong>cupletes</strong></span> <span class='ocrx_word' id='word_1_43' title='bbox 941 1006 1038 1065; x_wconf 91' lang='lat' dir='ltr'><strong>det</strong></span> <span class='ocrx_word' id='word_1_44' title='bbox 1066 1004 1429 1083; x_wconf 82' lang='lat' dir='ltr'><strong>fidejussores</strong></span> <span class='ocrx_word' id='word_1_45' title='bbox 1446 1046 1465 1075; x_wconf 93' lang='lat'><strong>,</strong></span> <span class='ocrx_word' id='word_1_46' title='bbox 1493 1003 1598 1079; x_wconf 88' lang='lat' dir='ltr'><strong>qui</strong></span> <span class='ocrx_word' id='word_1_47' title='bbox 1623 1022 1731 1061; x_wconf 89' lang='lat' dir='ltr'><strong>suo</strong></span> <span class='ocrx_word' id='word_1_48' title='bbox 1755 1002 2019 1081; x_wconf 85' lang='lat' dir='ltr'><strong>periculo</strong></span> <span class='ocrx_word' id='word_1_49' title='bbox 2049 1014 2326 1079; x_wconf 84' lang='lat' dir='ltr'><strong>praestent</strong></span> <span class='ocrx_word' id='word_1_50' title='bbox 2360 1015 2588 1063; x_wconf 86' lang='lat' dir='ltr'><strong>tantum</strong></span> <span class='ocrx_word' id='word_1_51' title='bbox 2615 1024 2720 1061; x_wconf 88' lang='lat' dir='ltr'><strong>so-</strong></span> 
     </span>
     <span class='ocr_line' id='line_1_9' title="bbox 656 1100 2724 1181; baseline -0.002 -16"><span class='ocrx_word' id='word_1_52' title='bbox 656 1108 843 1165; x_wconf 86' lang='lat' dir='ltr'><strong>lutum</strong></span> <span class='ocrx_word' id='word_1_53' title='bbox 870 1106 977 1177; x_wconf 84' lang='lat' dir='ltr'><strong>iri,</strong></span> <span class='ocrx_word' id='word_1_54' title='bbox 1018 1115 1333 1181; x_wconf 88' lang='lat' dir='ltr'><strong>quantum,</strong></span> <span class='ocrx_word' id='word_1_55' title='bbox 1354 1100 1580 1179; x_wconf 87' lang='lat' dir='ltr'><strong>judicio</strong></span> <span class='ocrx_word' id='word_1_56' title='bbox 1607 1101 1762 1159; x_wconf 80' lang='lat' dir='ltr'><strong>facto</strong></span> <span class='ocrx_word' id='word_1_57' title='bbox 1781 1143 1798 1171; x_wconf 92' lang='lat'><strong>,</strong></span> <span class='ocrx_word' id='word_1_58' title='bbox 1826 1100 1974 1159; x_wconf 86' lang='lat' dir='ltr'><strong>solvi</strong></span> <span class='ocrx_word' id='word_1_59' title='bbox 2003 1111 2339 1178; x_wconf 80' lang='lat' dir='ltr'><strong>oporteret,</strong></span> <span class='ocrx_word' id='word_1_60' title='bbox 2367 1100 2418 1158; x_wconf 90' lang='lat' dir='ltr'><strong>si</strong></span> <span class='ocrx_word' id='word_1_61' title='bbox 2441 1102 2724 1173; x_wconf 81' lang='lat' dir='ltr'><strong>Quintius</strong></span> 
     </span>
     <span class='ocr_line' id='line_1_10' title="bbox 658 1196 2724 1279; baseline -0.002 -18"><span class='ocrx_word' id='word_1_62' title='bbox 658 1202 1052 1261; x_wconf 80' lang='lat' dir='ltr'><strong>damnaretur.</strong></span> <span class='ocrx_word' id='word_1_63' title='bbox 1074 1198 1447 1279; x_wconf 80' lang='lat' dir='ltr'><strong>Cogebantur</strong></span> <span class='ocrx_word' id='word_1_64' title='bbox 1468 1212 1660 1259; x_wconf 88' lang='lat' dir='ltr'><strong>autem</strong></span> <span class='ocrx_word' id='word_1_65' title='bbox 1683 1197 1988 1267; x_wconf 80' lang='lat' dir='ltr'><strong>satisdare,</strong></span> <span class='ocrx_word' id='word_1_66' title='bbox 2013 1198 2116 1274; x_wconf 87' lang='lat' dir='ltr'><strong>qui</strong></span> <span class='ocrx_word' id='word_1_67' title='bbox 2140 1196 2534 1257; x_wconf 84' lang='lat' dir='ltr'><strong>vadimonium</strong></span> <span class='ocrx_word' id='word_1_68' title='bbox 2555 1197 2724 1258; x_wconf 89' lang='lat' dir='ltr'><strong>dese·</strong></span> 
     </span>
     <span class='ocr_line' id='line_1_11' title="bbox 657 1296 2726 1375; baseline 0 -18"><span class='ocrx_word' id='word_1_69' title='bbox 657 1313 925 1369; x_wconf 86' lang='lat' dir='ltr'><strong>ruerant,</strong></span> <span class='ocrx_word' id='word_1_70' title='bbox 950 1298 1019 1357; x_wconf 74' lang='lat' dir='ltr'><strong>&#39;si</strong></span> <span class='ocrx_word' id='word_1_71' title='bbox 1046 1298 1208 1356; x_wconf 90' lang='lat' dir='ltr'><strong>litem</strong></span> <span class='ocrx_word' id='word_1_72' title='bbox 1234 1298 1562 1355; x_wconf 87' lang='lat' dir='ltr'><strong>instaurare</strong></span> <span class='ocrx_word' id='word_1_73' title='bbox 1594 1296 1842 1367; x_wconf 88' lang='lat' dir='ltr'><strong>vellent,</strong></span> <span class='ocrx_word' id='word_1_74' title='bbox 1875 1296 2088 1373; x_wconf 88' lang='lat' dir='ltr'><strong>partim</strong></span> <span class='ocrx_word' id='word_1_75' title='bbox 2131 1316 2205 1353; x_wconf 91' lang='lat' dir='ltr'><strong>ne</strong></span> <span class='ocrx_word' id='word_1_76' title='bbox 2239 1314 2439 1355; x_wconf 88' lang='lat' dir='ltr'><strong>rursus</strong></span> <span class='ocrx_word' id='word_1_77' title='bbox 2477 1297 2726 1375; x_wconf 87' lang='lat' dir='ltr'><strong>impune</strong></span> 
     </span>
     <span class='ocr_line' id='line_1_12' title="bbox 661 1392 2725 1473; baseline -0.003 -16"><span class='ocrx_word' id='word_1_78' title='bbox 661 1398 943 1469; x_wconf 85' lang='lat' dir='ltr'><strong>fallerent,</strong></span> <span class='ocrx_word' id='word_1_79' title='bbox 970 1394 1179 1473; x_wconf 85' lang='lat' dir='ltr'><strong>partim</strong></span> <span class='ocrx_word' id='word_1_80' title='bbox 1206 1395 1346 1473; x_wconf 91' lang='lat' dir='ltr'><strong>quia</strong></span> <span class='ocrx_word' id='word_1_81' title='bbox 1368 1393 1684 1453; x_wconf 85' lang='lat' dir='ltr'><strong>creditores</strong></span> <span class='ocrx_word' id='word_1_82' title='bbox 1706 1392 1987 1471; x_wconf 86' lang='lat' dir='ltr'><strong>suspicari</strong></span> <span class='ocrx_word' id='word_1_83' title='bbox 2014 1403 2284 1470; x_wconf 80' lang='lat' dir='ltr'><strong>poterant</strong></span> <span class='ocrx_word' id='word_1_84' title='bbox 2309 1410 2410 1451; x_wconf 85' lang='lat' dir='ltr'><strong>eos</strong></span> <span class='ocrx_word' id='word_1_85' title='bbox 2437 1393 2725 1453; x_wconf 83' lang='lat' dir='ltr'><strong>solvendo</strong></span> 
     </span>
     <span class='ocr_line' id='line_1_13' title="bbox 659 1489 2728 1569; baseline -0.002 -16"><span class='ocrx_word' id='word_1_86' title='bbox 659 1516 777 1553; x_wconf 93' lang='lat' dir='ltr'><strong>non</strong></span> <span class='ocrx_word' id='word_1_87' title='bbox 814 1514 971 1565; x_wconf 89' lang='lat' dir='ltr'><strong>esse,</strong></span> <span class='ocrx_word' id='word_1_88' title='bbox 1004 1512 1187 1569; x_wconf 88' lang='lat' dir='ltr'><strong>quum</strong></span> <span class='ocrx_word' id='word_1_89' title='bbox 1217 1510 1425 1551; x_wconf 87' lang='lat' dir='ltr'><strong>eorum</strong></span> <span class='ocrx_word' id='word_1_90' title='bbox 1456 1489 1612 1549; x_wconf 88' lang='lat' dir='ltr'><strong>bona</strong></span> <span class='ocrx_word' id='word_1_91' title='bbox 1643 1510 1717 1548; x_wconf 84' lang='lat' dir='ltr'><strong>ex</strong></span> <span class='ocrx_word' id='word_1_92' title='bbox 1749 1490 1942 1548; x_wconf 89' lang='lat' dir='ltr'><strong>edicto</strong></span> <span class='ocrx_word' id='word_1_93' title='bbox 1971 1490 2234 1567; x_wconf 68' lang='lat' dir='ltr'><strong>praetoris</strong></span> <span class='ocrx_word' id='word_1_94' title='bbox 2264 1489 2728 1568; x_wconf 83' lang='lat' dir='ltr'><strong>possiderentur.</strong></span> 
     </span>
     <span class='ocr_line' id='line_1_14' title="bbox 656 1586 2726 1671; baseline -0.003 -18"><span class='ocrx_word' id='word_1_95' title='bbox 656 1598 845 1671; x_wconf 79' lang='lat' dir='ltr'><strong>Negat</strong></span> <span class='ocrx_word' id='word_1_96' title='bbox 870 1590 1175 1669; x_wconf 81' lang='lat' dir='ltr'><strong>Alphenus</strong></span> <span class='ocrx_word' id='word_1_97' title='bbox 1197 1608 1426 1667; x_wconf 78' lang='lat' dir='ltr'><strong>aequum</strong></span> <span class='ocrx_word' id='word_1_98' title='bbox 1452 1608 1598 1657; x_wconf 87' lang='lat' dir='ltr'><strong>esse,</strong></span> <span class='ocrx_word' id='word_1_99' title='bbox 1619 1600 2062 1668; x_wconf 88' lang='lat' dir='ltr'><strong>procuratorem</strong></span> <span class='ocrx_word' id='word_1_100' title='bbox 2083 1586 2384 1660; x_wconf 80' lang='lat' dir='ltr'><strong>satisdare,</strong></span> <span class='ocrx_word' id='word_1_101' title='bbox 2399 1588 2562 1665; x_wconf 89' lang='lat' dir='ltr'><strong>quod</strong></span> <span class='ocrx_word' id='word_1_102' title='bbox 2587 1608 2726 1647; x_wconf 90' lang='lat' dir='ltr'><strong>reus</strong></span> 
     </span>
     <span class='ocr_line' id='line_1_15' title="bbox 654 1684 2728 1765; baseline -0.002 -16"><span class='ocrx_word' id='word_1_103' title='bbox 654 1689 939 1749; x_wconf 80' lang='lat' dir='ltr'><strong>satisdare</strong></span> <span class='ocrx_word' id='word_1_104' title='bbox 966 1706 1084 1746; x_wconf 91' lang='lat' dir='ltr'><strong>non</strong></span> <span class='ocrx_word' id='word_1_105' title='bbox 1113 1686 1387 1761; x_wconf 87' lang='lat' dir='ltr'><strong>deberet,</strong></span> <span class='ocrx_word' id='word_1_106' title='bbox 1416 1688 1467 1745; x_wconf 87' lang='lat' dir='ltr'><strong>si</strong></span> <span class='ocrx_word' id='word_1_107' title='bbox 1485 1688 1612 1765; x_wconf 87' lang='lat' dir='ltr'><strong>ipse</strong></span> <span class='ocrx_word' id='word_1_108' title='bbox 1631 1684 1890 1758; x_wconf 80' lang='lat' dir='ltr'><strong>adesset,</strong></span> <span class='ocrx_word' id='word_1_109' title='bbox 1918 1706 1996 1743; x_wconf 89' lang='lat' dir='ltr'><strong>sc.</strong></span> <span class='ocrx_word' id='word_1_110' title='bbox 2023 1685 2163 1763; x_wconf 85' lang='lat' dir='ltr'><strong>quia</strong></span> <span class='ocrx_word' id='word_1_111' title='bbox 2187 1704 2297 1743; x_wconf 91' lang='lat' dir='ltr'><strong>nec</strong></span> <span class='ocrx_word' id='word_1_112' title='bbox 2321 1684 2728 1745; x_wconf 83' lang='lat' dir='ltr'><strong>vadimonium</strong></span> 
     </span>
     <span class='ocr_line' id='line_1_16' title="bbox 660 1780 2730 1862; baseline -0.003 -16"><span class='ocrx_word' id='word_1_113' title='bbox 660 1788 1025 1857; x_wconf 87' lang='lat' dir='ltr'><strong>deseruerat,</strong></span> <span class='ocrx_word' id='word_1_114' title='bbox 1052 1804 1163 1843; x_wconf 89' lang='lat' dir='ltr'><strong>nec</strong></span> <span class='ocrx_word' id='word_1_115' title='bbox 1190 1782 1347 1843; x_wconf 86' lang='lat' dir='ltr'><strong>bona</strong></span> <span class='ocrx_word' id='word_1_116' title='bbox 1374 1785 1502 1861; x_wconf 85' lang='lat' dir='ltr'><strong>ejus</strong></span> <span class='ocrx_word' id='word_1_117' title='bbox 1527 1803 1604 1841; x_wconf 88' lang='lat' dir='ltr'><strong>ex</strong></span> <span class='ocrx_word' id='word_1_118' title='bbox 1626 1783 1822 1841; x_wconf 89' lang='lat' dir='ltr'><strong>edicto</strong></span> <span class='ocrx_word' id='word_1_119' title='bbox 1851 1801 1884 1840; x_wconf 85' lang='lat' dir='ltr'><strong>a</strong></span> <span class='ocrx_word' id='word_1_120' title='bbox 1914 1782 2120 1841; x_wconf 70' lang='lat' dir='ltr'><strong>Naevio</strong></span> <span class='ocrx_word' id='word_1_121' title='bbox 2149 1780 2434 1858; x_wconf 88' lang='lat' dir='ltr'><strong>possideri</strong></span> <span class='ocrx_word' id='word_1_122' title='bbox 2449 1782 2588 1860; x_wconf 88' lang='lat' dir='ltr'><strong>jure</strong></span> <span class='ocrx_word' id='word_1_123' title='bbox 2609 1802 2730 1862; x_wconf 87' lang='lat' dir='ltr'><strong>po·-</strong></span> 
     </span>
     <span class='ocr_line' id='line_1_17' title="bbox 660 1877 2732 1960; baseline -0.002 -19"><span class='ocrx_word' id='word_1_124' title='bbox 660 1896 867 1941; x_wconf 86' lang='lat' dir='ltr'><strong>terant.</strong></span> <span class='ocrx_word' id='word_1_125' title='bbox 901 1881 1293 1960; x_wconf 82' lang='lat' dir='ltr'><strong>Appellantur</strong></span> <span class='ocrx_word' id='word_1_126' title='bbox 1325 1878 1576 1938; x_wconf 88' lang='lat' dir='ltr'><strong>tribuni:</strong></span> <span class='ocrx_word' id='word_1_127' title='bbox 1597 1879 1834 1957; x_wconf 87' lang='lat' dir='ltr'><strong>petitur,</strong></span> <span class='ocrx_word' id='word_1_128' title='bbox 1865 1890 1932 1937; x_wconf 91' lang='lat' dir='ltr'><strong>ut</strong></span> <span class='ocrx_word' id='word_1_129' title='bbox 1965 1877 2242 1937; x_wconf 88' lang='lat' dir='ltr'><strong>adversus</strong></span> <span class='ocrx_word' id='word_1_130' title='bbox 2277 1878 2532 1938; x_wconf 85' lang='lat' dir='ltr'><strong>edictum</strong></span> <span class='ocrx_word' id='word_1_131' title='bbox 2574 1885 2732 1939; x_wconf 81' lang='lat' dir='ltr'><strong>Bur-</strong></span> 
     </span>
     <span class='ocr_line' id='line_1_18' title="bbox 662 1975 2736 2057; baseline 0 -21"><span class='ocrx_word' id='word_1_132' title='bbox 662 1978 853 2039; x_wconf 89' lang='lat' dir='ltr'><strong>rbieni</strong></span> <span class='ocrx_word' id='word_1_133' title='bbox 878 1979 1239 2037; x_wconf 85' lang='lat' dir='ltr'><strong>intercedant</strong></span> <span class='ocrx_word' id='word_1_134' title='bbox 1264 2000 1283 2051; x_wconf 90' lang='lat'>;</span> <span class='ocrx_word' id='word_1_135' title='bbox 1330 1990 1391 2035; x_wconf 89' lang='lat' dir='ltr'><strong>et</strong></span> <span class='ocrx_word' id='word_1_136' title='bbox 1418 1975 1564 2035; x_wconf 85' lang='lat' dir='ltr'><strong>idib.</strong></span> <span class='ocrx_word' id='word_1_137' title='bbox 1595 1989 1742 2054; x_wconf 83' lang='lat' dir='ltr'><strong>sept.</strong></span> <span class='ocrx_word' id='word_1_138' title='bbox 1767 1982 1832 2035; x_wconf 89' lang='lat' dir='ltr'><strong>P.</strong></span> <span class='ocrx_word' id='word_1_139' title='bbox 1857 1976 2162 2050; x_wconf 91' lang='lat' dir='ltr'><strong>Quintium</strong></span> <span class='ocrx_word' id='word_1_140' title='bbox 2187 1976 2312 2035; x_wconf 88' lang='lat' dir='ltr'><strong>sisti</strong></span> <span class='ocrx_word' id='word_1_141' title='bbox 2339 1980 2474 2037; x_wconf 85' lang='lat' dir='ltr'><strong>Sex.</strong></span> <span class='ocrx_word' id='word_1_142' title='bbox 2501 1978 2736 2057; x_wconf 73' lang='lat' dir='ltr'><strong>Alphe-</strong></span> 
     </span>
     <span class='ocr_line' id='line_1_19' title="bbox 666 2077 1121 2157; baseline 0.002 -23"><span class='ocrx_word' id='word_1_143' title='bbox 666 2097 779 2135; x_wconf 88' lang='lat' dir='ltr'><strong>nus</strong></span> <span class='ocrx_word' id='word_1_144' title='bbox 810 2077 1121 2157; x_wconf 88' lang='lat' dir='ltr'><strong>promittit.</strong></span> 
     </span>
    </p>

    <p class='ocr_par' dir='ltr' id='par_1_5' title="bbox 665 2173 2768 4192">
     <span class='ocr_line' id='line_1_20' title="bbox 744 2173 2740 2249; baseline 0.001 -17"><span class='ocrx_word' id='word_1_145' title='bbox 744 2175 922 2233; x_wconf 80' lang='lat' dir='ltr'><strong>Venit</strong></span> <span class='ocrx_word' id='word_1_146' title='bbox 946 2180 1193 2235; x_wconf 87' lang='lat' dir='ltr'><strong>Romam</strong></span> <span class='ocrx_word' id='word_1_147' title='bbox 1216 2174 1518 2249; x_wconf 83' lang='lat' dir='ltr'><strong>Quintius,</strong></span> <span class='ocrx_word' id='word_1_148' title='bbox 1547 2173 1946 2233; x_wconf 88' lang='lat' dir='ltr'><strong>vadimonium</strong></span> <span class='ocrx_word' id='word_1_149' title='bbox 1994 2174 2182 2233; x_wconf 89' lang='lat' dir='ltr'><strong>sistit:</strong></span> <span class='ocrx_word' id='word_1_150' title='bbox 2229 2175 2467 2235; x_wconf 83' lang='lat' dir='ltr'><strong>Naevius</strong></span> <span class='ocrx_word' id='word_1_151' title='bbox 2510 2194 2740 2233; x_wconf 88' lang='lat' dir='ltr'><strong>annum</strong></span> 
     </span>
     <span class='ocr_line' id='line_1_21' title="bbox 666 2272 2742 2353; baseline 0 -21"><span class='ocrx_word' id='word_1_152' title='bbox 666 2285 725 2332; x_wconf 92' lang='lat' dir='ltr'><strong>et</strong></span> <span class='ocrx_word' id='word_1_153' title='bbox 764 2290 869 2332; x_wconf 86' lang='lat' dir='ltr'><strong>sex</strong></span> <span class='ocrx_word' id='word_1_154' title='bbox 903 2292 1127 2333; x_wconf 88' lang='lat' dir='ltr'><strong>menses</strong></span> <span class='ocrx_word' id='word_1_155' title='bbox 1166 2274 1310 2333; x_wconf 86' lang='lat' dir='ltr'><strong>nihil</strong></span> <span class='ocrx_word' id='word_1_156' title='bbox 1346 2274 1526 2353; x_wconf 89' lang='lat' dir='ltr'><strong>petit,</strong></span> <span class='ocrx_word' id='word_1_157' title='bbox 1571 2274 1833 2351; x_wconf 87' lang='lat' dir='ltr'><strong>quiescit.</strong></span> <span class='ocrx_word' id='word_1_158' title='bbox 1880 2280 1931 2331; x_wconf 77' lang='lat' dir='ltr'>A</span> <span class='ocrx_word' id='word_1_159' title='bbox 1976 2276 2080 2333; x_wconf 88' lang='lat' dir='ltr'><strong>Cn.</strong></span> <span class='ocrx_word' id='word_1_160' title='bbox 2123 2272 2428 2333; x_wconf 79' lang='lat' dir='ltr'><strong>Dolabella</strong></span> <span class='ocrx_word' id='word_1_161' title='bbox 2475 2273 2742 2351; x_wconf 87' lang='lat' dir='ltr'><strong>denique</strong></span> 
     </span>
     <span class='ocr_line' id='line_1_22' title="bbox 666 2370 2742 2449; baseline 0.001 -22"><span class='ocrx_word' id='word_1_162' title='bbox 666 2382 917 2449; x_wconf 78' lang='lat' dir='ltr'><strong>praetore</strong></span> <span class='ocrx_word' id='word_1_163' title='bbox 952 2371 1232 2447; x_wconf 86' lang='lat' dir='ltr'><strong>postulat,</strong></span> <span class='ocrx_word' id='word_1_164' title='bbox 1276 2382 1341 2429; x_wconf 92' lang='lat' dir='ltr'><strong>ut</strong></span> <span class='ocrx_word' id='word_1_165' title='bbox 1370 2370 1481 2430; x_wconf 90' lang='lat' dir='ltr'><strong>sibi</strong></span> <span class='ocrx_word' id='word_1_166' title='bbox 1518 2371 1791 2445; x_wconf 88' lang='lat' dir='ltr'><strong>Quintius</strong></span> <span class='ocrx_word' id='word_1_167' title='bbox 1813 2370 2136 2448; x_wconf 89' lang='lat' dir='ltr'><strong>judicatum</strong></span> <span class='ocrx_word' id='word_1_168' title='bbox 2180 2370 2328 2429; x_wconf 89' lang='lat' dir='ltr'><strong>solvi</strong></span> <span class='ocrx_word' id='word_1_169' title='bbox 2373 2370 2616 2429; x_wconf 85' lang='lat' dir='ltr'><strong>satisdet</strong></span> <span class='ocrx_word' id='word_1_170' title='bbox 2659 2392 2742 2429; x_wconf 80' lang='lat' dir='ltr'><strong>ex</strong></span> 
     </span>
     <span class='ocr_line' id='line_1_23' title="bbox 665 2466 2744 2544; baseline 0 -19"><span class='ocrx_word' id='word_1_171' title='bbox 665 2466 911 2525; x_wconf 83' lang='lat' dir='ltr'><strong>formula</strong></span> <span class='ocrx_word' id='word_1_172' title='bbox 929 2508 946 2538; x_wconf 88' lang='lat'><strong>,</strong></span> <span class='ocrx_word' id='word_1_173' title='bbox 986 2470 1141 2543; x_wconf 84' lang='lat' dir='ltr'><strong>quod</strong></span> <span class='ocrx_word' id='word_1_174' title='bbox 1168 2466 1245 2524; x_wconf 84' lang='lat' dir='ltr'><strong>ab</strong></span> <span class='ocrx_word' id='word_1_175' title='bbox 1278 2488 1343 2523; x_wconf 85' lang='lat' dir='ltr'><strong>eo</strong></span> <span class='ocrx_word' id='word_1_176' title='bbox 1364 2480 1564 2544; x_wconf 83' lang='lat' dir='ltr'><strong>petat,</strong></span> <span class='ocrx_word' id='word_1_177' title='bbox 1597 2467 1758 2539; x_wconf 77' lang='lat' dir='ltr'><strong>cujus</strong></span> <span class='ocrx_word' id='word_1_178' title='bbox 1795 2488 1872 2524; x_wconf 80' lang='lat' dir='ltr'><strong>ea:</strong></span> <span class='ocrx_word' id='word_1_179' title='bbox 1903 2470 2082 2525; x_wconf 78' lang='lat' dir='ltr'><strong>edicto</strong></span> <span class='ocrx_word' id='word_1_180' title='bbox 2115 2470 2390 2544; x_wconf 81' lang='lat' dir='ltr'><strong>proeton&#39;s</strong></span> <span class='ocrx_word' id='word_1_181' title='bbox 2423 2466 2572 2525; x_wconf 82' lang='lat' dir='ltr'><strong>bona</strong></span> <span class='ocrx_word' id='word_1_182' title='bbox 2611 2470 2744 2525; x_wconf 79' lang='lat' dir='ltr'><strong>dies</strong></span> 
     </span>
     <span class='ocr_line' id='line_1_24' title="bbox 668 2563 2746 2641; baseline 0 -19"><span class='ocrx_word' id='word_1_183' title='bbox 668 2584 785 2622; x_wconf 79' lang='lat' dir='ltr'><strong>xxx</strong></span> <span class='ocrx_word' id='word_1_184' title='bbox 810 2584 1076 2640; x_wconf 85' lang='lat' dir='ltr'><strong>possessa</strong></span> <span class='ocrx_word' id='word_1_185' title='bbox 1110 2576 1262 2621; x_wconf 80' lang='lat' dir='ltr'><strong>sunt.</strong></span> <span class='ocrx_word' id='word_1_186' title='bbox 1289 2568 1510 2622; x_wconf 84' lang='lat' dir='ltr'><strong>Praetor</strong></span> <span class='ocrx_word' id='word_1_187' title='bbox 1541 2563 1820 2622; x_wconf 85' lang='lat' dir='ltr'><strong>adversus</strong></span> <span class='ocrx_word' id='word_1_188' title='bbox 1855 2564 2183 2641; x_wconf 78' lang='lat' dir='ltr'><strong>aequitatem</strong></span> <span class='ocrx_word' id='word_1_189' title='bbox 2218 2583 2286 2621; x_wconf 89' lang='lat' dir='ltr'><strong>ac</strong></span> <span class='ocrx_word' id='word_1_190' title='bbox 2314 2582 2540 2622; x_wconf 86' lang='lat' dir='ltr'><strong>morem</strong></span> <span class='ocrx_word' id='word_1_191' title='bbox 2563 2563 2746 2641; x_wconf 86' lang='lat' dir='ltr'><strong>jubet</strong></span> 
     </span>
     <span class='ocr_line' id='line_1_25' title="bbox 670 2658 2746 2735; baseline 0.001 -18"><span class='ocrx_word' id='word_1_192' title='bbox 670 2666 735 2718; x_wconf 89' lang='lat' dir='ltr'><strong>P.</strong></span> <span class='ocrx_word' id='word_1_193' title='bbox 762 2660 1085 2734; x_wconf 89' lang='lat' dir='ltr'><strong>Quintium,</strong></span> <span class='ocrx_word' id='word_1_194' title='bbox 1108 2672 1211 2717; x_wconf 85' lang='lat' dir='ltr'><strong>aut</strong></span> <span class='ocrx_word' id='word_1_195' title='bbox 1250 2658 1556 2731; x_wconf 88' lang='lat' dir='ltr'><strong>satisdare,</strong></span> <span class='ocrx_word' id='word_1_196' title='bbox 1585 2672 1688 2717; x_wconf 89' lang='lat' dir='ltr'><strong>aut</strong></span> <span class='ocrx_word' id='word_1_197' title='bbox 1717 2659 2088 2735; x_wconf 88' lang='lat' dir='ltr'><strong>sponsionem</strong></span> <span class='ocrx_word' id='word_1_198' title='bbox 2121 2678 2254 2717; x_wconf 89' lang='lat' dir='ltr'><strong>cum</strong></span> <span class='ocrx_word' id='word_1_199' title='bbox 2279 2660 2486 2719; x_wconf 84' lang='lat' dir='ltr'><strong>Naevio</strong></span> <span class='ocrx_word' id='word_1_200' title='bbox 2510 2660 2746 2733; x_wconf 80' lang='lat' dir='ltr'><strong>facere,</strong></span> 
     </span>
     <span class='ocr_line' id='line_1_26' title="bbox 668 2758 2748 2833; baseline 0 -18"><span class='ocrx_word' id='word_1_201' title='bbox 668 2762 723 2815; x_wconf 80' lang='lat' dir='ltr'><strong>si</strong></span> <span class='ocrx_word' id='word_1_202' title='bbox 746 2758 891 2815; x_wconf 81' lang='lat' dir='ltr'><strong>bona</strong></span> <span class='ocrx_word' id='word_1_203' title='bbox 916 2778 1022 2815; x_wconf 78' lang='lat' dir='ltr'><strong>sua</strong></span> <span class='ocrx_word' id='word_1_204' title='bbox 1045 2778 1122 2813; x_wconf 74' lang='lat' dir='ltr'><strong>ex</strong></span> <span class='ocrx_word' id='word_1_205' title='bbox 1142 2761 1321 2815; x_wconf 82' lang='lat' dir='ltr'><strong>edicto</strong></span> <span class='ocrx_word' id='word_1_206' title='bbox 1336 2760 1405 2814; x_wconf 90' lang='lat' dir='ltr'><strong>P.</strong></span> <span class='ocrx_word' id='word_1_207' title='bbox 1424 2760 1736 2815; x_wconf 79' lang='lat' dir='ltr'><strong>Burrhieni</strong></span> <span class='ocrx_word' id='word_1_208' title='bbox 1749 2760 2020 2833; x_wconf 78' lang='lat' dir='ltr'><strong>proeton&#39;s</strong></span> <span class='ocrx_word' id='word_1_209' title='bbox 2045 2760 2168 2815; x_wconf 83' lang='lat' dir='ltr'><strong>dies</strong></span> <span class='ocrx_word' id='word_1_210' title='bbox 2193 2778 2313 2815; x_wconf 84' lang='lat' dir='ltr'><strong>xxx</strong></span> <span class='ocrx_word' id='word_1_211' title='bbox 2324 2778 2596 2833; x_wconf 78' lang='lat' dir='ltr'><strong>possessa</strong></span> <span class='ocrx_word' id='word_1_212' title='bbox 2621 2778 2748 2815; x_wconf 77' lang='lat' dir='ltr'><strong>non</strong></span> 
     </span>
     <span class='ocr_line' id='line_1_27' title="bbox 672 2852 2751 2932; baseline 0 -21"><span class='ocrx_word' id='word_1_213' title='bbox 672 2868 883 2924; x_wconf 79' lang='lat' dir='ltr'><strong>essent,</strong></span> <span class='ocrx_word' id='word_1_214' title='bbox 918 2854 956 2911; x_wconf 89' lang='lat' dir='ltr'><strong>i.</strong></span> <span class='ocrx_word' id='word_1_215' title='bbox 980 2874 1032 2911; x_wconf 89' lang='lat' dir='ltr'><strong>e.</strong></span> <span class='ocrx_word' id='word_1_216' title='bbox 1054 2868 1215 2913; x_wconf 83' lang='lat' dir='ltr'><strong>certa</strong></span> <span class='ocrx_word' id='word_1_217' title='bbox 1237 2855 1483 2932; x_wconf 88' lang='lat' dir='ltr'><strong>pecunia</strong></span> <span class='ocrx_word' id='word_1_218' title='bbox 1511 2872 1644 2911; x_wconf 86' lang='lat' dir='ltr'><strong>eum</strong></span> <span class='ocrx_word' id='word_1_219' title='bbox 1677 2872 2034 2931; x_wconf 80' lang='lat' dir='ltr'><strong>provocare,</strong></span> <span class='ocrx_word' id='word_1_220' title='bbox 2075 2866 2138 2913; x_wconf 89' lang='lat' dir='ltr'><strong>ut</strong></span> <span class='ocrx_word' id='word_1_221' title='bbox 2163 2854 2380 2913; x_wconf 85' lang='lat' dir='ltr'><strong>nullam</strong></span> <span class='ocrx_word' id='word_1_222' title='bbox 2413 2854 2592 2913; x_wconf 77' lang='lat' dir='ltr'><strong>fuisse</strong></span> <span class='ocrx_word' id='word_1_223' title='bbox 2619 2852 2751 2912; x_wconf 89' lang='lat' dir='ltr'><strong>bo-</strong></span> 
     </span>
     <span class='ocr_line' id='line_1_28' title="bbox 670 2949 2753 3029; baseline 0.001 -22"><span class='ocrx_word' id='word_1_224' title='bbox 670 2970 879 3008; x_wconf 88' lang='lat' dir='ltr'><strong>norum</strong></span> <span class='ocrx_word' id='word_1_225' title='bbox 922 2969 1159 3008; x_wconf 89' lang='lat' dir='ltr'><strong>suorum</strong></span> <span class='ocrx_word' id='word_1_226' title='bbox 1204 2950 1630 3027; x_wconf 84' lang='lat' dir='ltr'><strong>possessionem</strong></span> <span class='ocrx_word' id='word_1_227' title='bbox 1677 2949 2041 3021; x_wconf 77' lang='lat' dir='ltr'><strong>ostenderet,</strong></span> <span class='ocrx_word' id='word_1_228' title='bbox 2091 2970 2209 3029; x_wconf 85' lang='lat' dir='ltr'><strong>qua</strong></span> <span class='ocrx_word' id='word_1_229' title='bbox 2249 2951 2472 3009; x_wconf 86' lang='lat' dir='ltr'><strong>ratione</strong></span> <span class='ocrx_word' id='word_1_230' title='bbox 2519 2952 2644 3029; x_wconf 89' lang='lat' dir='ltr'><strong>ipse</strong></span> <span class='ocrx_word' id='word_1_231' title='bbox 2679 2964 2753 3009; x_wconf 90' lang='lat' dir='ltr'><strong>ut</strong></span> 
     </span>
     <span class='ocr_line' id='line_1_29' title="bbox 678 3045 2750 3125; baseline 0 -20"><span class='ocrx_word' id='word_1_232' title='bbox 678 3048 893 3125; x_wconf 90' lang='lat' dir='ltr'><strong>petitor</strong></span> <span class='ocrx_word' id='word_1_233' title='bbox 932 3046 1130 3123; x_wconf 84' lang='lat' dir='ltr'><strong>priore</strong></span> <span class='ocrx_word' id='word_1_234' title='bbox 1172 3048 1304 3107; x_wconf 90' lang='lat' dir='ltr'><strong>loco</strong></span> <span class='ocrx_word' id='word_1_235' title='bbox 1340 3066 1572 3105; x_wconf 85' lang='lat' dir='ltr'><strong>causam</strong></span> <span class='ocrx_word' id='word_1_236' title='bbox 1613 3045 1810 3104; x_wconf 85' lang='lat' dir='ltr'><strong>dicere</strong></span> <span class='ocrx_word' id='word_1_237' title='bbox 1849 3046 2186 3123; x_wconf 81' lang='lat' dir='ltr'><strong>cogebatur.</strong></span> <span class='ocrx_word' id='word_1_238' title='bbox 2215 3046 2520 3107; x_wconf 82' lang='lat' dir='ltr'><strong>Clamabat</strong></span> <span class='ocrx_word' id='word_1_239' title='bbox 2557 3068 2750 3125; x_wconf 84' lang='lat' dir='ltr'><strong>porro</strong></span> 
     </span>
     <span class='ocr_line' id='line_1_30' title="bbox 681 3141 2754 3223; baseline 0.003 -23"><span class='ocrx_word' id='word_1_240' title='bbox 681 3144 955 3218; x_wconf 81' lang='lat' dir='ltr'><strong>Quintius</strong></span> <span class='ocrx_word' id='word_1_241' title='bbox 980 3162 1103 3201; x_wconf 91' lang='lat' dir='ltr'><strong>sese</strong></span> <span class='ocrx_word' id='word_1_242' title='bbox 1134 3141 1357 3201; x_wconf 88' lang='lat' dir='ltr'><strong>idcirco</strong></span> <span class='ocrx_word' id='word_1_243' title='bbox 1382 3144 1538 3201; x_wconf 90' lang='lat' dir='ltr'><strong>nolle</strong></span> <span class='ocrx_word' id='word_1_244' title='bbox 1571 3143 1850 3203; x_wconf 88' lang='lat' dir='ltr'><strong>satisdare</strong></span> <span class='ocrx_word' id='word_1_245' title='bbox 1870 3184 1887 3215; x_wconf 92' lang='lat'><strong>,</strong></span> <span class='ocrx_word' id='word_1_246' title='bbox 1919 3164 1994 3202; x_wconf 91' lang='lat' dir='ltr'><strong>ne</strong></span> <span class='ocrx_word' id='word_1_247' title='bbox 2023 3144 2320 3203; x_wconf 85' lang='lat' dir='ltr'><strong>videretur</strong></span> <span class='ocrx_word' id='word_1_248' title='bbox 2343 3144 2504 3203; x_wconf 85' lang='lat' dir='ltr'><strong>bona</strong></span> <span class='ocrx_word' id='word_1_249' title='bbox 2527 3165 2636 3205; x_wconf 80' lang='lat' dir='ltr'><strong>sua</strong></span> <span class='ocrx_word' id='word_1_250' title='bbox 2653 3144 2754 3223; x_wconf 83' lang='lat' dir='ltr'><strong>jn-</strong></span> 
     </span>
     <span class='ocr_line' id='line_1_31' title="bbox 684 3238 2755 3319; baseline 0.001 -20"><span class='ocrx_word' id='word_1_251' title='bbox 684 3244 903 3299; x_wconf 87' lang='lat' dir='ltr'><strong>dicasse</strong></span> <span class='ocrx_word' id='word_1_252' title='bbox 936 3260 1009 3297; x_wconf 85' lang='lat' dir='ltr'><strong>ex</strong></span> <span class='ocrx_word' id='word_1_253' title='bbox 1039 3238 1230 3297; x_wconf 89' lang='lat' dir='ltr'><strong>edicto</strong></span> <span class='ocrx_word' id='word_1_254' title='bbox 1268 3259 1550 3316; x_wconf 82' lang='lat' dir='ltr'><strong>possessa3</strong></span> <span class='ocrx_word' id='word_1_255' title='bbox 1587 3240 1746 3319; x_wconf 87' lang='lat' dir='ltr'><strong>quod</strong></span> <span class='ocrx_word' id='word_1_256' title='bbox 1779 3241 1828 3298; x_wconf 90' lang='lat' dir='ltr'><strong>si</strong></span> <span class='ocrx_word' id='word_1_257' title='bbox 1859 3240 2235 3313; x_wconf 84' lang='lat' dir='ltr'><strong>concederet,</strong></span> <span class='ocrx_word' id='word_1_258' title='bbox 2281 3241 2684 3301; x_wconf 82' lang='lat' dir='ltr'><strong>vadimonium</strong></span> <span class='ocrx_word' id='word_1_259' title='bbox 2713 3262 2755 3301; x_wconf 84' lang='lat' dir='ltr'><strong>a</strong></span> 
     </span>
     <span class='ocr_line' id='line_1_32' title="bbox 680 3335 2758 3418; baseline 0 -21"><span class='ocrx_word' id='word_1_260' title='bbox 680 3360 741 3397; x_wconf 92' lang='lat' dir='ltr'><strong>se</strong></span> <span class='ocrx_word' id='word_1_261' title='bbox 763 3337 1055 3397; x_wconf 87' lang='lat' dir='ltr'><strong>desertum</strong></span> <span class='ocrx_word' id='word_1_262' title='bbox 1080 3336 1379 3405; x_wconf 83' lang='lat' dir='ltr'><strong>fateretur,</strong></span> <span class='ocrx_word' id='word_1_263' title='bbox 1404 3349 1466 3395; x_wconf 86' lang='lat' dir='ltr'><strong>et</strong></span> <span class='ocrx_word' id='word_1_264' title='bbox 1486 3335 1702 3395; x_wconf 89' lang='lat' dir='ltr'><strong>bonam</strong></span> <span class='ocrx_word' id='word_1_265' title='bbox 1728 3337 2206 3397; x_wconf 85' lang='lat' dir='ltr'><strong>existimationem</strong></span> <span class='ocrx_word' id='word_1_266' title='bbox 2237 3336 2544 3414; x_wconf 87' lang='lat' dir='ltr'><strong>perderet;</strong></span> <span class='ocrx_word' id='word_1_267' title='bbox 2575 3358 2758 3418; x_wconf 90' lang='lat' dir='ltr'><strong>spon-</strong></span> 
     </span>
     <span class='ocr_line' id='line_1_33' title="bbox 680 3432 2758 3513; baseline 0 -20"><span class='ocrx_word' id='word_1_268' title='bbox 680 3436 900 3493; x_wconf 89' lang='lat' dir='ltr'><strong>sionem</strong></span> <span class='ocrx_word' id='word_1_269' title='bbox 930 3453 1072 3491; x_wconf 83' lang='lat' dir='ltr'><strong>vero</strong></span> <span class='ocrx_word' id='word_1_270' title='bbox 1101 3434 1151 3489; x_wconf 90' lang='lat' dir='ltr'><strong>si</strong></span> <span class='ocrx_word' id='word_1_271' title='bbox 1177 3432 1500 3491; x_wconf 87' lang='lat' dir='ltr'><strong>istiusmodi</strong></span> <span class='ocrx_word' id='word_1_272' title='bbox 1531 3434 1768 3504; x_wconf 85' lang='lat' dir='ltr'><strong>faceret,</strong></span> <span class='ocrx_word' id='word_1_273' title='bbox 1799 3452 1861 3491; x_wconf 85' lang='lat' dir='ltr'><strong>se</strong></span> <span class='ocrx_word' id='word_1_274' title='bbox 1899 3433 1974 3490; x_wconf 88' lang='lat' dir='ltr'><strong>de</strong></span> <span class='ocrx_word' id='word_1_275' title='bbox 2009 3454 2212 3505; x_wconf 75' lang='lat' dir='ltr'><strong>causa,</strong></span> <span class='ocrx_word' id='word_1_276' title='bbox 2241 3435 2302 3493; x_wconf 90' lang='lat' dir='ltr'><strong>in</strong></span> <span class='ocrx_word' id='word_1_277' title='bbox 2335 3454 2486 3511; x_wconf 85' lang='lat' dir='ltr'><strong>qua,</strong></span> <span class='ocrx_word' id='word_1_278' title='bbox 2527 3450 2758 3513; x_wconf 80' lang='lat' dir='ltr'><strong>praeter</strong></span> 
     </span>
     <span class='ocr_line' id='line_1_34' title="bbox 685 3530 2762 3611; baseline 0.001 -22"><span class='ocrx_word' id='word_1_279' title='bbox 685 3534 980 3603; x_wconf 84' lang='lat' dir='ltr'><strong>fortunas,</strong></span> <span class='ocrx_word' id='word_1_280' title='bbox 1018 3530 1171 3587; x_wconf 85' lang='lat' dir='ltr'><strong>fama</strong></span> <span class='ocrx_word' id='word_1_281' title='bbox 1198 3550 1301 3589; x_wconf 87' lang='lat' dir='ltr'><strong>sua</strong></span> <span class='ocrx_word' id='word_1_282' title='bbox 1334 3541 1393 3587; x_wconf 89' lang='lat' dir='ltr'><strong>et</strong></span> <span class='ocrx_word' id='word_1_283' title='bbox 1426 3550 1648 3589; x_wconf 87' lang='lat' dir='ltr'><strong>summa</strong></span> <span class='ocrx_word' id='word_1_284' title='bbox 1675 3530 2026 3588; x_wconf 78' lang='lat' dir='ltr'><strong>existimatio</strong></span> <span class='ocrx_word' id='word_1_285' title='bbox 2056 3532 2504 3608; x_wconf 83' lang='lat' dir='ltr'><strong>periclitaretur,</strong></span> <span class='ocrx_word' id='word_1_286' title='bbox 2545 3534 2762 3611; x_wconf 78' lang='lat' dir='ltr'><strong>priore</strong></span> 
     </span>
     <span class='ocr_line' id='line_1_35' title="bbox 683 3627 2762 3705; baseline 0 -18"><span class='ocrx_word' id='word_1_287' title='bbox 683 3629 811 3687; x_wconf 91' lang='lat' dir='ltr'><strong>loco</strong></span> <span class='ocrx_word' id='word_1_288' title='bbox 837 3630 1159 3699; x_wconf 82' lang='lat' dir='ltr'><strong>dicturum3</strong></span> <span class='ocrx_word' id='word_1_289' title='bbox 1184 3647 1315 3705; x_wconf 81' lang='lat' dir='ltr'><strong>quae</strong></span> <span class='ocrx_word' id='word_1_290' title='bbox 1348 3627 1606 3685; x_wconf 86' lang='lat' dir='ltr'><strong>conditio</strong></span> <span class='ocrx_word' id='word_1_291' title='bbox 1642 3645 1778 3684; x_wconf 88' lang='lat' dir='ltr'><strong>sane</strong></span> <span class='ocrx_word' id='word_1_292' title='bbox 1803 3639 1928 3685; x_wconf 88' lang='lat' dir='ltr'><strong>erat</strong></span> <span class='ocrx_word' id='word_1_293' title='bbox 1951 3628 2170 3705; x_wconf 86' lang='lat' dir='ltr'><strong>iniqua.</strong></span> <span class='ocrx_word' id='word_1_294' title='bbox 2201 3628 2478 3699; x_wconf 85' lang='lat' dir='ltr'><strong>Quintius</strong></span> <span class='ocrx_word' id='word_1_295' title='bbox 2509 3630 2762 3689; x_wconf 86' lang='lat' dir='ltr'><strong>tandem</strong></span> 
     </span>
     <span class='ocr_line' id='line_1_36' title="bbox 687 3722 2762 3802; baseline 0.002 -20"><span class='ocrx_word' id='word_1_296' title='bbox 687 3744 759 3786; x_wconf 82' lang='lat' dir='ltr'><strong>ex</strong></span> <span class='ocrx_word' id='word_1_297' title='bbox 796 3724 1021 3783; x_wconf 86' lang='lat' dir='ltr'><strong>duabus</strong></span> <span class='ocrx_word' id='word_1_298' title='bbox 1058 3722 1493 3783; x_wconf 87' lang='lat' dir='ltr'><strong>conditionibus</strong></span> <span class='ocrx_word' id='word_1_299' title='bbox 1537 3723 1778 3781; x_wconf 87' lang='lat' dir='ltr'><strong>alteram</strong></span> <span class='ocrx_word' id='word_1_300' title='bbox 1813 3724 2006 3800; x_wconf 81' lang='lat' dir='ltr'><strong>eligit,</strong></span> <span class='ocrx_word' id='word_1_301' title='bbox 2053 3736 2120 3783; x_wconf 91' lang='lat' dir='ltr'><strong>ut</strong></span> <span class='ocrx_word' id='word_1_302' title='bbox 2165 3725 2546 3802; x_wconf 85' lang='lat' dir='ltr'><strong>sponsionem</strong></span> <span class='ocrx_word' id='word_1_303' title='bbox 2589 3728 2762 3787; x_wconf 84' lang='lat' dir='ltr'><strong>illam</strong></span> 
     </span>
     <span class='ocr_line' id='line_1_37' title="bbox 688 3818 2766 3898; baseline 0.001 -20"><span class='ocrx_word' id='word_1_304' title='bbox 688 3821 887 3893; x_wconf 77' lang='lat' dir='ltr'><strong>faciat3</strong></span> <span class='ocrx_word' id='word_1_305' title='bbox 925 3820 1109 3898; x_wconf 79' lang='lat' dir='ltr'><strong>judex</strong></span> <span class='ocrx_word' id='word_1_306' title='bbox 1149 3818 1323 3879; x_wconf 87' lang='lat' dir='ltr'><strong>datur</strong></span> <span class='ocrx_word' id='word_1_307' title='bbox 1364 3823 1431 3879; x_wconf 88' lang='lat' dir='ltr'><strong>C.</strong></span> <span class='ocrx_word' id='word_1_308' title='bbox 1470 3818 1759 3896; x_wconf 83' lang='lat' dir='ltr'><strong>Aquillius</strong></span> <span class='ocrx_word' id='word_1_309' title='bbox 1801 3820 2030 3893; x_wconf 77' lang='lat' dir='ltr'><strong>GalluS,</strong></span> <span class='ocrx_word' id='word_1_310' title='bbox 2073 3820 2222 3898; x_wconf 91' lang='lat' dir='ltr'><strong>juris</strong></span> <span class='ocrx_word' id='word_1_311' title='bbox 2263 3820 2451 3879; x_wconf 78' lang='lat' dir='ltr'><strong>civilis</strong></span> <span class='ocrx_word' id='word_1_312' title='bbox 2503 3824 2766 3889; x_wconf 71' lang='lat' dir='ltr'><strong>scientia</strong></span> 
     </span>
     <span class='ocr_line' id='line_1_38' title="bbox 686 3915 2767 3997; baseline 0.004 -23"><span class='ocrx_word' id='word_1_313' title='bbox 686 3916 1067 3989; x_wconf 88' lang='lat' dir='ltr'><strong>clarissimus,</strong></span> <span class='ocrx_word' id='word_1_314' title='bbox 1088 3931 1148 3976; x_wconf 90' lang='lat' dir='ltr'><strong>et</strong></span> <span class='ocrx_word' id='word_1_315' title='bbox 1174 3929 1377 3995; x_wconf 84' lang='lat' dir='ltr'><strong>postea</strong></span> <span class='ocrx_word' id='word_1_316' title='bbox 1402 3915 1580 3975; x_wconf 89' lang='lat' dir='ltr'><strong>Tullii</strong></span> <span class='ocrx_word' id='word_1_317' title='bbox 1606 3916 1667 3972; x_wconf 90' lang='lat' dir='ltr'><strong>in</strong></span> <span class='ocrx_word' id='word_1_318' title='bbox 1697 3926 1952 3994; x_wconf 86' lang='lat' dir='ltr'><strong>praetura</strong></span> <span class='ocrx_word' id='word_1_319' title='bbox 1980 3917 2202 3995; x_wconf 87' lang='lat' dir='ltr'><strong>collega</strong></span> <span class='ocrx_word' id='word_1_320' title='bbox 2221 3956 2240 3988; x_wconf 88' lang='lat'><strong>,</strong></span> <span class='ocrx_word' id='word_1_321' title='bbox 2269 3918 2371 3995; x_wconf 89' lang='lat' dir='ltr'><strong>qui</strong></span> <span class='ocrx_word' id='word_1_322' title='bbox 2411 3930 2528 3978; x_wconf 86' lang='lat' dir='ltr'><strong>tres</strong></span> <span class='ocrx_word' id='word_1_323' title='bbox 2561 3920 2767 3997; x_wconf 85' lang='lat' dir='ltr'><strong>juris-</strong></span> 
     </span>
     <span class='ocr_line' id='line_1_39' title="bbox 688 4012 2766 4089; baseline 0.002 -18"><span class='ocrx_word' id='word_1_324' title='bbox 688 4012 1012 4085; x_wconf 88' lang='lat' dir='ltr'><strong>consultos,</strong></span> <span class='ocrx_word' id='word_1_325' title='bbox 1059 4017 1144 4071; x_wconf 87' lang='lat' dir='ltr'><strong>M.</strong></span> <span class='ocrx_word' id='word_1_326' title='bbox 1191 4012 1534 4071; x_wconf 85' lang='lat' dir='ltr'><strong>Marcellum</strong></span> <span class='ocrx_word' id='word_1_327' title='bbox 1555 4054 1574 4083; x_wconf 91' lang='lat'><strong><em>‚</em></strong></span> <span class='ocrx_word' id='word_1_328' title='bbox 1631 4016 1696 4069; x_wconf 88' lang='lat' dir='ltr'><strong>P.</strong></span> <span class='ocrx_word' id='word_1_329' title='bbox 1749 4012 2132 4085; x_wconf 86' lang='lat' dir='ltr'><strong>Quintilium,</strong></span> <span class='ocrx_word' id='word_1_330' title='bbox 2183 4018 2248 4072; x_wconf 93' lang='lat' dir='ltr'><strong>L.</strong></span> <span class='ocrx_word' id='word_1_331' title='bbox 2287 4014 2638 4089; x_wconf 75' lang='lat' dir='ltr'><strong>Lucullum,</strong></span> <span class='ocrx_word' id='word_1_332' title='bbox 2691 4020 2766 4081; x_wconf 82' lang='lat' dir='ltr'><strong>in</strong></span> 
     </span>
     <span class='ocr_line' id='line_1_40' title="bbox 686 4108 2768 4192; baseline 0.004 -25"><span class='ocrx_word' id='word_1_333' title='bbox 686 4109 991 4171; x_wconf 84' lang='lat' dir='ltr'><strong>consilium</strong></span> <span class='ocrx_word' id='word_1_334' title='bbox 1037 4108 1149 4168; x_wconf 89' lang='lat' dir='ltr'><strong>sibi</strong></span> <span class='ocrx_word' id='word_1_335' title='bbox 1188 4108 1454 4170; x_wconf 76' lang='lat' dir='ltr'><strong>advocat.</strong></span> <span class='ocrx_word' id='word_1_336' title='bbox 1493 4112 1688 4181; x_wconf 86' lang='lat' dir='ltr'><strong>Quum</strong></span> <span class='ocrx_word' id='word_1_337' title='bbox 1731 4108 1906 4186; x_wconf 84' lang='lat' dir='ltr'><strong>igitur</strong></span> <span class='ocrx_word' id='word_1_338' title='bbox 1944 4128 2056 4188; x_wconf 88' lang='lat' dir='ltr'><strong>pro</strong></span> <span class='ocrx_word' id='word_1_339' title='bbox 2089 4110 2331 4186; x_wconf 88' lang='lat' dir='ltr'><strong>Quintio</strong></span> <span class='ocrx_word' id='word_1_340' title='bbox 2376 4112 2592 4191; x_wconf 80' lang='lat' dir='ltr'><strong>saepius</strong></span> <span class='ocrx_word' id='word_1_341' title='bbox 2621 4113 2768 4192; x_wconf 83' lang='lat' dir='ltr'><strong>jam</strong></span> 
     </span>
    </p>
   </div>
  </div>
 </body>
</html>
