2984 4684
451 363 536 408 10
1091 341 1189 406 Μ.
1239 339 1316 406 Τ.
1369 337 1933 408 CICERONIS

438 463 551 533 cio
578 473 818 559 partes
847 461 1284 529 accusatoris
1309 456 1627 546 obtinet,
1656 473 1911 529 contra
1938 483 2055 530 me
2088 461 2183 530 sit
2212 447 2590 548 dicturum

435 573 558 641 cui
581 593 940 640 summam
966 572 1250 667 copiam
1274 565 1838 667 facultatemque
1859 569 2150 642 dicendi
2180 584 2439 641 natura
2458 571 2599 642 lar·

437 684 584 778 gita
613 695 744 752 est.
778 685 886 754 Ita
912 677 1020 766 fit,
1049 694 1130 750 ut
1157 703 1318 776 eg0,
1345 682 1475 777 qui
1509 681 1649 751 tela
1678 680 2041 781 depellere
2064 695 2138 752 et
2158 681 2595 754 vulneribus

439 790 715 862 mederi
744 789 1046 862 debeam
1065 844 1084 878 ,
1131 804 1290 860 tum
1329 789 1408 860 id
1438 788 1672 863 facere
1707 815 1949 888 cogar,
1982 815 2215 889 quum
2246 795 2462 862 etiam
2492 807 2597 862 te-

436 903 591 973 lum
621 901 1071 972 adversarius
1109 900 1396 972 nullum
1423 901 1719 996 jecerit:
1755 902 1894 974 illis
1919 917 2163 974 autem
2196 899 2273 972 id
2306 915 2596 1000 tempus

435 1011 917 1110 impugnandi
953 1010 1194 1098 detur,
1235 1035 1470 1108 quum
1506 1025 1581 1082 et
1612 1012 1887 1084 vitandi
1932 1000 2226 1084 illorum
2274 1015 2593 1110 impetus

431 1137 750 1222 potestas
775 1122 1116 1220 adempta
1147 1121 1362 1193 nobis
1393 1125 1564 1210 erit3
1596 1136 1701 1211 et,
1744 1128 1803 1196 si
1836 1147 1985 1222 qua
2016 1126 2091 1193 in
2126 1147 2241 1212 re,
2275 1119 2353 1194 id
2386 1122 2589 1219 quod

429 1238 660 1331 parati
697 1247 871 1304 sunt
895 1232 1168 1320 facere,
1212 1230 1472 1305 falsum
1518 1239 1821 1323 crimen,
1861 1238 2111 1333 quasi⁷
2140 1249 2591 1307 venenatum

431 1345 732 1442 aliquod
766 1346 1018 1433 telum,
1039 1347 1380 1442 jecerint,
1409 1345 1793 1418 medicinae
1826 1345 2173 1418 faciendae
2200 1345 2406 1416 locus
2430 1367 2583 1414 non

427 1458 585 1527 erit.
611 1456 698 1527 Id
719 1455 983 1528 accidit
1061 1459 1332 1528 raetoris
1363 1453 1790 1557 iniquitate⁸
1822 1473 1895 1529 et
1917 1457 2183 1554 injuria
2212 1480 2228 1524 τ
2258 1458 2589 1553 primum

430 1566 660 1663 quod,
688 1582 942 1638 contra
995 1553 1006 1566 ’
1095 1569 1301 1637 nium
1336 1568 1971 1657 consuetudinem,
1994 1563 2359 1664 judicium
2382 1568 2591 1663 prius

433 1674 524 1746 de
569 1675 844 1774 probro
859 1687 916 1764 9,
957 1699 1180 1772 quam
1210 1674 1300 1748 de
1334 1702 1412 1750 re
1435 1731 1454 1765 ,
1487 1678 1745 1750 maluit
1774 1676 1977 1766 fieri3
2027 1674 2331 1766 deinde,
2382 1675 2589 1774 quod

435 1787 535 1855 ita
581 1788 962 1858 constituit
1005 1786 1083 1857 id
1117 1791 1357 1885 ipsum
1393 1785 1789 1883 judicium,
1822 1802 1907 1858 ut
1948 1813 2155 1876 τρυε,
2192 1801 2587 1884 antequam

431 1895 742 1968 verbum
763 1903 1202 1969 accusatoris
1222 1897 1567 1988 audisset,
1594 1923 1884 1972 causam
1908 1899 2151 1971 dicere
2180 1913 2589 1996 cogeretur;

434 2008 639 2106 quod
665 2013 920 2080 eoruin
949 2013 1174 2106 gratia
1207 2025 1280 2081 et
1305 2011 1635 2109 potentia
1666 2009 1937 2084 factum
1978 2024 2125 2098 est,
2165 2013 2292 2106 qui
2314 2063 2334 2095 ‚
2378 2011 2589 2106 quasi

434 2142 564 2188 sua
594 2133 876 2206 reS,aut
903 2117 1140 2190 honos
1166 2135 1445 2217 agatur,
1473 2124 1571 2192 ita
1603 2121 1989 2219 diligenter
2010 2125 2164 2194 SeX.
2184 2123 2407 2192 Naevii
2440 2133 2593 2189 stu-

431 2226 555 2299 dio
588 2243 662 2300 et
692 2229 1072 2328 cupiditati
1107 2257 1388 2302 morem
1421 2247 1723 2329 gerunt,
1756 2247 1829 2304 et
1862 2235 1937 2302 in
1969 2229 2330 2328 ejusmodi
2368 2228 2589 2301 rebus

431 2361 608 2435 opes
657 2363 822 2409 suas
863 2343 1362 2438 experiuntur,
1398 2345 1474 2412 in
1516 2342 1829 2440 quibuS,
1890 2364 2042 2440 quo
2083 2341 2250 2440 plus
2285 2355 2591 2439 propter

429 2452 774 2520 virtutem
805 2450 1408 2550 nobilitatemque
1437 2467 1780 2552 possunt,
1814 2477 1904 2522 eo
1930 2454 2200 2538 minuS,
2225 2465 2587 2548 quantum

430 2563 746 2659 possint,
789 2559 1062 2632 debent
1101 2561 1507 2634 ostendere.
1550 2565 1801 2653 Quum
1838 2577 1948 2632 tot
1978 2565 2345 2657 tantisque
2394 2557 2590 2630 diffi-

435 2671 827 2743 cultatibus
857 2671 1164 2744 affectus
1195 2688 1416 2771 atque
1447 2671 1783 2763 afflictuS,
1813 2675 1889 2744 in
1916 2687 2115 2744 tuam
2135 2725 2155 2760 ,
2180 2676 2257 2742 C.
2280 2670 2588 2768 Aquini,

435 2780 681 2870 fidem,
697 2787 1169 2872 veritatemm,
1182 2783 1747 2855 misericordiam
1767 2789 1841 2854 P.
1858 2784 2206 2873 Quintius
2234 2778 2587 2876 confuge-

435 2897 531 2963 rit
551 2919 569 2978 3
591 2917 824 2988 quum
856 2894 1100 2964 adhuc
1131 2897 1232 2981 ei,
1263 2909 1567 2992 propter
1598 2898 1746 2964 vim
1778 2893 2355 2964 adversariorum
2375 2947 2395 2980 ,
2430 2915 2583 2962 non

425 3005 548 3100 jus
569 3015 728 3100 par¹
745 3014 762 3045 ¹
776 3057 795 3091 ,
811 3028 960 3075 non
976 3003 1236 3100 agendi
1254 3020 1571 3103 potestas
1590 3003 1866 3094 eadem,
1884 3029 2035 3074 non
2058 3007 2583 3100 magistratus¹²

431 3138 684 3210 aequus
710 3117 1010 3212 reperiri
1039 3119 1401 3213 potuerit3
1441 3141 1677 3214 quum
1710 3117 1813 3204 ei,
1838 3137 2194 3185 summam
2228 3137 2362 3212 per
2396 3113 2587 3208 inju-

513 3319 560 3364 7.
579 3303 692 3352 Tria
717 3302 823 3350 haec
851 3302 1028 3363 verba,
1054 3313 1113 3352 ut
1137 3305 1338 3368 spuria,
1373 3303 1457 3352 de·
1550 3302 1845 3368 constituta)
1866 3338 1882 3362 ,
1918 3315 1969 3352 et
1994 3319 2213 3368 pecten
2250 3319 2313 3350 ne
2343 3301 2443 3350 sint
2476 3301 2584 3362 ejus

435 3382 555 3430 levit
575 3382 856 3430 Lambinus.
883 3383 933 3430 J.
948 3385 1012 3430 V.
1039 3385 1094 3430 1..
1550 3383 1680 3430 bona
1701 3399 1763 3432 ex
1783 3383 1963 3430 edicto.
1992 3383 2151 3444 Quam
2178 3380 2241 3428 de
2266 3396 2345 3437 re,
2382 3380 2417 3430 i.
2446 3395 2489 3428 e.
2520 3379 2587 3428 do

508 3464 559 3511 8.
585 3461 877 3526 Iniquitate.
919 3461 1144 3510 Min-and-
1173 3479 1276 3510 non
1315 3461 1461 3510 semel
1548 3463 1757 3527 pecunia
1794 3477 1939 3525 quam
1974 3461 2071 3508 sibi
2092 3460 2293 3510 Navius
2312 3475 2345 3506 a
2368 3457 2579 3522 Quintio

435 3543 650 3590 occurrit
671 3543 879 3589 oratoris
905 3541 1056 3592 libera
1073 3542 1364 3606 indignatio,
1375 3543 1464 3606 qni
1512 3571 1515 3574 -
1552 3541 1716 3590 deberi
1741 3540 1950 3590 diceb-t.
1972 3539 2094 3588 vid.
2122 3539 2213 3589 inf.
2238 3554 2349 3602 cap.
2382 3539 2435 3586 8.

435 3638 542 3670 non
596 3621 647 3668 in
697 3622 1064 3684 magistratuum
1118 3623 1342 3685 injuriam
1389 3622 1462 3668 in·
1628 3636 1707 3668 ιο.
1768 3619 2052 3668 Veritatem.
2100 3618 2413 3682 AEqnitatem.
2455 3616 2579 3668 vid.

433 3699 546 3748 vehi
591 3699 814 3760 dubitat,
869 3701 1138 3752 dummodo
1191 3701 1358 3751 officio
1403 3717 1460 3750 ac
1548 3699 1757 3763 Longol.
1778 3699 1841 3748 nd
1868 3699 1997 3747 Plin.
2020 3699 2327 3764 Epi-cvm,
2352 3713 2403 3746 α.

435 3778 554 3828 fidei
579 3781 828 3830 inserviat.
1626 3794 1645 3825 1
1661 3795 1683 3826 1
1697 3815 1711 3828 .
1738 3781 1826 3827 Jus
1840 3796 1959 3843 par.
1974 3779 2089 3828 Nou
2108 3795 2247 3844 aqua
2272 3776 2585 3842 disceptandi

507 3877 561 3924 9.
587 3863 664 3908 De
689 3861 898 3925 probro.
934 3863 1102 3924 Quaeri
1133 3865 1264 3912 enim
1303 3862 1462 3910 voluit
1546 3859 1669 3918 iuris
1696 3859 1939 3907 conditio.

433 3951 633 4004 pretor,
661 3941 798 4004 prius
841 3956 904 3990 au
950 3943 1190 3992 desertum
1235 3943 1380 3990 finerit
1429 3957 1458 3990 t
1628 3955 1707 3987 η.
1744 3939 2087 4004 uagiseraeus.
2127 3940 2316 3988 Prator
2348 3935 2581 3984 nun-tate-

433 4021 644 4082 Quintio
673 4019 1006 4072 vadimonium
1039 4021 1342 4086 (vadimonii
1367 4037 1460 4070 au·
1548 4035 1668 4078 nus,
1692 4021 1777 4083 qui
1796 4018 2056 4083 Quintium
2073 4019 2211 4084 prioe
2232 4016 2504 4074 damnum
2526 4027 2581 4065 et

436 4111 534 4147 tem
575 4099 901 4150 desertoribus
943 4102 1153 4150 infamiae
1185 4117 1328 4167 μευ
1357 4113 1460 4150 erat
1548 4099 1821 4160 Dolabella,
1832 4099 1923 4164 qui
1946 4099 2228 4150 &mmmm
2240 4098 2419 4148 iterun
2440 4095 2577 4146 vdit.
