2984 4684
493 325 636 410 486
1127 327 1224 392 Μ.
1277 326 1354 392 Τ.
1407 325 1971 396 CICERONIS

491 451 686 520 mine
717 446 994 522 dederit
1015 499 1035 532 ,
1075 445 1148 514 vi
1173 457 1388 541 atque
1419 445 1731 544 imperio
1758 443 2150 532 adductus,
2188 466 2341 514 non
2366 440 2613 514 officio

493 583 577 631 ac
625 556 1038 630 voluntate?
1074 559 1164 626 Et
1221 554 1438 649 hujus
1479 579 1616 652 ego
1657 559 2020 654 pecuniae,
2064 551 2345 648 judices
2367 607 2389 642 ,
2446 577 2613 650 quae

493 691 882 766 permagna
924 681 1031 738 est
1051 721 1070 754 ,
1113 664 1877 764 impudentissimeque
1914 679 2160 736 coacta
2176 678 2183 682 ’
2200 663 2292 736 ab
2332 665 2613 748 invitiS‚

497 805 649 852 non
686 777 910 850 habui
941 778 1292 848 rationem
1309 787 1366 864 ⁷,
1399 801 1641 875 neque
1680 775 1952 850 habere
1987 776 2227 874 potui,
2258 789 2614 873 quantum

495 889 588 962 ab
628 887 1055 974 aratoribus,
1111 902 1466 984 quantum
1515 886 1607 959 ab
1666 885 2235 986 negotiatoribus
2252 939 2273 974 ‚
2314 887 2441 982 qui
2482 887 2615 980 sy-

491 998 799 1083 racusiS,
844 1001 972 1094 qui
1003 998 1405 1096 Agrigenti,
1429 999 1561 1095 qui
1594 999 1971 1085 Panormi,
2000 999 2131 1093 qui
2162 993 2454 1092 mybaei
2485 1019 2617 1065 ne·

495 1111 881 1206 gotiantur,
913 1121 1098 1180 esset
1129 1121 1456 1178 coactum
1487 1135 1505 1178 :
1544 1107 1891 1204 quoniam
1930 1104 2359 1202 intelligitis,
2394 1103 2623 1203 ipsius

497 1240 794 1315 quoque
834 1214 1316 1304 confessione,
1347 1214 1438 1287 ab
1469 1216 1911 1287 invitissimis
1932 1229 2251 1287 coactam
2276 1238 2453 1286 esse.

595 1331 846 1400 LXIII.
893 1329 1128 1398 Venio
1165 1351 1362 1398 nunc
1389 1325 1482 1397 ad
1518 1326 1841 1398 civitates
1876 1325 2125 1397 Siciliae
2160 1352 2179 1394 ε
2222 1323 2313 1396 de
2353 1319 2625 1421 quibus

502 1436 836 1510 facillime
879 1435 1236 1531 judicium
1275 1434 1434 1508 fieri
1477 1435 1868 1508 voluntatis
1922 1449 2184 1534 potoet.
2248 1439 2363 1522 Δρ
2408 1433 2623 1504 etiam

499 1548 720 1620 Siculi
757 1548 962 1619 inviti
1003 1547 1521 1620 contulerimt?
1568 1571 1721 1618 non
1758 1562 1866 1618 est
1901 1544 2301 1645 probabile.
2340 1546 2627 1615 Etenim

503 1657 605 1728 sic
627 1660 704 1729 C.
735 1661 1036 1729 Verrem
1065 1671 1446 1756 praeturam
1480 1657 1555 1726 in
1582 1657 1817 1751 Sicilia
1848 1657 2141 1756 gessisse
2165 1668 2477 1742 constat,
2506 1668 2630 1742 ut,

503 1793 736 1867 quum
773 1771 1100 1866 utrisque
1141 1765 1547 1840 satisfacere
1591 1791 1743 1838 non
1788 1780 2071 1866 posset,
2113 1779 2186 1836 et
2226 1764 2513 1852 Siculis„
2554 1777 2633 1836 et

507 1879 804 1974 togatis»,
849 1875 1072 1949 officii
1113 1879 1356 1976 potius
1397 1878 1474 1948 in
1514 1877 1781 1966 socios,
1834 1901 2056 1974 quam
2094 1873 2509 1948 ambitionis
2552 1875 2633 1946 in

509 1987 700 2059 cives
737 1988 1094 2058 rationem
1138 1986 1446 2060 duxerit.
1505 1992 1759 2085 Itaque
1802 2012 1971 2058 eum
2016 2011 2165 2058 non
2222 1983 2459 2056 solum
2511 2010 2637 2058 PA-

511 2119 816 2166 'nomm
865 2100 1088 2168 istius·
1109 2095 1394 2183 insulae3
1435 2097 1566 2169 sed
1600 2099 1815 2168 etiam
1852 2122 2119 2169 sorana
2138 2105 2159 2138 ¹
2202 2097 2637 2193 inscriptum

507 2202 660 2276 vidi
689 2208 1070 2301 Syracusis,
1109 2211 1264 2276 Hoc
1293 2221 1645 2302 quantum
1678 2207 1829 2280 est?
1864 2212 1965 2278 ita
1998 2231 2371 2304 magnum,
2414 2220 2495 2276 ut
2528 2205 2635 2276 la-

509 2315 668 2385 tino
703 2339 854 2390 uno
897 2313 1122 2387 verbo
1164 2320 1470 2414 exprimi
1516 2343 1665 2390 non
1710 2321 1961 2416 possit.
2016 2322 2085 2388 Is
2132 2331 2244 2390 est
2292 2318 2639 2388 nimirum

511 2449 728 2497 sormi
749 2479 770 2511 ,
817 2426 948 2523 qui
979 2417 1282 2500 salutem
1326 2425 1547 2499 dedit.
1600 2429 1832 2524 Hujus
1884 2428 2181 2498 nomine
2222 2429 2439 2498 etiam
2486 2424 2639 2497 dies

512 2532 678 2606 festi
715 2538 1096 2632 agitantur,
1150 2535 1457 2634 pulchra
1500 2538 1621 2610 illa
1654 2541 1923 2610 Verrea
1940 2591 1960 2623 ‚
1999 2562 2151 2609 non
2194 2537 2403 2634 quasi
2444 2541 2640 2607 Mar—

515 2645 774 2734 cenea,
811 2645 939 2718 sed
963 2670 1100 2744 pro
1133 2647 1531 2720 Marcelleis
1560 2676 1575 2718 :
1606 2673 1769 2747 quae
1799 2647 1901 2718 illi
1936 2649 2143 2720 istius
2172 2647 2379 2742 jussu
2406 2660 2641 2720 sustu-

518 2755 782 2826 lerunt.
833 2755 1065 2850 Hujus
1113 2754 1356 2828 fornix
1377 2769 1406 2800 ²
1444 2759 1520 2830 in
1568 2757 1733 2831 foro
1768 2758 2131 2855 Syracusis
2178 2771 2286 2828 est
2310 2811 2330 2845 ,
2372 2760 2450 2826 in
2488 2781 2642 2854 quo

517 2863 762 2937 nudus
795 2862 988 2952 filius
1021 2880 1198 2938 stat:
1241 2868 1392 2965 ipse
1433 2885 1677 2940 autem
1710 2895 1799 2942 ex
1825 2893 2020 2967 equo
2057 2865 2399 2939 nudatam
2432 2866 2523 2938 ab
2562 2891 2640 2940 se

519 2977 962 3074 provinciam
997 2978 1362 3075 prospicit.
1410 2980 1643 3076 Hujus
1680 2995 1930 3052 statum
1972 2976 2313 3050 omnibus
2362 2976 2541 3050 locis
2564 2975 2593 3022 ³
2624 3004 2641 3047 :

595 3199 646 3242 7.
685 3180 800 3230 Non
835 3179 989 3230 habui
1022 3181 1277 3230 rationem.
1316 3183 1435 3232 Non
1474 3183 1539 3232 nd

523 3259 737 3309 calculos
767 3259 932 3324 redegi
968 3271 1092 3325 quot
1125 3275 1354 3309 nummos
1377 3261 1460 3310 ille
1486 3263 1539 3310 vi

523 3341 751 3406 rapuerit.

593 3422 777 3468 Lxm.
827 3433 874 3468 1.
916 3418 1101 3466 Soter-a.
1131 3419 1389 3486 Egregium
1441 3419 1539 3470 hoo

451 3491 464 3502 “
520 3499 710 3556 soteris,
735 3515 776 3546 ο.
795 3497 1044 3547 adv-tori·
1068 3495 1226 3562 (quod
1245 3499 1537 3560 vocabulum

523 3578 772 3638 Ciceronis
789 3592 894 3624 aevo
911 3576 966 3624 in
980 3593 1072 3635 usn
1094 3593 1198 3626 non
1220 3581 1342 3647 erat)
1359 3593 1539 3646 cogno-

523 3673 636 3706 men
664 3657 758 3705 diis
782 3673 840 3704 ac
864 3655 1057 3721 regibus
1081 3657 1366 3722 impositum
1391 3659 1537 3708 fuisse

523 3737 708 3784 nummi
755 3735 949 3786 docent.
985 3736 1114 3785 Vide
1156 3737 1434 3802 spanheim.
1474 3738 1536 3786 de

521 3829 708 3881 numm.
728 3815 1028 3864 dissertNII.
1049 3843 1120 3854 —
1139 3819 1213 3865 De
1232 3818 1416 3866 Vere-eis
1433 3819 1536 3868 vid.

519 3911 626 3961 sup.
653 3907 740 3944 αι.

590 3990 638 4022 2.
667 3972 825 4039 Hujus
841 3973 1029 4036 [οηιιζτ.
1059 3977 1260 4026 Erectun
1278 3977 1420 4025 Verri
1443 3987 1541 4027 stat

527 4051 825 4116 nimphalis
863 4069 1030 4115 arcus,
1081 4057 1131 4102 in
1179 4057 1316 4117 cnjus
1354 4071 1538 4118 summa

1624 3194 1763 3248 parte
1806 3183 1983 3232 eminet
2030 3181 2160 3232 filius
2203 3181 2343 3231 nudo
2393 3197 2599 3248 coi-pore
2628 3197 2644 3232 ε

1625 3279 1771 3326 quam
1820 3263 2091 3311 nuditatem
2142 3263 2385 3326 vituperat
2437 3263 2609 3312 Cicero
2626 3297 2643 3324 ‚

1624 3358 1801 3407 nempe
1835 3358 1863 3389 ι
1900 3345 2233 3392 Romanorum
2268 3341 2506 3406 gravitate
2542 3357 2646 3390 mo-

1622 3437 1733 3468 rum
1751 3419 2119 3479 abhorrentem3
2148 3431 2198 3469 et
2218 3420 2350 3485 apud
2376 3436 2501 3485 quoe
2527 3419 2645 3468 arti·

1623 3499 1740 3550 flees
1766 3517 1975 3566 corpora
1994 3501 2236 3550 velabant.
2268 3505 2340 3552 At
2360 3501 2523 3552 Graeei
2543 3515 2645 3548 non

1622 3581 1739 3628 item
1757 3615 1773 3639 ‚
1806 3590 1863 3628 ut
1895 3579 2123 3642 observat
2150 3581 2277 3630 Plin.
2303 3582 2548 3638 xxm,
2586 3579 2617 3627 ⁵
2630 3613 2647 3641 ,

1624 3669 1672 3707 et
1692 3669 1749 3708 ut
1770 3659 2101 3708 demonstrant
2118 3669 2291 3708 statua
2308 3659 2405 3708 iuae
2422 3658 2649 3724 pulcher-

1624 3739 1759 3790 rimae
1792 3755 1850 3786 ιο
1882 3755 1997 3787 vere
2029 3739 2208 3788 divinae
2240 3739 2421 3803 quibus
2457 3749 2647 3803 tempus

1622 3820 1861 3884 pepercit.
1886 3823 2061 3869 Facete
2091 3819 2176 3868 hic
2210 3829 2399 3879 orator,
2430 3819 2483 3866 in
2503 3816 2649 3866 verb·

1624 3897 1784 3946 nudus
1804 3911 1855 3946 et
1871 3898 2113 3949 nudatum
2128 3897 2271 3946 ludit.

1700 3977 1747 4026 3.
1770 3977 1901 4026 Olim
1919 3977 2169 4026 addebant
2184 3987 2373 4025 erectoe.
2392 3977 2649 4033 Gruterus,

1628 4055 1828 4119 pestibus
1846 4057 1985 4118 MSS,
2000 4056 2207 4120 glossam
2228 4053 2441 4104 abstulit.
2460 4053 2644 4120 ssu-1..
