2984 4684
779 377 1236 451 NlcoLAl
1292 378 1976 455 DE'sJARDINs.
2206 389 2441 483 xxxvij

325 504 516 575 tem?
571 505 677 575 Sit
718 521 968 575 cursus
1013 503 1087 572 in
1143 503 1470 576 oratione
1509 505 1904 594 incitatior,
1944 508 2069 578 sed
2126 508 2451 604 modesta

323 628 394 683 et
436 611 808 684 moderata
863 613 956 683 sit
1013 614 1387 710 ingressio.
1440 611 1705 684 Prodat
1752 638 1829 686 se
1864 619 1939 687 i’n
1985 621 2450 693 contentione

322 722 774 820 eloquentia,
809 721 937 795 sed
973 722 1380 795 occultetur
1420 725 1492 794 in
1538 723 1878 813 exordi03
1915 751 2051 798 nec
2078 729 2153 798 in
2182 734 2451 827 princi-

319 837 491 932 piis,
551 836 694 907 nisi
734 833 824 906 ab
872 840 1068 932 Apro
1094 889 1114 922 ,
1159 850 1232 906 et
1280 834 1369 906 ab
1435 834 1593 931 ejus
1632 835 2067 932 aequalibus,
2115 840 2448 934 jactetur.

319 943 481 1016 Vid.
528 944 835 1035 Quintil.
875 950 1008 1031 IV,
1057 969 1114 1015 1.

417 1059 652 1126 Venio
691 1077 888 1126 nunc
911 1054 1006 1126 ad
1037 1057 1485 1126 narrationes
1503 1109 1522 1142 ,
1560 1058 1637 1126 in
1674 1053 1945 1152 quibus
1975 1055 2229 1154 longus
2257 1066 2453 1157 Apro

317 1161 602 1236 videtur
665 1187 820 1237 esse
891 1163 1188 1236 Tullius.
1257 1166 1623 1256 Quoniam
1689 1183 1839 1236 non
1904 1171 2119 1238 unius
2176 1174 2456 1266 generis

319 1271 640 1346 fuerunt.
680 1299 952 1363 causae,
1016 1297 1198 1372 quas
1243 1274 1335 1346 ad
1395 1299 1470 1346 se
1534 1274 1803 1348 delatas
1858 1279 2167 1377 recepit,
2223 1281 2300 1350 iu
2355 1283 2456 1354 eis

321 1384 535 1457 fuisse
571 1385 994 1472 nonnullaS,
1052 1406 1210 1482 quae
1249 1401 1486 1456 essent
1533 1384 1891 1480 ejusmodi
1932 1401 2015 1457 ut
2051 1385 2453 1485 longiorem
2498 1455 2504 1460 .

321 1497 806 1568 narrationem
854 1497 1345 1593 requirerent,
1394 1495 1774 1566 verisimile
1822 1508 1951 1567 est.
1992 1499 2133 1566 Tot
2173 1495 2452 1594 legum,

321 1620 431 1677 tot
469 1607 907 1694 edictorum,
941 1620 1050 1677 tot
1079 1608 1480 1692 rationum,
1510 1604 1749 1702 qualia
1794 1619 1965 1676 sunt
1999 1609 2076 1675 in
2106 1609 2456 1679 orationi-

324 1714 460 1787 bus
482 1740 618 1816 pro
647 1720 958 1805 Caecina,
985 1740 1121 1814 pro
1145 1715 1482 1787 Cluentio
1501 1771 1521 1804 ‚
1559 1714 1748 1786 libro
1774 1716 1989 1786 tertio
2013 1719 2091 1786 in
2118 1720 2417 1790 Verrem
2439 1775 2458 1807 ,

325 1839 398 1896 et
428 1852 589 1924 quoe
617 1826 1031 1925 singulatim
1069 1825 1541 1925 expendenda
1576 1840 1817 1914 erant,
1854 1825 2130 1923 prolixa
2164 1843 2459 1901 enume-

323 1938 506 2008 ratio
529 1963 684 2008 non
711 1950 992 2036 poterat
1022 1936 1342 2009 breviter
1381 1936 1726 2033 expediri.
1772 1941 2024 2034 Longa
2053 1952 2251 2027 sunt,
2285 1941 2459 2037 quia

325 2047 604 2144 singula
651 2062 822 2119 sunt
859 2045 1242 2144 diligenter
1289 2045 1735 2146 explicanda.
1788 2049 2041 2142 Longa
2082 2061 2287 2136 sunt,
2336 2065 2461 2121 aut

324 2157 698 2244 videntur,
758 2159 928 2254 quia
986 2156 1181 2228 nuda
1224 2170 1427 2244 sunt,
1485 2171 1559 2226 et
1594 2158 1836 2227 ornari
1881 2171 2165 2254 negant.
2188 2161 2461 2230 Verum

325 2269 454 2338 ista
495 2267 796 2338 minime
833 2265 1108 2338 debent
1148 2270 1224 2336 in
1259 2268 1699 2338 Ciceronem
1738 2263 2147 2337 transferri:
2177 2271 2463 2367 propria

323 2390 495 2448 sunt
529 2399 795 2462 causae,
834 2374 924 2448 de
974 2401 1121 2472 qua
1172 2373 1447 2473 pendet
1486 2377 1617 2472 qui
1660 2398 1819 2446 eam
1858 2377 2145 2473 recipit,
2183 2393 2451 2452 orator.

325 2486 450 2558 Illa
506 2490 562 2557 si
620 2491 897 2584 respuit
943 2486 1260 2556 oratoria
1303 2498 1729 2556 ornamenta
1777 2482 2097 2573 dicendi,
2151 2485 2291 2558 hoc
2348 2504 2458 2561 sat

326 2600 460 2669 erit
507 2611 877 2668 oratorem
917 2620 1076 2668 eam
1121 2593 1545 2693 explicuisse
1587 2608 1917 2665 accurate
1973 2609 2048 2665 et
2106 2593 2454 2670 dilucide:

326 2711 400 2778 in
435 2732 590 2806 quo
630 2709 882 2778 Cicero
927 2707 1350 2802 neutiquam
1391 2728 1563 2774 sane
1614 2717 1723 2773 est
1780 2701 2450 2801 reprehendendus.

327 2825 412 2890 At
463 2817 596 2890 ubi
641 2817 860 2890 nullis
892 2819 1038 2912 jam
1100 2814 1440 2886 conclusa
1489 2811 1965 2886 formularum
2004 2813 2461 2910 captionibus

335 2930 565 3001 oratio
621 2942 864 3026 potest
913 2927 1202 3024 longius
1245 2925 1563 3022 evagari,
1626 2934 1897 3018 quanta
1944 2925 2463 2996 sententiarum

337 3036 718 3136 gravitate!
767 3053 1042 3137 quanto
1079 3033 1470 3107 verborum
1508 3029 1875 3132 pondere!
1912 3047 2182 3129 quanta
2217 3060 2461 3108 rerum

336 3155 544 3248 copia
601 3173 678 3222 se
723 3147 1028 3247 explicat
1085 3148 1160 3217 in
1195 3145 1521 3218 Verrinis
1570 3143 1957 3240 postremis
2004 3141 2326 3235 duabus3
2386 3150 2462 3218 in

336 3257 788 3331 orationibus
840 3284 976 3357 pro
1031 3256 1308 3343 Sextio,
1363 3279 1497 3354 pro
1548 3254 1860 3342 Milone;
1905 3253 2301 3354 Philippica
2352 3281 2463 3328 se-

338 3369 608 3442 cunda!
648 3373 886 3460 Quem
905 3423 924 3458 ,
951 3369 1088 3440 nisi
1116 3357 1370 3439 sensus
1395 3366 1802 3436 communis
1828 3364 2042 3462 plane
2068 3380 2467 3463 expertem,

337 3480 660 3552 defixum
685 3483 958 3551 nonita
986 3477 1303 3549 detineat
1326 3477 1757 3548 narrationis
1776 3477 2015 3545 nativa
2025 3475 2463 3570 jucunditas,

341 3607 420 3663 ut
451 3615 610 3665 eam
633 3591 751 3662 vel
775 3588 1181 3661 breviorem
1207 3613 1360 3660 esse
1395 3612 1551 3658 non
1581 3586 1968 3684 queratur?
1991 3588 2243 3684 Longa
2268 3589 2465 3659 enim

341 3699 766 3802 appellanda
809 3725 963 3772 non
1000 3713 1108 3771 est
1147 3699 1460 3771 narratio
1499 3699 1575 3768 in
1616 3723 1761 3795 qua
1798 3721 1949 3768 non
1988 3695 2153 3794 plus
2198 3698 2466 3772 verbo-

341 3839 502 3887 rum
545 3828 656 3886 est
697 3836 918 3912 quam
948 3834 1238 3884 necesse
1273 3814 1383 3882 sit.
1431 3813 1535 3880 Ea
1570 3823 1679 3881 est
1720 3809 2031 3879 oratoria
2072 3809 2255 3880 ratio
2292 3835 2469 3882 con-

346 3941 538 3998 stans
573 3937 650 3996 et
681 3937 1034 4022 perpetua
1063 3921 1454 3994 CiceroniS.
1498 3925 1679 3992 Rem
1711 3930 1950 3990 narrat
1980 3916 2218 3989 verbis
2251 3915 2470 4016 q‘uam

347 4050 580 4133 potest
607 4035 1011 4107 lectissimis
1048 4049 1122 4105 et
1149 4033 1607 4131 gravissimiS‚
1646 4054 1798 4128 quo
1827 4026 2147 4125 judicem
2183 4027 2472 4100 doceat:

349 4171 545 4238 mox,
583 4161 672 4218 ut
717 4160 844 4217 aut
887 4144 1135 4216 odium
1163 4143 1575 4216 adversario
1614 4139 2071 4228 conficiatur,
2109 4154 2233 4212 aut
2255 4138 2479 4234 judex
