2984 4684
430 329 569 403 258
1080 326 1180 395 M.
1232 326 1310 393 T.
1362 324 1920 395 CICERONIS

425 447 955 526 commovebat.
1007 446 1411 545 Cupiebam
1466 446 1918 517 dissimulare
1975 468 2093 517 me
2143 444 2219 515 id
2271 446 2574 519 moleste

425 562 647 650 ferre;
684 556 1071 658 cupiebam
1102 559 1325 627 animi
1364 555 1698 628 dolorem
1727 556 1939 627 vultu
1967 570 2246 653 tegere,
2287 570 2360 628 et
2395 562 2572 629 taci-

428 675 774 745 turnitate
809 667 1065 740 celare.
1106 672 1293 739 Ecce
1328 680 1572 738 autem
1613 667 1754 739 illis
1795 670 1970 765 ipsis
2004 665 2296 757 diebus,
2337 692 2572 765 quum

424 794 770 882 praetores
802 777 1155 875 designati
1186 781 1662 866 sortirentur,
1717 790 1790 849 et
1815 784 1911 849 M.
1943 778 2238 850 Metello
2271 777 2574 877 obtigis-

426 908 575 981 set,
600 907 687 963 ut
708 895 770 961 is
796 888 887 961 de
912 890 1247 988 pecuniis
1272 889 1700 987 repetundis
1733 904 2092 987 quaereret
2109 895 2168 977 ⁴3
2195 894 2576 963 nuntiatur

426 1002 633 1092 mihi,
666 1014 939 1073 tantam
968 1002 1083 1071 isti
1104 999 1664 1097 gratulationem
1697 1021 1852 1071 esse
1879 996 2166 1087 factam,
2189 1014 2273 1070 ut
2305 1004 2366 1071 is
2384 1026 2576 1097 quo-

426 1139 575 1214 que
622 1106 972 1183 domum-'³
1031 1114 1379 1199 mitteret,
1445 1112 1578 1207 qui
1637 1114 1848 1181 uxori
1913 1132 2060 1182 suae
2125 1114 2572 1182 nuntiarent.

429 1230 615 1297 Sane
646 1246 741 1294 ne
771 1222 925 1292 haec
949 1219 1253 1318 quidem
1276 1244 1395 1292 res
1416 1220 1600 1291 mihi
1636 1218 2000 1318 placebat:
2029 1244 2272 1317 neque
2298 1236 2574 1309 tamen,

428 1333 609 1434 quid
646 1347 1031 1430 tantopere
1066 1334 1143 1401 in
1182 1330 1317 1401 hac
1349 1344 1544 1402 sorte
1565 1328 1598 1374 ⁶
1633 1330 2114 1403 metuendum
2147 1329 2330 1400 mihi
2355 1344 2576 1417 esset,

429 1441 947 1541 intelligebam.
999 1444 1249 1512 Unum
1304 1438 1484 1511 illud
1543 1466 1633 1513 ex
1693 1441 2122 1514 hominibus
2183 1444 2398 1513 oertis
2419 1495 2440 1529 ‚
2489 1464 2580 1512 ex

428 1553 702 1653 quibus
720 1552 965 1624 omnia
988 1553 1335 1649 comperi,
1360 1550 1854 1649 reperiebam:
1879 1551 2092 1624 fiscos
2109 1564 2134 1609 ⁷
2163 1551 2578 1651 complures

431 1690 603 1739 cum
631 1666 944 1763 pecunia
986 1660 1337 1733 Siciliensi
1382 1686 1425 1733 a
1458 1662 1782 1761 quodam
1821 1660 2200 1735 senatore⁸
2237 1661 2330 1733 ad
2367 1667 2578 1759 equi-

432 1792 583 1847 tem
618 1797 1003 1845 romanum
1029 1796 1187 1845 esse
1225 1773 1639 1861 translatos3
1665 1798 1754 1845 ex
1781 1773 1890 1843 his
1925 1774 2130 1870 quasi
2155 1778 2222 1844 X
2250 1770 2464 1843 fiscos
2489 1772 2581 1843 ad

434 1900 843 1958 senatorem
886 1883 1089 1954 illum
1124 1883 1415 1956 relictos
1452 1910 1641 1973 esse,
1683 1888 2148 1957 comitiorum
2195 1896 2581 1956 meorum9

432 1999 775 2082 nomine3
822 1995 1253 2067 divisores¹⁰
1288 1998 1622 2067 omnium
1677 1993 2006 2066 tribuum
2061 2009 2290 2066 noctu
2339 1994 2428 2067 ad
2481 1998 2580 2067 is-

435 2123 595 2179 tum
637 2119 951 2177 vocatos.
1007 2108 1113 2175 Ex
1148 2103 1415 2201 quibus
1452 2104 1794 2204 quidam,
1841 2108 1970 2202 qui
2015 2128 2092 2175 se
2139 2108 2384 2175 omnia
2421 2129 2582 2176 mea

436 2240 653 2290 eausa
698 2214 968 2288 debere
992 2226 1048 2259 ¹¹
1094 2214 1609 2302 arbitrabatur,
1645 2214 1897 2287 eadem
1937 2216 2058 2286 illa
2089 2230 2305 2286 nocte
2343 2214 2430 2288 ad
2463 2240 2584 2288 me

436 2327 664 2413 venit;
697 2324 1179 2416 demonstrat,
1213 2352 1359 2424 qua
1388 2328 1524 2397 iste
1551 2329 1882 2397 oratione
1917 2323 2098 2398 usus'
2129 2340 2353 2397 esset:
2385 2352 2581 2399 com·

511 2553 565 2601 4.
590 2544 849 2606 Quat-eree.
874 2540 1119 2607 Qua-iton·
1138 2552 1289 2603 eam,
1312 2542 1363 2590 in
1386 2530 1467 2591 nn—

440 2642 559 2675 nnm
581 2634 877 2688 sequentem.
904 2622 1157 2687 Designati
1186 2622 1317 2670 enim
1340 2638 1467 2687 Ρη-

438 2716 595 2762 tore⁸‚
615 2712 875 2765 antequam
902 2700 1233 2764 magistratum
1256 2702 1467 2761 inirent3

439 2782 607 2833 sortiri
630 2780 883 2836 solebant,
918 2778 983 2826 de
1008 2778 1212 2827 diversis
1238 2782 1465 2844 quatio-

438 2863 585 2911 nibu-
628 2860 683 2906 in
716 2858 853 2905 Urbe
896 2858 1209 2917 exet-cendia
1250 2858 1365 2907 vide
1401 2859 1467 2907 ad

439 2942 565 2991 eale.
578 2940 719 2987 Ἶρι-ι’.
734 2940 759 2985 1
778 2974 794 3000 ‚
824 2934 885 2985 de
906 2937 1048 2987 Praet.
1070 2938 1249 2985 urben.

516 3020 563 3068 5.
583 3020 765 3066 Pueros
782 3016 833 3064 d.
846 3032 915 3065 nt.
934 3013 1031 3064 Sed
1048 3015 1185 3064 ..best
1202 3032 1229 3063 ι
1244 3016 1469 3081 pluribus

440 3100 577 3149 MSS.
614 3098 666 3146 J.
690 3099 754 3144 V.
772 3097 827 3143 1..

512 3180 566 3226 6.
610 3178 764 3223 Sorte.
801 3176 863 3221 In
902 3174 999 3221 hoe
1044 3190 1245 3222 munere
1267 3210 1283 3235 ,
1330 3176 1469 3239 quod

438 3258 514 3307 M.
540 3253 745 3305 Metello
770 3252 969 3318 praetori
996 3264 1127 3301 torte
1150 3254 1404 3317 obtigerat.

514 3352 563 3397 7.
586 3333 767 3382 Pisces.
784 3332 1005 3395 sportas,
1030 3333 1237 3395 pecnnia
1252 3334 1471 3390 refertae.

438 3433 585 3481 qnam
610 3417 786 3463 Verte·
812 3428 875 3459 ex
901 3412 1081 3459 Sicilia
1116 3412 1258 3460 furtis
1288 3410 1469 3461 confla-

440 3506 594 3545 vernt.

508 3576 561 3623 8.
582 3574 835 3621 Senatum.
862 3570 1181 3633 smpimtm·
1196 3581 1470 3619 senatorem

437 3652 521 3701 alii
547 3652 771 3701 Crmun
788 3684 803 3709 ‚
840 3648 925 3697 alii
954 3649 1297 3709 Hortensium
1336 3651 1471 3713 equi-

324 3762 333 3781 .
439 3744 535 3779 tem
556 3746 675 3778 vero
699 3728 975 3779 Publicium
1000 3726 1261 3791 quemdam
1282 3740 1470 3791 tempo·

438 3810 573 3857 ribus
600 3808 702 3857 illi·
726 3808 781 3855 in
808 3806 1073 3857 dividenda
1100 3808 1291 3872 populo
1318 3824 1469 3872 pecu-

438 3890 518 3938 nia
544 3889 798 3937 famosum.

510 3985 560 4031 9.
583 3968 664 4016 Sic
684 3976 812 4015 reete
830 3968 1015 4015 Ancon.
1036 3976 1087 4015 et
1104 3966 1469 4031 Mnmt.ango

434 4048 571 4097 abest
590 4060 821 4095 meorum.
840 4068 911 4083 -
924 4044 1034 4091 Hoc
1057 4054 1221 4093 autem
1240 4045 1354 4095 loco
1382 4060 1466 4093 eo-

1553 2544 1688 2592 mitia
1709 2544 1907 2593 aedilitia
1937 2540 2300 2607 significantur,
2335 2558 2448 2607 qna
2473 2556 2586 2608 post

1555 2624 1826 2673 consulari·
1855 2634 1903 2673 et
1933 2625 2162 2688 pretoria
2191 2622 2394 2671 fiebant.
2410 2627 2586 2673 Verres

1551 2706 1813 2769 pecuniam
1843 2704 1971 2752 hane
2001 2702 2202 2751 dederat
2222 2737 2239 2762 ,
2280 2712 2336 2750 nt
2355 2738 2370 2763 ,
2413 2719 2586 2767 nempe

1553 2786 1801 2849 corruptis
1835 2784 2105 2848 suffragiis,
2143 2783 2378 2832 aedilitate
2411 2784 2588 2846 dejice-

1555 2875 1688 2913 retur
1707 2866 1900 2924 Cicero,
1925 2880 2072 2929 quam
2091 2864 2308 2929 petebat.

1635 2960 1714 2993 10.
1733 2944 1992 2992 Diviseres.
2021 2947 2096 2992 Ex
2129 2944 2182 2992 h.
2213 2944 2256 2993 l.
2281 2955 2421 3009 patet
2449 2960 2590 2991 sunm

1557 3024 1734 3087 cuique
1771 3022 1924 3071 tribui
1965 3024 2116 3072 fuisse
2151 3023 2433 3077 diuisor-em,
2469 3022 2502 3073 i.
2541 3040 2588 3072 e.

1556 3102 1804 3151 bominem
1839 3104 1926 3165 qni
1963 3102 2253 3166 pecuniam,
2291 3115 2445 3166 quum
2483 3104 2594 3165 quis

1559 3180 1848 3229 candidatus
1879 3180 2137 3244 largitione
2163 3176 2486 3245 impopulnm
2518 3182 2596 3229 nti

1561 3260 1728 3321 vellet,
1751 3261 1803 3306 in
1835 3258 1968 3308 tribu
2003 3274 2089 3308 sua
2127 3260 2312 3307 viritim
2341 3258 2590 3307 divideret.

1557 3340 1710 3387 Initio
1737 3356 1824 3403 per
1847 3356 1900 3387 se
1925 3356 2028 3388 non
2055 3340 2214 3403 turpis
2249 3353 2326 3387 res
2355 3351 2482 3397 enm
2510 3340 2594 3387 be-

1557 3419 1796 3481 nignitate
1821 3420 1950 3467 enlm
1980 3419 2222 3484 populum
2249 3419 2504 3467 conciliari
2528 3419 2596 3468 le·

1559 3513 1642 3561 gu
1679 3498 1921 3547 sinebant.
1949 3497 2046 3546 Sed
2081 3509 2341 3561 postquam
2377 3514 2468 3561 per
2501 3498 2596 3545 hos

1559 3587 1806 3643 corrupta
1851 3586 1966 3624 eunt
2013 3577 2201 3639 tribus,
2245 3591 2350 3624 eam
2397 3574 2594 3623 tandem

1559 3656 1626 3703 ob
1655 3672 1846 3703 canum
1877 3656 2057 3703 infame
2083 3666 2132 3703 et
2171 3664 2451 3720 suspectum
2473 3652 2594 3702 dioi-

1557 3734 1682 3783 son's
1701 3750 1884 3784 nomen
1909 3734 2092 3783 factm
2117 3744 2208 3793 eet,
2224 3744 2372 3798 atque
2393 3732 2448 3781 in
2471 3748 2597 3782 eon·

1559 3814 1676 3861 vicii
1723 3814 1841 3863 loeo
1889 3812 2094 3861 dietum.
2145 3815 2292 3861 Verr.
2333 3814 2408 3860 111
2427 3847 2444 3871 ,
2502 3814 2595 3875 69.

1560 3894 1756 3941 Buten.
1777 3893 1870 3956 26,
1896 3902 1992 3941 ete.

1636 3980 1654 4011 ι
1670 3980 1718 4013 1.
1743 3964 1844 4012 Alii
1861 3998 1874 4021 ‚
1898 3964 2095 4013 «faeere
2121 3962 2350 4012 debere».
2383 3962 2594 4011 Locutio

1559 4043 1794 4093 Ciceroni
1805 4042 2177 4106 familiarisque
2191 4038 2590 4105 unhandfacere.
