2984 4684
509 361 650 434 526
1299 355 1857 426 EXCURSUS

587 483 818 569 Neque
852 479 958 543 ina
1005 474 1222 540 solum
1277 475 1346 540 in
1391 474 1623 540 edictis
1672 474 2151 562 comprehensa
2202 476 2512 558 fuerunt,
2568 477 2659 543 de

501 591 744 680 quibus
771 603 1014 676 praetor
1043 601 1214 650 esset
1235 586 1625 674 cogniturus
1642 633 1662 666 ,
1686 581 1803 648 sed
1834 584 2031 648 etiam
2064 605 2143 648 ea
2168 582 2251 648 de
2278 584 2521 672 quibus
2547 586 2661 668 ju-

497 697 744 762 dicium
773 708 944 758 esset
963 689 1238 756 daturus
1257 739 1274 772 ,
1309 707 1376 755 et
1409 687 1771 779 quomodo.
1806 690 2157 754 Declarant
2186 689 2397 756 edicta
2416 693 2659 774 Verris,

507 825 654 892 quae
689 816 1115 865 recensentur
1145 797 1258 862 lib.
1287 799 1422 880 111,
1455 821 1515 862 c.
1548 819 1627 862 ιο
1658 812 1723 862 et
1748 819 1929 886 seqq.
1956 797 2269 886 Improbe
2294 799 2541 862 factum
2560 799 2665 879 ju·

507 908 872 987 dicabatur,
899 907 954 970 si
987 905 1134 994 quis
1167 904 1384 992 aliqua
1419 902 1505 968 de
1538 927 1611 968 re
1646 903 1833 968 aliter
1864 905 1933 967 in
1964 903 2327 993 provincia,
2358 919 2559 992 atque
2586 907 2659 969 in

505 1015 684 1079 Urbe
711 1012 1016 1077 edixisset
1047 1008 1274 1096 [modo
1305 1025 1523 1073 tamen
1552 1008 1623 1074 id
1654 1009 1893 1089 injuste
1918 1008 2216 1073 fecisset:
2248 1031 2401 1072 nam
2432 1008 2585 1074 licet
2604 1011 2661 1074 is

503 1120 618 1210 qui
636 1119 984 1210 provincize
1015 1132 1252 1206 praeest
1270 1165 1288 1197 ,
1313 1117 1615 1180 omnium
1640 1117 1871 1179 Romae
1896 1116 2394 1204 magistratuum
2426 1117 2567 1181 vice
2592 1135 2662 1185 et

503 1225 726 1292 officio
759 1223 944 1313 fungi
981 1221 1214 1286 debeat
1233 1271 1252 1304 ‚
1295 1243 1430 1285 non
1466 1237 1685 1285 tamen
1720 1236 1853 1284 tam
1890 1221 2321 1310 spectandum
2364 1239 2465 1287 est
2496 1223 2657 1312 quid

497 1337 726 1398 Romae
757 1331 843 1395 sit
877 1328 1122 1394 sactum
1145 1375 1166 1410 ,
1201 1351 1402 1416 quam
1433 1326 1597 1415 quid
1631 1325 1771 1391 fieri
1802 1325 2057 1392 debeat.
2092 1328 2351 1394 Procul.
2386 1331 2509 1420 leg.
2554 1353 2659 1414 ια,

501 1440 584 1505 de
623 1438 754 1504 Off.
786 1433 1116 1526 praesidis]
1146 1455 1162 1496 ε
1213 1433 1266 1496 si
1303 1433 1488 1521 quod
1519 1432 1807 1498 edictum
1836 1450 2067 1498 contra
2104 1433 2275 1524 leges
2310 1437 2661 1524 provincie

503 1548 800 1626 fecisset3
829 1545 884 1608 si
913 1558 1144 1608 contra
1169 1539 1458 1605 edictum
1491 1563 1687 1605 suum
1710 1540 1817 1620 jus
1842 1539 2128 1607 dixisset.
2162 1544 2335 1608 Hinc
2356 1544 2539 1607 Verri
2562 1546 2661 1608 Ci-

495 1678 648 1720 cero
679 1655 748 1717 in
783 1651 1030 1717 crimen
1064 1647 1295 1730 vertit,
1327 1646 1512 1736 quod
1546 1646 1629 1711 de
1658 1647 2097 1713 hereditatum
2130 1650 2657 1737 possessionibus

499 1763 568 1825 in
601 1758 888 1824 edictum
913 1754 1312 1844 provinciale
1347 1777 1484 1819 non
1510 1755 1955 1836 transtulerit,
1986 1755 2169 1843 qnod
2196 1757 2263 1819 in
2296 1754 2513 1820 edicto
2542 1780 2655 1821 ur-

499 1870 674 1934 bano
707 1865 1056 1944 habuerat,
1109 1862 1222 1926 lib.
1247 1861 1308 1941 1,
1358 1883 1416 1926 c.
1465 1861 1591 1943 46,
1638 1878 1705 1925 et
1736 1860 1919 1949 quod
1950 1877 2179 1926 contra
2214 1863 2387 1952 leges
2424 1862 2657 1928 Siculis

503 1975 682 2039 datas
711 1971 1014 2037 edixisset
1033 2017 1052 2051 ,
1087 1968 1206 2033 lib.
1241 1968 1338 2032 111
1363 2015 1382 2049 ,
1413 1991 1470 2032 c.
1508 1991 1587 2032 to
1618 1985 1686 2032 et
1718 1991 1857 2055 seq.
1900 1984 1967 2032 et
1988 1968 2129 2057 ipse
2158 1987 2354 2059 negat
2374 1991 2445 2034 se
2466 1991 2659 2058 posse

500 2093 730 2144 contra
763 2097 958 2141 suum
995 2073 1308 2138 edietum.
1333 2071 1436 2137 Ad
1468 2076 1601 2137 Att.
1627 2074 1705 2154 V,
1732 2075 1917 2160 epist.
1944 2074 2065 2140 ult.

589 2181 922 2248 Pendebat
954 2179 1156 2268 igitur
1184 2175 1550 2258 jurisdictio
1588 2193 1725 2242 tota
1754 2179 1891 2244 fere
1924 2179 2008 2242 ab
2040 2178 2255 2244 edicto
2278 2205 2293 2219 ·
2275 2202 2469 2269 ‚quo
2500 2205 2657 2270 pro·

500 2289 755 2380 posito,
791 2309 867 2350 ea
893 2284 1317 2350 exercebatur
1348 2301 1464 2348 aut
1499 2283 1899 2362 coercendo,
1940 2302 2057 2352 aut
2088 2285 2455 2352 statuendo.
2491 2288 2651 2352 Pre-

499 2391 734 2474 hendi,
759 2392 1038 2482 pignora
1057 2412 1200 2478 capi
1181 2389 1478 2470 jubere,
1508 2389 1779 2454 multam
1797 2388 2034 2469 dicere,
2056 2391 2471 2458 coercitionis
2496 2409 2657 2459 sunt

502 2501 824 2566 effectus.
849 2495 1172 2579 ministri,
1209 2517 1524 2560 accensus
1550 2512 1617 2560 et
1645 2495 1854 2561 lictor.

589 2603 928 2672 Statuendi
961 2603 1145 2668 locus
1178 2602 1304 2666 fuit
1337 2601 1640 2682 basilica,
1680 2619 1749 2667 et
1780 2603 2112 2669 tribunal·
2096 2653 2113 2668 .
2148 2605 2426 2670 ministri
2449 2654 2467 2688 ,
2499 2607 2657 2671 scri-

356 2698 366 2712 *
498 2716 634 2796 bae,
682 2732 1015 2802 praecones
1055 2724 1122 2773 et
1151 2709 1432 2774 lictores.
1472 2709 1787 2772 Tribunal
1806 2757 1825 2790 ,
1861 2726 2205 2800 suggestus
2240 2711 2367 2778 fuit
2394 2711 2654 2794 editior,

501 2821 678 2886 unde
711 2817 1000 2907 conspici
1027 2816 1436 2905 magistratus
1459 2815 1544 2878 ab
1578 2815 1889 2880 omnibus
1922 2831 2205 2904 poterat3
2233 2817 2301 2881 in
2328 2840 2467 2906 quo
2497 2819 2657 2883 sella

403 2995 408 3000 ,
501 2926 746 2992 curulis
777 2926 985 2988 locata
1019 2937 1191 3004 erat3
1225 2921 1342 2984 ubi
1376 2920 1609 2986 sedens
1640 2937 1880 3009 praetor
1910 2923 2382 3012 cognoscebat,
2410 2941 2478 2989 et
2498 2947 2656 3013 pro-

504 3031 870 3098 nuntiabat.

592 3135 930 3204 Statuendi
959 3151 1172 3226 partes
1209 3133 1356 3198 duae
1382 3133 1657 3198 fuerunt
1678 3157 1695 3198 τ
1718 3133 2057 3200 decretum
2074 3183 2093 3218 ,
2120 3151 2186 3200 et
2202 3135 2429 3216 judicii
2452 3137 2650 3203 datio.

503 3248 814 3324 Decreta,
841 3241 1176 3307 senteutiae
1211 3239 1564 3327 praesidum
1601 3239 1911 3322 fuerunt,
1972 3241 2115 3306 sine
2150 3241 2451 3323 judicum
2490 3267 2655 3309 con·

503 3354 683 3434 silio,
713 3348 982 3439 singulis
1001 3346 1083 3412 de
1105 3347 1342 3411 rebus
1326 3347 1744 3436 interpositae.
1762 3348 2131 3412 Decernere
2148 3365 2365 3414 autem
2390 3349 2654 3416 diceba·

503 3477 615 3524 tur
629 3472 890 3547 praetor,
906 3477 1113 3542 quum
1133 3454 1503 3517 manumitti
1510 3453 1895 3542 ,mancipari
1878 3453 2088 3543 apud
2106 3477 2179 3520 se
2202 3457 2649 3544 permittebat3

503 3583 712 3654 quum
729 3561 1206 3652 possessionem
1233 3581 1312 3624 ex
1343 3557 1558 3623 edicto
1582 3559 1810 3624 dabat·
1791 3583 2035 3649 ,quum
2056 3577 2343 3626 tutorem
2362 3561 2653 3647 dicebat3

503 3695 710 3760 quum
739 3668 914 3734 bona
935 3665 1312 3748 addicebat3
1335 3689 1545 3754 quum
1566 3665 2015 3750 interdicebat3
2048 3684 2115 3732 et
2134 3671 2411 3733 omnino
2440 3693 2651 3758 quum

501 3780 640 3866 ipse
676 3779 816 3840 sine
835 3773 1056 3855 judice
1087 3795 1226 3836 rem
1255 3790 1322 3836 et
1351 3773 1819 3862 cognoscebat,
1858 3793 1924 3840 et
1960 3777 2044 3843 de
2080 3803 2153 3843 ea
2180 3803 2303 3868 pro
2332 3803 2455 3845 suo
2473 3779 2653 3861 judi·

501 3887 604 3949 cio
640 3882 983 3947 statuebat.
1017 3880 1238 3944 Verris
1269 3881 1497 3968 iniqua
1532 3879 1789 3947 decreta
1820 3884 2049 3950 Cicero
2076 3888 2315 3975 passim
2350 3888 2648 3977 exagitat.

587 3987 918 4052 Iudicium
946 3985 1144 4052 dabat
1173 4003 1411 4074 praetor
1437 4011 1521 4052 eo
1559 3987 1762 4054 modo
1780 4039 1799 4072 ‚
1830 4014 1964 4078 quo
1997 3995 2482 4082 postulabatur,
2514 3995 2555 4059 i.
2588 4017 2645 4058 e.

499 4113 614 4160 aut
647 4119 724 4160 ex
753 4093 894 4182 lege
927 4093 1297 4180 provinciae,
1324 4109 1437 4157 aut
1475 4117 1553 4158 ex
1582 4093 1798 4161 edicto
1834 4119 1977 4164 suo.
2007 4099 2193 4190 Legis
2228 4101 2493 4166 nomine
2516 4099 2582 4166 h.
2602 4101 2645 4164 l.
