2984 4684
564 373 707 464 478
1208 369 1305 436 M.
1358 369 1439 436 T.
1490 369 2054 468 CICERONIS

558 495 725 566 illos
743 505 772 536 ²
822 489 1243 590 palaestritas
1292 487 1489 560 bona
1541 491 1924 561 restituere
1963 489 2212 585 jussit,
2265 503 2342 560 et
2391 491 2726 588 Epicrati

560 603 893 688 Bidinos,
940 616 1017 672 et
1052 597 1335 698 pupillo
1358 595 1387 642 ³
1428 602 1928 698 Drepanitano
1971 606 2052 671 A.
2101 599 2532 688 Claudium3
2591 616 2674 672 et
2697 657 2720 688 ,

562 715 701 784 nisi
738 726 1017 782 mature
1066 709 1369 780 Letilius
1412 709 1488 779 in
1531 709 1838 781 Siciliam
1883 713 2200 782 venisset
2237 735 2404 782 cum
2441 713 2724 800 literis,

560 825 803 896 minus
846 847 992 892 xxx
1030 819 1291 891 diebus
1336 819 1674 892 Metellus
1711 835 1940 891 totam
1989 821 2284 892 triennii
2321 835 2722 920 praeturam

558 949 757 1006 tuam
792 930 1217 1004 rescidisset.

656 1049 778 1131 Et,
826 1043 1176 1141 quoniam
1208 1038 1302 1111 de
1340 1063 1425 1112 ea
1451 1042 1762 1139 pecunia
1783 1093 1804 1128 ‚
1843 1065 2068 1138 quam
2103 1041 2244 1113 tibi
2273 1039 2364 1112 ad
2397 1056 2720 1112 statuam

559 1178 900 1228 censores
919 1151 1391 1226 contulerunt
1403 1205 1423 1238 ,
1436 1150 1616 1238 dixi3
1641 1175 1796 1222 non
1813 1151 1994 1222 mihi
2011 1151 2722 1248 praetermittendum

558 1264 847 1336 videtur
914 1287 1008 1335 ne
1054 1261 1236 1333 illud
1278 1261 1574 1358 quidem
1623 1285 1853 1358 genus
1907 1265 2234 1360 pecuniae
2281 1263 2720 1348 conciliatae,

558 1399 786 1474 quam
824 1389 905 1446 tu
943 1401 983 1446 a
1026 1372 1435 1445 civitatibus
1474 1385 1874 1444 statuarum
1905 1375 2204 1445 nomine
2239 1376 2560 1472 coegisti.
2595 1379 2722 1445 vi-

560 1487 703 1559 deo
744 1489 943 1558 enim
1000 1484 1157 1580 ejus
1199 1484 1530 1581 pecuniae
1569 1507 1928 1555 summam
1975 1508 2130 1557 esse
2181 1483 2676 1584 pergrandem
2698 1539 2720 1573 ‚

561 1596 653 1670 ad
684 1601 833 1668 H-s
872 1621 1011 1668 cxx
1048 1594 1271 1666 millia
1291 1597 1322 1645 ‘0
1360 1620 1378 1665 ε
1420 1607 1704 1665 tantum
1743 1593 2132 1667 conficitur
2161 1621 2255 1667 ex
2281 1598 2722 1667 testimoniis

560 1733 645 1781 ac
684 1709 909 1780 literis
948 1708 1345 1780 civitatum.
1394 1709 1483 1776 Et
1517 1709 1652 1776 iste
1697 1705 1842 1777 hoc
1878 1706 2251 1795 concedit,
2288 1731 2426 1778 nec
2469 1721 2726 1806 potest

560 1820 772 1890 aliter
794 1816 1057 1890 dicere.
1096 1819 1341 1907 Quare
1369 1814 1782 1911 cujusmodi
1807 1829 2150 1914 putamus
2172 1840 2328 1889 esse
2365 1817 2520 1904 illa,
2549 1843 2722 1914 quae

562 1941 781 2025 negat
797 1981 817 2014 ‚
835 1952 1069 2024 quum
1091 1926 1244 1997 haec
1276 1941 1425 1997 tam
1448 1924 1781 2023 improba
1807 1928 1952 1998 sint
1967 1983 1987 2016 ,
2001 1951 2166 2024 quae
2189 1925 2496 1999 fatetur?
2517 1930 2724 2018 Quid

563 2039 761 2109 enim
801 2040 911 2108 vis
964 2037 1359 2107 constitui?
1404 2050 1919 2133 consumptam
1959 2059 2117 2108 esse
2160 2061 2458 2108 omnem
2505 2040 2724 2108 istam

564 2148 949 2246 pecuniam
978 2147 1053 2217 in
1078 2147 1367 2218 statuis?
1388 2152 1524 2218 Fac
1548 2149 1646 2217 ita
1663 2169 1856 2218 esse:
1889 2161 2131 2218 tamen
2154 2146 2299 2220 hoc
2327 2146 2722 2221 ferendum

564 2255 773 2328 nullo
796 2256 1021 2327 modo
1046 2269 1187 2344 est,
1216 2269 1491 2327 tantam
1519 2256 1611 2328 ab
1648 2260 1858 2328 sociis
1884 2259 2270 2354 pecuniam
2291 2257 2562 2331 auferri
2581 2315 2602 2348 ,
2635 2275 2724 2330 ut

564 2366 911 2438 omnibus
948 2367 1027 2437 in
1062 2367 1465 2466 angiportis
1514 2367 1875 2467 praedonis
1911 2369 2428 2466 improbissimi
2463 2385 2724 2444 statuae

564 2491 973 2576 ponantur,
1010 2501 1160 2574 qua
1192 2475 1355 2548 vix⁵
1392 2491 1556 2549 tuto
1591 2480 1880 2549 transiri
1919 2501 2134 2576 posse
2163 2478 2516 2551 videatur.

660 2591 917 2660 LVIII.
976 2591 1251 2660 Verum
1296 2587 1425 2659 ubi
1468 2587 1764 2660 tandem
1787 2643 1808 2677 ‚
1857 2603 1986 2660 aut
2026 2591 2106 2660 in
2145 2589 2419 2687 quibus
2463 2591 2724 2662 statuis

562 2709 697 2773 ista
744 2713 942 2772 tanta
984 2699 1294 2798 pecunia
1332 2713 1772 2798 consumpta
1807 2699 1965 2772 est?
2021 2703 2518 2773 Consumetur
2539 2755 2562 2790 ,
2611 2704 2724 2773 in-

634 2937 688 2972 2.
717 2925 844 2970 Tuos
870 2921 995 2971 illos.
1014 2923 1351 2971 Asnieissinos
1376 2921 1593 2980 seilicet,
1677 2924 1879 2972 nomine
1905 2935 2154 2990 arguatur.
2183 2924 2298 2988 Legi
2326 2924 2486 2973 voluit
2515 2925 2722 2974 hile-n.

560 3003 851 3067 quibuscum
883 3001 1098 3050 Heraclii
1124 3013 1173 3051 et
1196 3001 1435 3067 Epicratis
1460 3003 1592 3050 bons
1679 3003 1903 3052 «centies
1915 3003 2066 3053 vicies
2088 3025 2134 3062 ι,
2158 3006 2246 3068 qni
2265 3021 2502 3054 numerus
2519 3022 2720 3054 omnem

562 3081 773 3146 partitus
792 3096 861 3127 es.
1681 3080 1832 3130 fidem
1887 3099 1944 3130 nc
2003 3084 2208 3132 modum
2271 3084 2484 3132 excedit.
2548 3088 2724 3148 Quum

636 3161 686 3209 3.
716 3157 923 3224 Pupilla.
955 3157 1181 3223 Sosippi‚
1217 3157 1303 3222 qni
1328 3157 1473 3206 frater
1496 3168 1598 3206 erat
1683 3160 1814 3210 enim
1869 3161 2046 3211 Cicero
2104 3157 2282 3227 ἐπρίω
2341 3162 2474 3212 dic-t
2509 3165 2721 3213 Verrem

562 3239 803 3306 Epicratis
816 3271 833 3298 ‚
868 3235 992 3286 filio.
1015 3239 1176 3302 Quem
1195 3237 1345 3286 honis
1366 3237 1600 3303 spoliarat

564 3319 797 3368 omnibns
838 3319 906 3366 A.
947 3316 1185 3378 Claudius
1206 3353 1222 3380 ,
1268 3317 1566 3382 Apollonius
1582 3351 1600 3378 ,

562 3399 716 3448 homo
736 3396 1048 3462 dignissimus
1061 3395 1231 3444 Verris
1248 3394 1600 3446 moribusxid.

562 3483 707 3528 'Vei-r.
723 3479 814 3537 N,
846 3493 866 3524 1
879 3493 927 3540 7.

635 3565 685 3614 4.
734 3555 885 3606 CXX
912 3554 1071 3604 millia
1105 3553 1325 3621 (24,6oo
1363 3555 1455 3621 fr.)
1476 3557 1602 3619 Qnae

561 3651 747 3684 summa
776 3651 878 3683 non
893 3633 1191 3700 pergrande&
1212 3632 1435 3693 videtum
1455 3633 1552 3683 nisi
1569 3651 1598 3684 a

561 3715 766 3779 singulis
787 3713 1073 3763 civitatibus
1098 3724 1265 3762 exacta
1287 3713 1498 3774 dicatur,
1518 3715 1599 3763 cni

564 3793 638 3840 rei
670 3793 901 3857 refragari
938 3805 987 3841 et
1025 3793 1163 3843 latini
1203 3795 1441 3842 sermonis
1470 3793 1598 3843 ratio

562 3883 612 3917 et
640 3871 889 3935 sequentia
910 3871 1156 3923 videntur.
1188 3875 1430 3937 Reposuit
1460 3877 1598 3923 Man.

565 3969 591 3990 α
607 3965 699 3997 ccc
722 3949 872 3997 millia
886 3971 929 4008 ι,
946 3951 1081 4015 quod
1100 3967 1200 4000 non
1224 3951 1407 4001 sufficit
1418 3969 1435 4012 ;
1448 3969 1600 4017 quum

562 4028 691 4076 infra
707 4031 883 4077 Verres
907 4026 1035 4076 hane
1066 4032 1269 4080 omnino
1294 4047 1530 4080 summm
1564 4048 1592 4081 a

559 4105 685 4153 solis
696 4105 1031 4168 Centuripinis
1048 4109 1301 4158 abstulisse
1322 4119 1590 4159 statuarum

1685 3261 1712 3282 ι
1729 3239 2128 3305 quadringenties
2148 3241 2462 3290 sestertium·
2489 3259 2556 3290 ex
2590 3245 2717 3292 Siei-

1685 3319 1749 3367 lia
1778 3331 1949 3368 contra
1985 3320 2116 3384 leges
2152 3321 2436 3380 abstulisse,
2473 3325 2589 3386 quis
2615 3339 2720 3372 ere-

1691 3399 1805 3448 dere
1821 3401 1978 3464 possit
1995 3401 2254 3463 pecuniam
2274 3417 2300 3448 a
2321 3401 2610 3450 civitatibus
2629 3414 2722 3451 sta-

1689 3489 1884 3527 tuarum
1922 3479 2124 3528 nomine
2154 3480 2388 3539 ablat-m,
2425 3481 2538 3546 plus
2571 3497 2722 3547 quam

1689 3568 1910 3622 quartam
1947 3559 2083 3607 illins
2125 3573 2326 3609 summe
2362 3573 2558 3626 partem
2603 3564 2722 3612 effe·

1689 3635 1832 3686 cisse.
1871 3638 2090 3700 conjicit
2127 3641 2357 3688 canton.
2401 3663 2428 3684 u
2441 3644 2720 3692 sestertiu-

1687 3715 1837 3764 vicies
1853 3737 1876 3758 ι
1891 3713 1947 3778 (4
1959 3733 2138 3776 to,ooo
2157 3715 2246 3782 fr.)
2259 3755 2273 3778 ,
2288 3735 2437 3784 quem
2459 3737 2722 3770 numerum

1685 3811 1776 3860 per
1795 3811 1866 3844 xx
1889 3795 1942 3843 in
1972 3796 2125 3846 codd.
2147 3815 2432 3864 expressum
2466 3801 2722 3865 paullatim

1687 3874 1738 3922 in
1762 3891 1896 3923 «cxx
1916 3875 2068 3924 millis
2083 3899 2108 3918 n
2125 3877 2301 3927 abiisse
2323 3879 2605 3931 arbitratur.
2629 3883 2724 3930 lte-

1688 3956 1819 4019 eepit
1839 3953 2034 4004 Sohiitz.
2053 3953 2134 4004 hic
2153 3969 2203 4006 et
2220 3957 2391 4023 paullo
2417 3971 2548 4024 post.

1757 4033 1807 4082 5.
1852 4035 1966 4098 Qua
1994 4035 2114 4086 vic.
2144 4039 2296 4101 Quasi
2329 4041 2499 4089 Verris
2545 4053 2721 4090 statuae

1681 4113 1928 4178 spoliandi
1952 4117 2051 4164 vim
2077 4128 2126 4165 et
2155 4117 2274 4181 ipsae
2293 4119 2533 4170 habeant.
