2984 4684
485 403 624 493 534
1237 410 1296 477 E
1311 410 1445 478 XC
1465 408 1527 477 U
1542 410 1605 476 R
1618 408 1663 476 S
1678 406 1743 475 U
1758 410 1805 476 S

476 554 616 597 rem
677 530 919 595 miiitiae
945 580 963 613 ‚
1029 528 1571 619 disciplinamque
1648 530 1970 609 majorum
2004 552 2024 608 3
2086 523 2251 614 quid
2314 524 2623 591 adversus

475 637 717 702 summi
755 637 1011 726 imperii
1051 637 1448 717 majestatem
1481 637 1623 701 ausi
1655 636 1793 700 sitis
1818 666 1864 701 ·.
1914 635 2145 720 Itaque
2184 654 2307 696 nec
2342 634 2623 722 impera-

465 743 635 807 toris
671 762 912 806 nomen
932 792 951 825 ‚
999 764 1120 807 nec
1151 742 1538 833 supplimtio
1556 792 1575 821 ‚
1622 761 1745 806 nec
1784 738 2161 827 triumphus
2202 736 2479 802 dabatur
2510 754 2627 802 aut

475 850 721 939 legato,
744 864 860 913 aut
881 850 996 913 ulli
1019 850 1128 913 alii
1155 850 1475 916 exercitus
1502 850 1855 939 praefecto3
1889 866 1975 911 ne
2004 846 2057 909 si
2088 866 2318 909 eorum
2352 842 2623 932 quidem

475 976 706 1044 opera,
737 972 934 1044 atque
958 956 1200 1020 virtute
1229 956 1585 1045 imperator
1608 949 1843 1019 absens
1860 997 1879 1035 ,
1910 966 2028 1016 aut
2054 968 2341 1040 aegrotus
2360 998 2379 1032 ,
2412 950 2624 1015 victo·

473 1060 636 1125 riam
685 1060 960 1149 adeptus
1001 1076 1206 1145 esset3
1261 1061 1446 1151 quod
1493 1084 1629 1125 non
1676 1080 1909 1125 eorum
1953 1057 2257 1146 auspiciis
2306 1078 2411 1120 res
2456 1070 2627 1121 esset

475 1182 690 1257 gesta,
733 1167 848 1235 sed
897 1168 1102 1257 ipsius
1145 1170 1581 1258 imperatoris.
1626 1168 1853 1258 Sigon.
1904 1164 1989 1231 de
2036 1166 2237 1253 antiq.
2270 1164 2401 1244 jur.
2438 1184 2624 1251 prov,

477 1274 590 1339 lib.
621 1276 721 1356 II,
755 1297 895 1363 cap.
931 1276 994 1341 6.
2052 1266 2061 1277 '

562 1381 1028 1469 Auspiciorum
1052 1400 1212 1445 voce
1239 1380 1614 1463 denotatur,
1645 1396 1721 1444 ut
1750 1378 1882 1443 dixi
1909 1379 2034 1442 alio
2056 1379 2205 1441 loco
2228 1424 2249 1459 ‚
2291 1376 2389 1440 vis
2422 1376 2625 1463 ipsius

475 1506 750 1550 summa
780 1488 1116 1575 potestatis
1129 1537 1148 1569 ‚
1183 1502 1248 1551 et
1277 1486 1571 1551 eminens
1604 1483 1901 1573 quasdam
1936 1502 2160 1547 rerum
2189 1479 2623 1572 gerendarum

477 1594 826 1659 auctoritas
855 1616 930 1658 ac
966 1592 1248 1659 effieacia
1273 1592 1590 1659 divinitus
1620 1590 2091 1681 imperantibus
2120 1610 2447 1654 concessa.

563 1701 867 1788 Auspicia
901 1700 970 1764 in
1013 1701 1236 1765 castris
1271 1700 1408 1765 duo
1441 1698 1942 1765 adhibebantur.
1990 1696 2217 1761 Unum
2238 1743 2257 1777 ,
2290 1709 2625 1775 eoactum3

473 1806 788 1889 alterum,
849 1827 928 1871 ex
985 1807 1420 1871 acuminibus.
1461 1806 1780 1871 Coactum
1826 1803 2190 1892 auspicium
2240 1791 2403 1865 illud
2449 1816 2625 1880 erat,

475 1911 660 1999 quod
687 1913 1028 2001 petebatur
1051 1935 1130 1976 ex
1155 1912 1348 2000 pullis
1364 1959 1383 1994 ,
1418 1934 1587 2000 quos
1626 1914 1796 1975 fame
1824 1926 2013 1975 antea
2042 1907 2329 1973 domitos
2363 1928 2401 1970 e
2434 1925 2627 1970 cavea

471 2019 786 2107 pullarius
813 2018 1132 2099 objectam
1177 2017 1260 2083 ad
1294 2018 1497 2083 offam
1534 2018 1904 2082 emittebat:
1948 2017 2003 2081 si
2040 2011 2289 2103 aliquid
2334 2036 2373 2077 e
2410 2012 2627 2102 pullo·

477 2146 630 2187 rum
667 2125 1073 2211 pascentium
1100 2147 1216 2188 ore
1247 2124 1316 2187 in
1359 2140 1601 2189 terram
1646 2123 1985 2189 cecidisset
2002 2168 2021 2203 ,
2070 2119 2438 2210 tripudium
2472 2120 2627 2184 soli-

477 2229 748 2295 stimum
791 2228 1162 2313 dicebatur,
1209 2252 1286 2295 ac
1331 2250 1723 2321 prosperum
1768 2228 2170 2293 habebatur:
2220 2227 2321 2290 sin
2374 2226 2628 2308 minus,

477 2333 858 2400 infaustum.
891 2337 1206 2401 Coactum
1239 2353 1460 2401 autem
1494 2334 1857 2417 dicebatur,
1884 2335 2036 2423 quia
2054 2380 2072 2415 ‚
2098 2348 2174 2397 ut
2208 2348 2425 2397 ratum
2462 2348 2631 2396 esset

478 2442 840 2530 auspicium
859 2492 878 2525 ,
931 2458 1011 2507 ut
1067 2463 1146 2507 ex
1191 2442 1326 2507 offa
1375 2441 1637 2507 caderet
1686 2438 1937 2529 aliquid
1984 2439 2349 2529 oportebat.
2396 2440 2629 2503 Cicero

479 2546 564 2612 de
621 2547 905 2613 Divinat.
957 2547 1071 2613 lib.
1119 2550 1182 2613 11
1202 2598 1222 2631 ,
1277 2570 1417 2638 cap.
1455 2548 1562 2613 33.
1608 2546 1781 2612 Illud
1828 2561 2050 2611 autem
2104 2544 2583 2611 observandum
2608 2594 2627 2627 ,

479 2652 664 2741 quod
712 2656 1124 2745 magistratus
1178 2653 1446 2742 quidem
1468 2703 1487 2738 ‚
1534 2653 1649 2742 qui
1697 2655 1767 2717 in
1824 2652 2170 2741 consulatu
2230 2666 2299 2715 et
2346 2666 2629 2739 praetura

475 2760 878 2847 provinciam
911 2760 1372 2843 obtinuissent,
1397 2783 1567 2843 non,
1602 2760 1729 2823 nisi
1756 2756 2207 2823 addicentibus
2228 2757 2421 2846 pullis
2437 2806 2456 2839 ,
2486 2775 2629 2821 rem

481 2865 681 2929 ullam
713 2865 975 2956 aggredi
1016 2867 1238 2932 solitos
1283 2866 1521 2932 fuisse:
1575 2865 2003 2955 proconsules
2033 2884 2191 2928 vero
2208 2912 2225 2945 ,
2256 2879 2322 2927 et
2346 2886 2633 2952 proproe—

475 2986 686 3054 tona,
729 2985 806 3037 ut
850 2974 965 3060 qui
1011 2973 1152 3037 sine
1184 2974 1569 3063 magistratu
1602 2987 1817 3037 essent
1838 3020 1855 3053 ,
1908 2992 1985 3035 ea
2042 2990 2177 3035 non
2228 2970 2626 3035 observasse.

479 3067 688 3161 'Quod
721 3079 864 3144 elici
897 3100 1089 3168 posse
1115 3078 1376 3144 videtur
1405 3102 1486 3143 ex
1510 3078 1727 3143 verbis
1764 3077 2118 3164 Ciceronis.
2156 3074 2325 3141 Ibid.
2354 3096 2493 3163 cap.
2524 3074 2631 3139 36.

571 3186 955 3275 Auspicium
990 3208 1068 3249 ex
1101 3186 1517 3250 acuminibus
1558 3186 1833 3249 militare
1881 3184 2040 3265 fuit,
2098 3181 2215 3247 sed
2257 3180 2631 3262 cujusmodi

478 3291 684 3355 fuerit
710 3290 952 3356 eruditi
993 3304 1273 3375 certant,
1322 3308 1388 3356 et
1415 3290 1635 3356 adhuc
1664 3291 1789 3356 sub
1820 3289 2041 3371 judice
2074 3290 2152 3353 lis
2188 3305 2303 3353 est.
2330 3288 2635 3351 Meminit

477 3396 719 3462 'Cicero
757 3396 918 3463 ibid.
951 3420 1090 3487 cap.
1127 3397 1234 3480 36,
1273 3414 1344 3463 et
1375 3397 1458 3463 de
1496 3398 1645 3463 Nat.
1676 3400 1874 3467 Deor.
1908 3398 2008 3478 11,
2042 3415 2182 3484 cap.
2214 3389 2275 3459 3.
2310 3396 2451 3484 Ego
2482 3414 2635 3458 acu-

485 3504 662 3567 mina
695 3504 1104 3593 interpretari
1137 3526 1330 3591 posse
1365 3526 1517 3570 reor
1553 3505 1738 3592 quasi
1776 3504 2150 3586 cacumina,
2190 3503 2331 3565 loca
2366 3500 2633 3565 collium

487 3609 844 3675 editissima
863 3660 881 3695 ,
917 3612 1036 3675 ubi
1069 3612 1264 3676 colles
1291 3606 1648 3694 deficiunt3
1684 3608 1863 3674 unde
1895 3607 2058 3699 quid
2094 3609 2253 3674 boni
2284 3604 2633 3699 portende·-

487 3732 586 3780 ret
615 3719 832 3781 avium
869 3718 1119 3783 volatus
1142 3718 1611 3784 observabatur
1624 3728 1645 3759 ¹
1659 3767 1675 3781 .

568 3936 588 3967 ι
602 3955 615 3968 .
641 3921 773 3970 Toto
795 3920 920 3971 celo
945 3922 1085 3986 quod
1109 3920 1172 3971 ad
1195 3922 1294 3971 hoc
1313 3924 1521 3989 auspicii
1606 3924 1925 3987 phoeuomena
1950 3921 2175 3986 quadam
2202 3920 2425 3969 electrica
2458 3920 2605 3967 fuis-e
2618 3952 2635 3976 ‚

491 4014 648 4065 genus
689 4000 930 4065 pertinet,
971 4001 1154 4051 fallitur
1195 4002 1480 4069 Deque-dias
1498 4022 1519 4051 .·
1607 4021 1634 4051 e
1658 4020 1761 4069 quo
1800 4018 1976 4067 genere
2020 4013 2094 4050 est
2128 4000 2254 4049 illud
2289 4000 2425 4064 quod
2466 3999 2633 4047 Livius

491 4089 690 4143 apparet
727 4082 856 4128 enim
873 4114 888 4138 ,
945 4092 1000 4129 ut
1053 4080 1236 4144 optime
1280 4080 1521 4146 explicuit
1606 4095 1768 4131 narrat
1792 4082 1921 4131 Hist.
1944 4084 2119 4145 xxn,
2142 4098 2161 4128 1
2181 4097 2240 4135 :bn
2255 4080 2515 4143 Augebant
2533 4092 2631 4125 me·

488 4156 808 4223 nottingerus
847 4160 911 4208 ad
959 4161 1067 4209 loca
1109 4176 1256 4225 supra
1291 4160 1485 4209 laudata
1503 4197 1517 4222 ,
1609 4174 1712 4210 tum
1740 4162 1963 4227 prodigia
1990 4178 2054 4210 ex
2076 4160 2302 4228 pluribus
2335 4158 2479 4208 simul
2508 4158 2631 4205 locis
