2984 4684
531 368 577 410 x
1338 340 1850 407 PRAEFATIO

528 461 969 570 eloquentia
990 520 1011 559 ,
1054 486 1231 567 quae
1272 486 1556 538 novam
1605 459 1718 537 eis
1765 458 1926 535 vim
1972 454 2357 566 addebat,
2397 474 2673 538 tamen

529 583 765 663 rudes
823 612 969 662 nos
1029 600 1108 661 et
1166 582 1620 689 alienigenae
1678 578 2187 685 intelligimus
2207 643 2228 675 ‚
2288 598 2368 659 et
2417 581 2662 660 veluti

530 690 911 786 torrentis
938 702 1157 781 fluvii
1188 704 1489 810 impetu
1512 699 1723 782 ultro
1743 702 2248 810 volentesque
2273 702 2660 811 rapimur.

632 835 801 936 Age
836 830 1085 929 enim,
1130 830 1197 907 si
1238 829 1323 906 in
1364 828 1604 935 hujus
1655 844 1960 907 tantum
2007 825 2433 906 voluminis
2475 826 2664 905 fini-

526 954 678 1033 bus
726 982 877 1032 nos
921 951 1502 1048 contineamus,
1545 952 1725 1059 quis
1763 960 2138 1059 'umquam
2175 950 2437 1030 verius
2478 979 2662 1031 ora-

526 1096 680 1176 tor,
712 1075 795 1156 id
825 1093 973 1173 est,
1027 1108 1065 1149 <c
1092 1075 1214 1152 vir
1249 1072 1512 1153 bonus
1549 1101 1638 1151 ac
1673 1072 1904 1151 fortis
1935 1070 2254 1152 dicendi
2290 1073 2596 1179 peritus
2619 1110 2657 1148 »

523 1202 863 1298 exstitit,
896 1228 1133 1307 quam
1175 1200 1314 1307 qui
1356 1199 1443 1275 in
1479 1198 1691 1276 civili
1732 1226 1964 1277 causa
1988 1257 2009 1296 ,
2063 1198 2147 1275 in
2191 1198 2330 1277 illo
2365 1198 2660 1277 virium

522 1352 840 1413 suarum
868 1338 1389 1417 tentamentO,
1418 1320 2060 1427 circumscriptos
2088 1320 2243 1400 sibi
2274 1321 2660 1401 terminos

524 1445 953 1553 egreditur,
1015 1462 1107 1523 ut
1174 1445 1564 1523 victarum
1633 1445 1982 1551 partium
2047 1442 2502 1551 proditores
2571 1474 2664 1524 ac

523 1570 971 1675 transfugas
1008 1586 1191 1647 ante
1228 1570 1399 1676 ipsa
1438 1569 1923 1647 vincentium
1959 1596 2140 1665 ora,
2168 1563 2446 1647 debita
2479 1568 2658 1647 affi-

522 1696 680 1775 ciat
733 1692 1227 1800 ignominia?
1274 1694 1462 1795 Quo
1501 1710 1764 1771 autem
1803 1720 2034 1771 sensu
2083 1720 2662 1799 permovemur,

524 1812 771 1927 quum
807 1818 891 1895 in
922 1816 1191 1907 Roscii
1220 1816 1573 1895 Amerini
1605 1841 1838 1895 causa
1858 1878 1877 1913 ,
1915 1817 2126 1895 inter
2155 1817 2664 1895 servientium

528 1941 834 2019 silentia
872 1968 963 2018 ac
1000 1957 1335 2037 metum,
1372 1941 1458 2017 in
1490 1938 1628 2018 illo
1660 1940 2038 2018 scelerum
2075 1941 2431 2019 omnium
2469 1958 2672 2021 aestu

528 2090 617 2143 ac
672 2062 943 2143 furore
966 2124 986 2161 ,
1046 2062 1568 2143 adolescentis
1608 2064 1964 2143 hominis
2010 2063 2344 2142 liberam
2391 2092 2668 2145 vocem

528 2185 927 2284 audimus,
976 2187 1114 2295 qui
1166 2215 1330 2266 non
1382 2187 1692 2266 minore
1737 2188 2059 2293 ingenio
2111 2216 2348 2296 quam
2396 2188 2672 2267 animo

527 2310 849 2390 Sullana
888 2308 1075 2389 odia
1114 2311 1201 2388 in
1232 2339 1315 2390 se
1339 2338 1654 2409 vocare,
1684 2312 1798 2388 rei
1834 2338 2148 2389 causam
2183 2340 2230 2389 a
2261 2340 2400 2390 sua
2439 2338 2672 2418 sepa-

528 2462 703 2511 rare
729 2460 897 2511 non
929 2431 1286 2523 dubitat,
1317 2450 1396 2511 et
1414 2433 1896 2540 Reipublicae
1913 2434 2269 2530 nomine,
2302 2434 2667 2513 miseram

530 2575 979 2663 temporum
1012 2555 1558 2635 conditionem
1579 2618 1602 2655 ,
1635 2556 2100 2635 sicariorum
2129 2554 2542 2635 audaciam
2573 2556 2673 2635 li-

528 2680 877 2761 berrima
925 2678 1479 2785 indignatione
1528 2680 2108 2789 conqueritur?
2167 2682 2264 2761 In
2313 2710 2404 2760 ea
2457 2699 2676 2761 certe

530 2806 927 2901 oratione,
970 2805 1357 2884 maximus
1384 2822 1718 2912 apparet
1739 2802 2064 2899 Cicero;
2115 2822 2194 2883 et
2216 2806 2381 2913 jam
2405 2806 2672 2885 virum

534 2927 757 3005 illum
788 2924 1187 3029 agnosciS,
1216 2926 1357 3033 qui
1394 2926 1473 3003 in
1515 2925 1878 3005 Catilinae
1917 2927 2230 3005 ruinam
2271 2954 2361 3005 ac
2391 2928 2677 3035 patriae

534 3048 814 3127 crescit
847 3047 1196 3126 salutem.

642 3173 917 3279 Neque
973 3198 1157 3249 sane
1216 3172 1302 3249 in
1360 3172 1708 3251 minimis
1771 3172 1968 3253 illud
2033 3174 2401 3253 Ciceroni
2470 3174 2624 3253 fuit
2654 3238 2677 3267 ,

535 3326 777 3407 quum
849 3322 1029 3373 eum
1103 3296 1339 3375 Siculi
1407 3298 1759 3402 rogaturi
1817 3297 2224 3397 adierunt,
2299 3316 2391 3377 ut
2447 3328 2678 3379 suam

538 3425 893 3530 ipsorum
953 3446 1259 3515 causam
1338 3417 1710 3501 adversus
1781 3422 2029 3501 scelus
2099 3451 2189 3501 ac
2253 3421 2681 3501 libidinem

539 3570 841 3623 summa
867 3542 1225 3651 potentia
1254 3542 1672 3621 subnixam
1701 3542 2182 3624 defenderet.
2197 3545 2454 3625 Tanta
2484 3574 2680 3625 sane

540 3666 817 3773 populi
861 3666 1106 3745 totius
1156 3662 1315 3745 fide
1371 3663 1702 3771 dignum
1753 3695 1833 3745 se
1884 3668 2294 3775 praestitit;
2337 3686 2417 3747 et
2465 3686 2680 3776 post-

537 3816 775 3897 quam
816 3788 1215 3867 Caecilium
1257 3786 1714 3895 quemdam,
1760 3790 2101 3869 aVerris
2147 3794 2508 3897 patronis
2540 3820 2680 3900 ap-

540 3913 889 4021 positum
910 3929 1393 4018 contemptu,
1421 3911 1784 4007 ridiculo,
1815 3932 2054 4023 atque
2073 3913 2266 3994 odio
2284 3913 2674 4023 perfudit,

538 4055 617 4114 et
643 4063 915 4115 omnes
948 4035 1061 4113 rei
1099 4035 1427 4115 insidias
1454 4064 1546 4114 ac
1581 4055 1788 4116 artes
1808 4038 2232 4143 ‘diligentia
2265 4067 2354 4117 ac
2377 4039 2678 4123 virtute
