2984 4684
1065 404 1434 426 mm
1437 406 2454 428 mmmmm

757 490 761 494 ’
821 565 1955 674 ARGUMENTUM.

315 775 518 846 Quum
547 769 950 849 proscribendi
985 771 1160 832 finem
1199 777 1264 832 Ι..
1295 773 1458 834 Sulla
1485 772 1749 834 kalendis
1787 773 1967 852 juniis
1997 762 2149 834 'anni
2188 776 2304 850 672
2346 775 2455 836 de-

392 867 747 942 nuntiasset3
783 867 1099 949 septembri
1122 891 1320 930 mense
1346 872 1701 952 insequenti,
1744 877 1804 933 S.
1832 873 2077 933 Roscius
2113 873 2457 948 Amerinus,

399 964 560 1024 illius
588 984 765 1044 quem
793 965 1058 1027 defendit
1079 967 1285 1028 Cicero
1299 1011 1316 1041 ,
1337 981 1524 1048 pater,
1556 982 1734 1028 noctu
1758 967 1990 1028 rediens
2017 989 2053 1029 a
2078 989 2243 1030 coena
2270 971 2458 1030 inter-

395 1061 584 1121 fectus
621 1075 726 1122 est.
759 1067 810 1120 A
848 1082 970 1142 quo
1005 1063 1327 1124 incertum:
1369 1064 1474 1124 sed
1507 1085 1699 1144 neque
1738 1065 2103 1145 proscriptus
2146 1080 2299 1140 erat,
2341 1087 2451 1126 nec

395 1178 524 1218 esse
557 1173 826 1240 poterat,
869 1163 1090 1241 quippe
1121 1163 1226 1240 qui
1265 1160 1586 1222 nobilitatis
1628 1165 1843 1234 fautor,
1876 1176 1936 1222 et
1960 1164 2359 1238 Metellorum,
2386 1184 2455 1223 ac

399 1255 748 1335 Scipionum
771 1257 990 1316 amicus
1011 1301 1029 1330 ,
1048 1256 1212 1317 omni
1231 1277 1346 1338 ope
1375 1259 1644 1320 Sullanos
1668 1278 1899 1338 semper
1931 1258 2263 1337 adjuvisset.

477 1358 664 1414 Erant
699 1368 895 1414 autem
933 1355 990 1414 ei
1025 1370 1252 1416 veteres
1297 1355 1613 1416 inimicitiae
1658 1375 1793 1416 cum
1838 1356 2185 1436 propinquis
2228 1356 2460 1416 du‘obus

395 1451 627 1512 Rosciis
643 1493 662 1523 ,
685 1453 971 1531 Capitone
997 1467 1059 1518 et
1085 1459 1300 1533 Magno
1315 1497 1334 1528 ,
1361 1453 1466 1533 qui
1492 1455 1719 1529 statim,
1744 1455 1807 1514 in
1835 1453 1960 1534 ejus
1983 1453 2143 1514 bona
2170 1453 2325 1513 facto
2351 1455 2465 1513 im-

399 1563 570 1630 petu,
594 1550 780 1610 filium
807 1551 934 1630 ejus
959 1556 1020 1614 S.
1038 1553 1315 1612 Roscium
1339 1550 1564 1612 nudum
1600 1573 1634 1612 e
1663 1553 1919 1632 paternis
1941 1552 2173 1632 praediis
2203 1551 2469 1630 ejiciunt3

398 1660 462 1706 et
486 1659 558 1706 nt
591 1667 656 1707 se
685 1648 1036 1728 potentioris
1061 1649 1314 1708 nominis
1355 1648 1565 1709 umbra
1597 1662 1938 1729 protegant,
1978 1649 2307 1708 societatem
2335 1668 2467 1707 cum

397 1749 466 1805 1..
489 1746 668 1805 Sullae
689 1743 906 1805 liberto
925 1745 1337 1824 gratiosissimo
1355 1747 1743 1826 Chrysogono
1765 1746 1970 1805 ineunt
1982 1789 2001 1819 ,
2043 1746 2147 1824 qui
2176 1749 2237 1805 S.
2256 1747 2461 1806 Roscii

399 1840 692 1902 interfecti
721 1842 1004 1916 fortunas,
1034 1861 1164 1921 quae
1186 1857 1353 1903 erant
1377 1845 1637 1924 sexagies
1662 1857 1905 1903 centena
1932 1841 2113 1902 millia
2141 1843 2466 1904 sestertium

399 1935 743 2016 (1,23o,ooo
771 1937 901 2018 fr.),
930 1937 1165 1999 duobus
1190 1939 1450 1999 millibus
1471 1938 1799 2000 sestertium
1819 1938 1959 2020 (410
1979 1935 2074 2018 fr.)
2095 1938 2206 1998 sibi
2230 1960 2266 1998 a
2283 1938 2468 1999 dicta-

403 2047 532 2094 tore
551 2033 906 2094 addicendas
926 2048 1110 2096 curat.
2102 2103 2109 2110 .

479 2137 680 2207 Quum
701 2145 896 2192 autem
917 2145 1278 2204 vererentur,
1306 2154 1381 2193 ne
1407 2134 1646 2212 quando
1688 2137 1748 2193 S.
1790 2133 1989 2193 Roscii
2032 2133 2184 2193 filius
2219 2134 2466 2213 iniquis-

399 2231 544 2290 sime
583 2242 850 2310 ereptum
893 2230 1308 2309 patrimonium
1342 2243 1666 2310 repeteret,
1704 2250 1812 2289 nec
1855 2250 1928 2289 eo
1967 2229 2303 2310 superstite,
2344 2244 2459 2290 tam

401 2327 615 2407 opimis
643 2327 846 2407 spoliis
871 2347 1074 2388 secure
1105 2329 1222 2388 frui
1248 2342 1485 2408 possent
1500 2371 1519 2402 ,
1559 2324 1795 2387 insidias
1824 2327 2016 2407 primo
2046 2327 2170 2407 ejus
2196 2327 2329 2387 vitae
2356 2347 2467 2407 pa-

401 2443 536 2483 rare
577 2437 910 2504 coeperunt,
959 2443 1092 2502 quae
1131 2443 1314 2503 quum
1361 2444 1482 2483 non
1526 2423 1939 2503 processissent
1954 2467 1971 2495 ,
2011 2437 2073 2483 et
2108 2429 2171 2485 S.
2217 2425 2465 2485 Roscius

403 2527 608 2582 Romae
627 2520 784 2601 apud
810 2521 1080 2582 Metellos
1115 2521 1464 2581 tutissimum
1493 2519 1741 2580 haberet
1765 2520 2125 2600 perfugium,
2170 2534 2307 2579 tunc
2338 2523 2471 2600 ple—

403 2639 545 2678 num
568 2619 802 2679 sceleris
834 2620 1040 2678 ineunt
1073 2620 1415 2692 consilium,
1457 2632 1518 2676 et
1544 2630 1936 2678 accusatorem
1964 2618 2290 2678 subornant
2314 2623 2468 2678 Eru-

400 2718 556 2777 cium
591 2717 928 2798 quemdam,
955 2717 1057 2797 qui
1089 2723 1148 2780 S.
1173 2718 1373 2779 Roscii
1399 2735 1614 2776 nomen
1645 2716 1719 2774 de
1758 2715 2075 2794 parricidio
2102 2715 2343 2776 deferat.
2389 2720 2466 2777 Et

403 2817 516 2876 iste
537 2815 775 2894 quidem
801 2816 966 2876 illum
989 2817 1074 2876 ita
1096 2816 1419 2888 accusavit,
1463 2827 1527 2873 ut
1546 2813 1768 2873 diceret
1784 2831 2015 2872 causam
2041 2813 2097 2872 ei
2118 2813 2469 2892 suscipiendi

407 2913 676 2972 maleficii
701 2913 876 2974 fuisse
898 2913 1098 2973 odium
1129 2914 1345 2994 patris,
1383 2912 1487 2991 qui
1520 2911 1701 2971 fllium
1720 2911 1781 2969 in
1816 2909 2035 2970 rustica
2062 2911 2283 2991 praedia
2314 2914 2468 2972 rele-

407 3022 606 3090 garat,
637 3023 700 3069 et
731 3009 904 3070 etiam
931 3011 1292 3070 exheredare
1315 3023 1618 3070 statuerat.

485 3107 594 3168 His
624 3105 966 3168 adversariis
987 3107 1158 3168 brevi
1181 3126 1496 3188 oppressus
1528 3111 1587 3168 S.
1612 3106 1879 3182 Roscius,
1906 3107 1997 3166 vir
2022 3107 2273 3167 rusticus
2288 3149 2307 3179 ,
2331 3106 2467 3165 fuis-

407 3217 534 3264 set:
569 3204 838 3282 quamvis
863 3223 1020 3264 emm
1060 3204 1118 3264 ei
1158 3203 1418 3265 faverent
1447 3202 1796 3263 nobilissimi
1824 3203 1938 3262 viri
1975 3202 2198 3264 Metelli
2246 3221 2315 3261 ac
2353 3202 2473 3262 Sci-

408 3299 618 3379 piones
630 3345 648 3375 ,
677 3301 978 3361 dictatoris
1001 3313 1164 3361 metu
1182 3299 1260 3360 ab
1281 3301 1382 3361 illa
1405 3300 1775 3381 suscipienda
1800 3320 1973 3361 causa
2001 3298 2469 3374 deterrebantur,

407 3398 468 3456 in
488 3417 610 3477 qua
634 3411 696 3457 et
715 3398 1056 3458 sicariorum
1085 3397 1326 3458 audacia
1345 3411 1406 3459 et
1425 3397 1673 3477 reipubl.
1693 3400 1843 3458 mala
1870 3410 2061 3457 essent
2086 3395 2466 3476 deploranda.

405 3493 690 3554 Terrebat
717 3495 782 3554 in
821 3485 1032 3575 primis
1049 3494 1462 3574 Chrysogonus
1489 3495 1589 3554 ille
1618 3495 1833 3556 «homo
1856 3515 1890 3554 e
1912 3507 2129 3554 catasta
2142 3536 2161 3564 ,
2188 3491 2467 3570 sanguine

407 3591 706 3666 Quiritum
737 3603 796 3650 et
825 3591 1320 3671 proscriptionum
1343 3591 1576 3651 licentia
1601 3589 1819 3650 ditatus
1836 3615 1884 3664 υ,
1912 3589 2059 3648 ΡΙὶιι.
2083 3591 2332 3660 XXXV,
2362 3589 2469 3661 183

407 3688 510 3765 qui
554 3689 732 3750 Suuae
763 3689 950 3768 gratia
983 3687 1058 3749 ad
1095 3689 1466 3750 inimicorum
1493 3708 1694 3748 necem
1732 3687 1896 3748 abuti
1936 3705 2108 3767 posse
2142 3684 2471 3746 videbatur.

406 3783 522 3848 Sed
550 3786 770 3846 exstitit
789 3787 1047 3860 Tullius,
1073 3787 1177 3866 qui
1203 3800 1291 3846 tot
1315 3786 1639 3846 inimicitias
1677 3787 1972 3864 suscipere
2011 3804 2131 3844 non
2168 3781 2472 3856 dubitans,

409 3901 526 3940 non
555 3883 783 3942 minore
809 3883 1005 3944 animo
1036 3865 1214 3963 quam
1251 3883 1484 3962 ingenio
1509 3883 1796 3961 jacentem
1824 3901 1988 3941 reum
2016 3881 2217 3944 erexit.
2256 3883 2473 3941 Noster

411 3979 505 4038 ille
539 3979 789 4058 juvenili
837 3982 1022 4041 elatus
1064 3981 1308 4042 audacia
1327 4025 1345 4054 ,
1371 3981 1587 4059 illaque
1628 3980 1859 4040 fervens
1897 3978 2326 4058 indignatione,
2354 3997 2473 4054 qua

413 4075 554 4139 bene
584 4094 788 4140 natum
823 4093 1028 4159 pectus
1059 4081 1136 4140 ad
1175 4100 1378 4159 magna
1406 4078 1747 4158 impellitur,
1774 4099 1959 4157 quum
1997 4089 2257 4138 tacerent
2292 4073 2473 4134 ceteri
