2984 4684
509 339 644 411 582
1301 318 1637 407 APPEN
1656 336 1849 405 mx

1395 512 1739 576 Iudicium.

595 667 718 733 Die
749 667 941 731 tertio
961 666 1282 748 judicium
1317 668 1565 733 factum
1604 684 1730 750 est,
1766 668 1891 731 nisi
1922 684 2039 731 aut
2068 666 2267 746 judex
2287 713 2306 746 ‚
2340 682 2455 729 aut
2482 666 2645 730 alter

505 774 902 863 litigatorum
937 773 1166 839 abfuit.

594 877 796 961 Quod
817 879 872 943 si
893 902 1084 946 causa
1108 879 1414 943 ahsentioe
1437 880 1566 943 fuit
1587 878 1944 967 probabilis
1958 926 1978 959 ,
2016 878 2117 941 uti
2142 900 2204 942 v.
2224 898 2318 965 gr.
2338 876 2644 958 morbus,

519 981 656 1048 dies
683 981 915 1063 judicii
943 984 1230 1071 prolatus
1259 999 1390 1065 est,
1423 1006 1541 1049 seu
1570 982 1873 1058 diffissus.

606 1089 960 1177 Postquam
981 1088 1182 1170 judex
1212 1090 1420 1171 venit,
1457 1091 1779 1178 extemplo
1804 1086 2257 1169 adjutandum
2284 1087 2551 1153 accessit
2576 1108 2649 1150 se

509 1218 587 1259 ex
631 1196 772 1284 lege
815 1193 1280 1276 judicaturum.
1329 1195 1592 1261 Arbiter
1643 1218 1781 1260 non
1824 1194 2062 1274 juravit
2078 1244 2097 1277 ‚
2139 1194 2293 1282 quia
2339 1193 2649 1283 cognovit

507 1322 730 1365 musas
764 1324 910 1388 quae
933 1316 1116 1365 erant
1143 1300 1336 1365 bonae
1363 1298 1541 1365 fidei.
1560 1300 1869 1366 Formula
1892 1298 2315 1381 jurisjurandi
2340 1298 2651 1363 solemnis

419 1402 422 1405 ⁴
505 1407 666 1487 fuit,
717 1430 836 1471 «ex
881 1408 1080 1471 animi
1125 1406 1527 1473 sententian:
1582 1406 1803 1490 locus,
1862 1428 1973 1471 ara
2024 1407 2095 1469 in
2152 1406 2457 1487 comitio,
2502 1428 2651 1493 quae

505 1514 764 1599 «puteal
797 1512 1065 1580 Libonis
1083 1544 1108 1569 ι
1145 1512 1505 1579 dicebatur..

599 1618 800 1703 Quod
833 1620 888 1685 si
925 1620 1324 1711 litigatorum
1369 1622 1531 1687 alter
1572 1642 1707 1685 non
1746 1620 1998 1685 adesset
2022 1666 2041 1701 ‚
2088 1640 2306 1707 neque
2342 1618 2651 1682 morbum

507 1741 876 1807 excusaret,
911 1749 1050 1790 non
1093 1727 1310 1791 statim
1345 1749 1537 1791 causa
1574 1724 1885 1808 cadebat3
1927 1723 2077 1806 sed,
2126 1722 2395 1789 dimisso
2444 1723 2651 1787 tribu-

511 1833 672 1915 nali,
714 1832 876 1897 alter
905 1832 991 1897 ad
1035 1848 1378 1921 praetorem
1423 1832 1595 1915 ibat,
1632 1856 1667 1897 a
1707 1856 1843 1920 quo
1889 1830 2212 1915 edictum,
2250 1854 2385 1920 quo
2418 1830 2655 1895 absens

509 1938 848 2019 citaretur,
887 1938 1280 2025 postulabat.
1325 1938 1537 2003 Dabat
1570 1954 1811 2026 praetor
1854 1938 1925 2001 in
1962 1934 2098 2001 dies
2138 1936 2363 2001 decem
2384 1986 2402 2019 ‚
2452 1937 2558 2001 cui
2593 1938 2652 2001 si

510 2046 742 2109 absens
781 2067 916 2108 non
953 2060 1206 2134 pareret
1221 2094 1240 2127 ‚
1278 2046 1643 2110 secundum
1681 2030 1749 2109 in
1780 2046 1921 2110 dies
1960 2045 2183 2110 decem
2226 2060 2422 2133 atque
2458 2046 2651 2109 etiam

513 2151 782 2215 tertium
813 2150 1100 2215 edictum
1131 2151 1490 2235 scribebat,
1536 2166 1603 2216 et
1638 2151 1925 2241 denique
1956 2150 2189 2216 edebat
2218 2151 2287 2215 in
2320 2176 2475 2215 eum
2512 2151 2655 2225 edi-

517 2273 700 2321 ctum
767 2258 1310 2347 peremptorium,
1369 2280 1446 2321 ac
1499 2258 1853 2337 jubebatur
1892 2258 2090 2339 judex
2150 2256 2232 2322 de
2279 2258 2420 2341 lite,
2470 2258 2655 2347 quasi

515 2378 832 2452 praesente
857 2380 1142 2451 utroque
1159 2412 1179 2447 ,
1205 2386 1603 2455 cognoscere
1616 2410 1635 2446 ,
1665 2366 1772 2429 cui
1798 2380 2015 2429 tamen
2044 2364 2098 2428 si
2124 2364 2354 2429 melior
2374 2364 2657 2429 absentis

517 2492 712 2535 musa
739 2468 1088 2552 videretur,
1127 2492 1250 2558 pro
1283 2492 1366 2535 eo
1391 2469 1681 2551 judicare
1710 2471 1965 2539 licebat.

599 2575 633 2641 J
639 2575 810 2640 udex
843 2598 1050 2662 quum
1098 2598 1274 2641 unus
1319 2577 1480 2659 fuit,
1533 2598 1741 2641 unum
1792 2594 1905 2641 aut
1958 2576 2125 2641 duos
2164 2576 2389 2657 judicii
2444 2577 2657 2641 socios

511 2681 918 2769 jurisperitos
949 2681 1074 2746 sibi
1105 2682 1436 2763 adjunxit,
1479 2704 1766 2771 quorum
1812 2684 2089 2748 consilio
2116 2684 2185 2747 in
2220 2683 2466 2765 judicio
2512 2698 2659 2747 ute-

517 2803 731 2859 retur..
761 2786 860 2851 Ita
897 2786 1220 2875 Aquillius
1252 2788 1320 2850 in
1363 2809 1555 2851 causa
1595 2788 1849 2872 Quintii
1881 2788 2113 2871 judex,
2148 2806 2287 2854 ,tres
2328 2788 2659 2868 juriscon-

515 2890 720 2955 sultos
751 2891 820 2953 in
856 2891 1200 2959 consilium
1226 2894 1497 2957 vocavit.
1523 2893 1670 2983 Ipse
1702 2892 1870 2960 sedit
1891 2896 2182 2982 juratus3
2220 2894 2325 2959 alii
2358 2893 2657 2973 injurati:

519 3019 654 3060 non
686 2996 862 3061 enim
887 2996 1294 3080 judicarunt,
1325 2997 1442 3063 sed
1475 3000 1825 3064 consilium
1858 3001 2447 3065 communicarunt.

604 3103 811 3169 causa
871 3104 1316 3191 exponebatur
1369 3104 1547 3193 apud
1602 3105 1890 3186 judicem
1952 3124 2068 3171 aut
2128 3130 2247 3195 per
2304 3107 2661 3196 litigatores

523 3208 697 3295 ipsos
715 3255 734 3290 ‚
790 3225 905 3274 aut
945 3232 1064 3297 per
1109 3227 1499 3298 patronum,
1536 3213 1635 3276 uti
1667 3212 1897 3278 Cicero
1932 3212 2187 3297 Quintii
2232 3236 2489 3279 musam
2526 3214 2661 3303 egit

521 3312 700 3401 apud
731 3315 1114 3402 Aquillium.
1162 3315 1406 3387 Eadem
1453 3334 1571 3385 aut
1618 3320 1839 3409 paucis
1860 3367 1880 3402 ,
1930 3335 2044 3384 aut
2094 3320 2393 3407 pluribus
2442 3319 2663 3385 verbis

525 3420 998 3508 exponebatur.

613 3528 832 3591 Brevis
865 3528 1180 3615 expositio
1210 3530 1652 3619 appellabatur
1686 3554 1893 3597 causoe
1924 3532 2243 3611 conjectio
2259 3580 2277 3614 ,
2310 3554 2425 3596 seu
2458 3534 2661 3597 colle-

529 3633 692 3711 cti0‚
727 3634 908 3719 quasi
944 3632 1148 3717 dicas,
1188 3658 1394 3733 causae
1419 3640 1488 3701 in
1517 3638 1713 3703 breve
1740 3640 2028 3719 coacti03
2062 3639 2214 3727 quia
2246 3638 2399 3702 inde
2422 3636 2661 3717 judex,

534 3735 751 3800 audita
803 3738 926 3801 levi
978 3738 1374 3828 litigatorum
1429 3744 1877 3826 altercatione,
1934 3766 2254 3810 summam
2310 3744 2659 3831 quamdam

533 3841 671 3921 ejus
705 3844 1156 3907 controversiae
1184 3846 1368 3932 quasi
1397 3846 1923 3913 informationem
1948 3849 2305 3939 colligebat.
2318 3850 2661 3939 Longioris

533 3947 948 4034 expositionis
1030 3952 1326 4037 exemplo
1405 3953 1535 4016 sint
1611 3977 1816 4019 causae
1886 3978 1921 4018 a
1992 3956 2304 4018 Cicerone
2377 3954 2661 4019 defensae

533 4053 604 4115 P.
645 4052 932 4135 Quintii,
974 4070 1038 4117 et
1089 4056 1170 4137 Q.
1205 4058 1439 4122 Roscii.
1476 4060 1775 4127 'restibus
1822 4062 1934 4149 qui
1994 4063 2377 4151 plerumque
2432 4060 2658 4127 decem
