2984 4684
553 352 638 422 18
1188 355 1284 422 M.
1334 354 1412 421 T.
1465 352 2021 424 CICERONIS

539 472 722 544 nihil
751 477 1028 573 precari
1049 499 1069 562 ;
1096 485 1171 544 et
1183 526 1204 560 ‚
1229 475 1290 543 si
1309 470 1490 571 quid
1510 495 1721 568 agere
1737 470 1935 558 velit,
1950 469 2227 567 judicio
2246 469 2659 546 defendere.

537 589 702 656 Haec
736 582 914 654 dum
959 587 1206 654 Romae
1258 596 1635 680 geruntur,
1678 583 2025 672 Quintius
2080 583 2355 653 interea
2404 597 2661 654 contra

525 697 648 792 jus
666 691 756 780 ¹³,
785 690 1388 766 consuetudinem
1407 747 1427 779 ‚
1465 691 1703 762 edicta
1729 692 2226 788 praetorum14,
2270 688 2363 761 de
2386 689 2659 762 saltu¹⁵

533 829 856 902 agroque
881 805 1252 875 communi
1275 826 1318 872 a
1339 805 1563 874 servis
1595 799 2107 874 communibus
2128 805 2201 872 vi
2226 799 2659 888 detruditur.

631 920 787 987 VII.
837 916 1180 985 Existima
1198 967 1218 996 ‚
1263 917 1341 983 C.
1374 911 1681 1010 Aquini,
1720 909 1943 982 modo
1992 924 2067 981 et
2105 913 2383 982 ratione
2414 915 2661 984 omnia

533 1030 778 1097 Romae
809 1027 1134 1096 Naevium
1169 1021 1420 1095 fecisse
1439 1075 1462 1111 ‚
1487 1025 1547 1094 si
1581 1022 1757 1111 hoc,
1782 1019 1985 1120 quod
2014 1045 2147 1120 per
2178 1022 2417 1093 literas
2452 1024 2659 1094 istius

531 1139 608 1206 in
631 1135 860 1208 Gallia
891 1148 1172 1230 gestum
1201 1146 1346 1220 est,
1375 1148 1571 1205 recte
1606 1145 1825 1230 atque
1872 1129 2129 1201 ordine
2158 1129 2433 1202 factum
2453 1129 2655 1202 vide-

530 1261 669 1318 tur.
691 1245 1050 1343 Expulsus
1069 1259 1291 1341 atque
1315 1244 1587 1339 ejectus
1610 1266 1649 1312 e
1675 1239 1945 1340 praedio
1959 1241 2331 1333 Quinum,
2360 1255 2655 1338 accepta

529 1356 794 1452 insigni
820 1354 1110 1450 injuria,
1132 1349 1462 1449 confugit
1489 1349 1583 1424 ad
1610 1356 1689 1424 C.
1716 1350 2049 1423 Flaccum
2072 1361 2091 1395 ¹
2120 1353 2655 1448 imperatorem,

527 1466 657 1562 qui
697 1478 855 1534 tum
891 1475 1044 1532 erat
1087 1463 1166 1531 in
1209 1463 1629 1559 provincia:
1662 1485 1927 1559 quem,
1958 1474 2043 1532 ut
2080 1462 2307 1560 ipsius
2344 1459 2657 1558 dignitas

523 1575 790 1671 poscit,
814 1570 1112 1642 honoris
1137 1574 1362 1667 gratia
1385 1573 1710 1643 nomino.
1735 1577 1807 1644 Is
1830 1595 1989 1642 eam
2012 1595 2165 1642 rem
2192 1594 2415 1668 quam
2440 1571 2655 1644 vehe-

524 1698 808 1756 menter
835 1679 1340 1752 vindicandsm
1367 1684 1665 1780 putarit,
1694 1705 1785 1752 ex
1806 1680 2115 1753 decretis
2140 1681 2299 1778 ejus
2323 1685 2653 1779 poteritis

523 1816 980 1891 cognoscere.
1013 1791 1384 1890 Alphenus
1411 1796 1687 1864 interea
1712 1798 1959 1864 Romae
1988 1815 2153 1862 cum
2201 1795 2343 1864 isto
2381 1791 2649 1889 gladia-

525 1919 680 1976 tore
699 1914 730 1948 ²
760 1902 1004 1974 vetulo
1025 1899 1056 1946 3
1093 1901 1420 2000 quotidie
1461 1901 1881 2001 pugnabat:
1926 1900 2272 1974 utebatur
2293 1903 2325 1954 ⁴
2368 1903 2649 2000 populo

523 2038 692 2086 sane
726 2037 898 2103 suo,
939 2026 1322 2113 propterea
1357 2010 1563 2111 quod
1594 2017 1727 2084 iste
1757 2025 1977 2110 caput
2018 2006 2311 2109 petere⁵
2341 2035 2494 2081 non
2530 2009 2655 2084 de·

523 2123 826 2196 sinebat.
882 2121 1068 2196 Iste⁶
1109 2123 1524 2222 postulabat
1542 2178 1563 2211 ‚
1624 2139 1709 2194 ut
1760 2136 2191 2221 procurator
2242 2120 2651 2218 judicatum

520 2234 702 2305 solvi
736 2231 1172 2304 satisdaretv.
1199 2236 1432 2330 Negat
1459 2231 1834 2332 Alphenus
1860 2287 1886 2321 ‚
1923 2257 2217 2329 aequum
2258 2257 2451 2322 esse,
2482 2257 2655 2331 pro-

1695 2435 1745 2486 4.
1777 2426 2027 2477 Ueebatur.
2062 2427 2282 2492 Populus
2312 2426 2541 2491 Alpheno
2572 2429 2646 2478 fa-

1624 2505 1793 2566 vebat,
1820 2506 1957 2571 quod
1984 2523 2095 2554 eum
2114 2506 2369 2555 infensior-i
2398 2505 2517 2556 odio
2542 2523 2654 2572 per-

596 2426 677 2475 13.
699 2426 882 2474 Contra
903 2426 1009 2491 jus.
1035 2427 1164 2476 Nam
1189 2443 1350 2492 neque
1375 2426 1533 2475 deser-

519 2517 624 2554 tum
657 2504 994 2554 vadimonium
1024 2505 1203 2565 fuerat,
1241 2523 1398 2570 neque
1426 2522 1538 2554 reus

517 2585 760 2642 latitat-an
803 2585 988 2649 quippe
1035 2584 1125 2649 qui
1169 2595 1539 2651 procuratorem

519 2663 800 2730 Alphenum
821 2663 1110 2728 reliquisset.

595 2752 674 2799 η.
699 2741 880 2790 Edicta
899 2753 1182 2804 pratorum.
1209 2743 1338 2790 Nam
1363 2754 1539 2807 preto-

516 2839 594 2871 res
621 2839 725 2871 non
741 2821 862 2869 dant
877 2820 1228 2885 possessionem
1238 2853 1253 2878 ‚
1273 2821 1366 2868 nisi
1387 2839 1537 2886 quum

519 2918 630 2952 reus
647 2900 820 2950 absens
833 2899 1024 2962 iudicio
1048 2915 1153 2948 non
1179 2898 1468 2950 defenditur.

595 2981 677 3030 15.
710 2979 867 3028 Salsu.
894 2977 1052 3025 Saltus
1079 2977 1256 3026 dicitur
1281 2979 1420 3028 locus
1452 2997 1539 3046 pa·

521 3075 692 3116 scutis,
726 3056 934 3106 silvosus
980 3067 1031 3104 et
1069 3056 1312 3119 inaratus;
1346 3059 1412 3107 ad
1437 3075 1536 3108 rem

517 3137 792 3203 pecuariam
819 3135 1058 3200 pertinet,
1087 3145 1144 3184 ut
1178 3151 1293 3202 ager
1326 3137 1391 3185 ad
1431 3155 1539 3188 ara-

517 3218 722 3267 tionem.

586 3299 704 3345 vn.
730 3311 779 3344 ι.
807 3293 865 3344 0.
883 3293 1130 3344 Flaccum.
1153 3295 1204 3344 Is
1238 3310 1300 3343 ea:
1325 3307 1535 3360 pretura

519 3375 726 3425 Galliam
760 3373 1127 3424 Narbonensem
1161 3376 1364 3425 sortitus
1405 3377 1537 3426 obti-

507 3454 688 3517 nebat,
713 3465 786 3513 et,
813 3465 873 3502 ut
900 3469 965 3502 ex
999 3453 1304 3519 inperatoris
1337 3457 1536 3505 nomine

515 3545 742 3600 apparet,
782 3533 1036 3582 victoriam
1067 3534 1282 3599 aliquam
1313 3545 1531 3600 reporta-

515 3625 668 3662 verat.
1510 3638 1537 3676 g

583 3710 634 3741 s.
665 3691 986 3752 Οἱαᾰίαωνσ,
1005 3692 1041 3741 i.
1063 3709 1106 3742 e.
1125 3693 1316 3743 navio.
1331 3691 1532 3744 Gladia-

515 3773 637 3821 toris
681 3769 860 3820 nomen
906 3772 972 3820 ad
1013 3772 1267 3837 improbos
1307 3771 1531 3822 homines

511 3851 769 3901 transferre
785 3852 912 3900 solet
927 3850 1130 3902 Tullius.
1156 3851 1237 3900 Sic
1261 3867 1356 3916 pro
1373 3855 1526 3902 Rose.

509 3933 672 3981 Amer-
698 3930 750 3980 6.

580 4012 631 4059 3.
687 4009 876 4058 Vetula.
913 4009 1196 4059 veteratore
1211 4043 1228 4069 ‚
1273 4010 1526 4061 fraudibus

507 4100 718 4139 ὅδωθῑο.

1624 2585 1917 2650 sequebatur
1942 2585 2157 2636 Navius.

1698 2667 1751 2714 5.
1776 2665 1933 2730 Caput
1942 2676 2127 2730 petere.
2146 2667 2194 2712 A
2210 2663 2478 2729 giadiatore
2501 2662 2651 2714 ducta

1624 2743 1894 2792 similitudo
1929 2743 2188 2792 occidendi
2218 2743 2480 2792 adversarii
2503 2745 2653 2794 nimis

1626 2822 1810 2887 cupido
1824 2856 1839 2879 ‚
1876 2838 2023 2887 quem
2058 2833 2263 2886 propter
2298 2822 2399 2870 hoc
2424 2821 2531 2870 odit
2554 2839 2652 2888 po-

1624 2901 1773 2967 pulus
1798 2906 2040 2965 generosae
2060 2901 2258 2949 virtutis
2281 2917 2464 2950 amans.

1696 2982 1751 3029 6.
1776 2980 1856 3029 Sic
1874 2996 1901 3027 e
1918 2981 2043 3028 Mss
2070 2990 2119 3028 et
2144 2978 2257 3028 edd.
2280 2977 2458 3028 lamb.
2482 2980 2647 3030 Groev.

1626 3047 1814 3110 umba.
1837 3060 1965 3120 Am,
1982 3059 2225 3124 postulae.
2246 3061 2296 3110 J.
2312 3061 2377 3107 v.
2394 3059 2451 3106 1..
2525 3115 2537 3124 .

1699 3157 1747 3202 7.
1773 3140 2063 3188 Satisdaret.
2094 3139 2276 3187 Sensus
2300 3148 2402 3186 est:
2427 3138 2651 3188 Postula·

1622 3220 1709 3269 bat
1736 3219 1963 3277 Navius,
1988 3228 2047 3266 ut
2070 3217 2330 3284 Alpheum
2356 3217 2493 3266 daret
2526 3216 2652 3267 flde-

1616 3299 1831 3360 iussores
1856 3297 2123 3362 locupletes
2136 3329 2151 3355 ,
2180 3298 2267 3360 qui
2303 3311 2394 3345 suo
2419 3297 2647 3362 periculo

1621 3387 1908 3443 prestarent
1926 3386 2113 3424 tantum
2136 3375 2355 3424 solutum
2378 3375 2468 3434 iri,
2494 3391 2651 3440 qusu-

1621 3468 1744 3517 tum,
1758 3457 1949 3520 judicio
1966 3455 2113 3512 facto,
2140 3455 2271 3503 solvi
2298 3464 2577 3520 oporteret,
2602 3459 2649 3504 si

1618 3537 1849 3598 Quintius
1886 3535 2213 3582 damnaretur.
2236 3536 2355 3582 11ae0
2390 3545 2464 3582 est
2497 3533 2647 3583 satis·

1618 3615 1786 3675 datio,
1813 3629 1919 3678 quae
1938 3612 2405 3678 dicitur-judicatum
2428 3612 2563 3661 solvi.
2584 3615 2649 3663 In

1616 3693 1891 3743 actionibus
1932 3693 2063 3741 enirn
2115 3691 2455 3756 personalibus
2500 3703 2646 3742 actor

1616 3772 1801 3822 nullam
1823 3773 2187 3822 satisdationem
2206 3772 2319 3821 dare
2344 3771 2647 3836 cogebant-3

1616 3869 1774 3917 neque
1798 3869 1937 3912 reus,
1969 3854 2013 3900 si
2038 3851 2245 3918 proprio
2268 3852 2467 3899 nomine
2488 3853 2543 3900 iu
2564 3853 2649 3914 ju-

1615 3931 1749 3981 dicio
1770 3934 1959 3982 sisteret
1978 3949 1997 3998 ς
2024 3931 2291 4001 cogebatur
2312 3944 2475 3981 autem
2502 3932 2649 3980 satis·

1616 4011 1754 4074 dare,
1786 4014 1828 4062 si
1850 4029 1941 4078 per
1964 4023 2337 4080 procuratorem
2372 4012 2426 4059 in
2450 4010 2647 4072 iudicio

1602 4091 1818 4140 sisteret.
