2984 4684
744 368 857 440 IN
901 369 1335 439 VERREM
1388 367 1603 438 ACT.
1651 370 1768 455 ΙΙ,
1815 370 2008 439 LIB.
2059 371 2114 438 I.
2361 366 2502 441 3¹5

357 491 565 565 fumo
597 494 1090 563 excruciatum
1115 544 1135 578 ‚
1178 490 1604 563 semivivum
1631 489 1944 587 reliquit.
1984 496 2142 563 Jam
2176 514 2336 590 quae
2371 493 2506 563 iste

356 603 595 701 signa,
631 626 812 699 quas
863 600 1141 673 tabulas
1188 601 1421 699 pictas
1459 626 1550 673 ex
1597 600 1864 672 Achaia
1900 604 2310 691 sustulerit,
2349 628 2504 675 non

358 713 591 785 dicam
631 711 777 783 hoc
808 711 973 783 loco
1004 739 1022 783 ε
1060 725 1169 783 est
1206 708 1437 785 alius⁶
1475 711 1656 783 mihi
1694 709 1899 783 locus
1935 712 2042 783 ad·
2068 712 2260 783 hanc
2301 713 2506 785 istius

360 823 831 922 cupiditatem
878 821 1524 895 demonstrandam
1571 834 1964 895 servatus7.
2027 824 2328 896 Athenis
2382 849 2506 896 au-

278 1032 285 1040 ·
360 934 569 1007 distis
606 960 699 1007 ex
745 933 897 1005 aede
934 929 1319 1005 Minervae⁸
1349 933 1622 1032 grande
1660 934 1818 1005 auri
1841 932 2132 1031 pondus
2155 932 2508 1023 ablatum3

364 1045 649 1118 dictum
696 1046 840 1117 hoc
895 1059 1005 1117 est
1058 1046 1134 1117 in
1178 1048 1309 1115 Cn.
1356 1042 1752 1117 Dolabellae
1800 1043 2076 1139 judicio
2115 1070 2133 1114 t
2186 1043 2509 1115 dictum?

365 1159 583 1229 etiam
619 1157 1049 1227 aestimatum
1064 1164 1119 1224 9.
1165 1154 1403 1251 Hujus
1436 1156 1720 1227 consilii
1756 1179 1910 1226 non
1955 1152 2182 1226 modo
2219 1156 2512 1252 partici-

364 1290 529 1363 pem
566 1269 644 1337 C.
677 1270 1018 1351 Verrem,
1060 1264 1189 1337 sed
1226 1268 1638 1365 principem
1669 1263 1886 1337 fuisse
1917 1266 2315 1363 reperietis.

464 1379 724 1447 XVIII.
766 1376 1031 1447 Delum
1073 1378 1317 1449 venit:
1352 1375 1457 1447 ibi
1490 1402 1580 1449 ex
1623 1374 1794 1447 fano
1835 1375 2191 1475 Apollinis
2225 1375 2514 1473 religio-

367 1487 649 1559 sissimo
693 1500 921 1559 noctu
958 1484 1145 1557 clam
1190 1486 1480 1596 spstulit
1521 1489 1726 1586 signa
1768 1485 2260 1586 pulcherrima
2294 1500 2514 1583 atque

368 1598 903 1695 antiquissima3
942 1620 1175 1694 eaque
1219 1600 1297 1667 in
1337 1602 1747 1669 onerariam
1795 1620 2061 1669 navem
2095 1620 2302 1667 suam
2337 1619 2514 1667 con-

364 1707 679 1804 jicienda
712 1707 1013 1778 curavit.
1055 1706 1407 1780 Postridie
1439 1732 1675 1805 quum
1711 1705 1964 1779 fanum
1993 1706 2384 1804 spoliatum
2416 1709 2516 1777 vi-

368 1818 628 1893 derent
670 1822 760 1909 ii,
802 1822 934 1917 qui
969 1821 1238 1892 Delum
1276 1820 1728 1909 incolebant,
1778 1822 2094 1918 graviter
2138 1818 2513 1892 ferebant:

370 1947 481 2005 est
516 1932 712 2003 enim
748 1944 949 2003 tanta
986 1930 1183 2030 apud
1227 1957 1353 2005 eos
1394 1932 1552 2028 ejus
1590 1930 1738 2003 fani
1781 1931 2034 2028 religio
2071 1946 2291 2029 atque
2328 1930 2520 2000 anti-

368 2044 643 2141 quitas‚
700 2056 789 2113 ut
828 2043 908 2112 in
954 2068 1045 2115 eo
1087 2042 1282 2117 loco·
1306 2047 1552 2143 ipsum
1603 2044 2012 2143 Apollinem
2063 2057 2320 2114 natum
2363 2064 2520 2113 esse

368 2154 861 2231 arbitrentur:
900 2153 1213 2231 verbum
1245 2171 1489 2227 tamen
1520 2153 1752 2229 facere
1785 2180 1940 2226 nou
1975 2153 2346 2227 audebant
2368 2206 2388 2239 ,
2427 2176 2523 2223 ne

370 2264 563 2338 forte
617 2290 703 2337 ea
748 2290 865 2337 res
920 2264 1013 2337 ad
1065 2266 1520 2339 Dolabellam
1577 2272 1820 2365 ipsum
1869 2271 2283 2366 pertineret.
2333 2267 2522 2335 Tum

370 2377 617 2451 subito
652 2393 1115 2477 tempestates
1159 2394 1425 2450 coortae
1460 2393 1636 2449 sunt
1671 2380 1999 2449 maximae
2017 2432 2037 2467 ‚
2073 2375 2354 2472 judices
2374 2427 2394 2462 ,
2437 2389 2524 2447 ut

372 2512 527 2559 non
576 2486 801 2560 modo
832 2487 1236 2587 proficisci,
1290 2514 1524 2586 quum
1573 2502 1873 2586 cuperet
1891 2541 1912 2576 ‚
1954 2485 2332 2560 Dolabella
2371 2510 2524 2557 non

373 2612 619 2697 posset
641 2652 661 2686 ‚
690 2597 817 2671 sed
844 2600 965 2669 vix
992 2603 1069 2669 in
1100 2598 1375 2697 oppido
1399 2610 1421 2641 ¹
1465 2602 1894 2670 consisteret
1929 2624 1944 2667 τ
1975 2598 2072 2667 ita
2113 2598 2354 2693 magni
2389 2594 2524 2666 flu·

373 2723 533 2781 ctus
552 2709 1041 2806 ejiciebantur.
1074 2710 1207 2781 Hic
1229 2710 1431 2781 navis
1460 2708 1582 2780 illa
1609 2705 2013 2806 praedonis
1993 2707 2227 2793 istim,
2258 2718 2525 2775 onusta

376 2820 597 2917 signis
618 2820 1002 2919 religiosiS‚
1027 2820 1329 2919 expulsa
1356 2834 1576 2918 atque
1597 2819 1826 2915 ejecta
1843 2817 2100 2907 fluctu,
2127 2814 2520 2915 frangitur:

380 2932 458 3002 in
495 2931 705 3003 litore
745 2933 947 3029 signa
978 2932 1100 3004 illa
1135 2930 1489 3031 Apollinis
1532 2932 2031 3060 reperiuntur3
2039 2915 2268 3027 J‘ussu
2305 2927 2524 3001 Dola-

449 3081 500 3129 6.
518 3082 607 3129 Est
620 3080 1057 3143 alius.1njudieio
1075 3080 1136 3129 de
1152 3080 1408 3145 peculatu,
1485 3090 1735 3145 parents,-
1768 3058 1996 3127 nonnulli
2015 3076 2126 3138 alii,
2166 3086 2446 3127 reservatus.
2473 3076 2526 3125 J.

379 3158 553 3207 sibine
566 3160 801 3219 evasa-in
829 3176 933 3210 non
950 3176 1100 3220 vero,
1132 3170 1189 3209 ut
1217 3161 1411 3224 putavit
1444 3158 1564 3209 V.
1589 3161 1644 3209 1..

378 3240 625 3287 Asconius
640 3274 655 3297 ‚
688 3239 744 3287 in
777 3238 909 3287 libro
940 3240 1003 3289 de
1028 3240 1189 3304 Signis
1204 3274 1221 3301 ,
1256 3254 1411 3302 quum
1573 3240 1620 3289 Β.
1640 3238 1772 3287 AEde
1797 3238 2050 3288 Μίκωνα.
2073 3240 2236 3301 Quam
2253 3235 2530 3284 Partheno-

376 3318 433 3365 in
468 3334 529 3367 eo
565 3317 628 3366 de
667 3317 851 3367 tabulis
886 3334 949 3367 ex
980 3319 1168 3368 Achai·
1204 3318 1413 3369 sublati·
1499 3335 1613 3367 nem
1653 3320 1818 3369 Groeci
1856 3318 2132 3379 vocabant,
2175 3334 2205 3365 a
2243 3315 2431 3365 Pericle
2473 3316 2528 3364 in

378 3396 586 3447 verbnm
630 3396 819 3445 nullum
860 3395 961 3447 fiat.
1018 3398 1098 3447 Sic
1140 3399 1411 3447 Manutius.
1501 3416 1612 3449 aree
1636 3410 1951 3449 exstructam.

381 3474 657 3527 Contendit
683 3485 845 3523 antem
873 3477 1112 3525 Fet-ratius
1132 3478 1193 3527 de
1217 3478 1318 3527 hoe
1344 3478 1416 3527 nl-
1575 3496 1630 3543 9.
1654 3478 1990 3529 AEsu‘matum.
2022 3476 2290 3528 Dolabella
2318 3475 2534 3540 imputa-

384 3557 509 3605 timo
538 3554 670 3603 libro
705 3553 789 3601 hic
820 3554 931 3618 agi,
972 3572 1127 3619 qutun
1158 3559 1417 3621 promittat
1502 3568 1638 3617 tum,
1673 3559 1744 3609 ita
1783 3568 1842 3609 nt
1879 3558 2112 3607 damnato
2151 3556 2226 3604 illi
2259 3553 2422 3603 fuerit*
2441 3552 2536 3603 sol·

383 3646 567 3695 orator,
593 3651 644 3684 ee
670 3634 904 3683 nimirum
935 3633 1067 3682 banc
1083 3638 1251 3685 Verris
1276 3638 1413 3701 cupi·
1501 3634 1736 3687 vendam.

383 3714 587 3766 dientem
607 3713 1053 3763 demonstraturum
1069 3748 1087 3775 ‚
1123 3731 1281 3780 neque
1298 3717 1413 3765 ideo
1573 3717 1766 3767 xvm.
1804 3734 1850 3767 1.
1885 3718 1948 3765 In
1985 3714 2184 3779 oppido.
2222 3715 2346 3761 Rem
2383 3728 2532 3776 supra

385 3794 449 3845 de
483 3794 715 3844 Achaicis
748 3790 902 3857 signi·
936 3791 1076 3856 loqui
1112 3794 1289 3844 Siciliae
1328 3812 1415 3861 pa-
1502 3794 1706 3845 modnm
1727 3806 1874 3860 auget
1891 3806 2078 3845 orator.
2106 3794 2224 3842 Non
2245 3794 2374 3841 enim
2399 3792 2533 3841 veri-

294 3884 307 3901 *
386 3886 535 3924 trono
558 3890 753 3923 nece-se
779 3872 845 3921 sit
862 3904 881 3932 ,
917 3888 1071 3937 quum
1105 3890 1169 3923 ex
1194 3875 1337 3925 istiu·
1362 3878 1417 3925 in
1485 3875 1661 3925 ‘simile
1685 3886 1758 3923 est
1783 3875 1967 3941 ejectos
1985 3873 2133 3923 fuine
2165 3872 2348 3922 flnctus
2373 3872 2426 3919 in
2448 3888 2536 3935 op-

384 3954 483 4001 hoc
500 3969 674 4016 genere
700 3952 845 4001 furtin
870 3952 1010 4001 facile
1036 3966 1269 4019 apparent
1293 3956 1415 4021 quid
1502 3955 1674 4021 pidum
1687 3986 1706 4015 ,
1725 3954 1862 4019 quod
1881 3954 1934 4002 in
1959 3953 2117 4003 medin
2139 3954 2294 4003 insula
2313 3954 2532 4019 positum

390 4031 443 4079 in
466 4032 573 4080 aliis
604 4033 873 4097 provinciis
896 4034 1083 4082 fecerit.
1504 4046 1608 4085 ent
1639 4034 1706 4083 ad
1739 4034 1925 4083 radices
1957 4034 2162 4099 cynthii
2186 4034 2403 4093 montis,
2437 4031 2534 4080 nisi

468 4126 513 4173 7.
535 4113 657 4161 Tre·
676 4112 828 4163 codd.
842 4112 976 4177 apud
996 4112 1313 4175 hmbinnm,
1336 4130 1415 4163 se·
1506 4115 1637 4163 sorte
1663 4124 1781 4163 tunc
1810 4124 1949 4162 terroe
1977 4114 2124 4163 fuerit
2149 4126 2326 4164 motus.
