2984 4684
381 410 2435 434 mmmmmmmflmmmmmmmmmfiu
2440 414 2531 433 w·

606 592 1078 700 ALIUD
1166 595 2313 701 ARGUMENTUM.

381 830 696 885 Accusator
730 828 1108 897 constitutus,
1159 828 1366 887 Cicero
1410 826 1523 885 sibi
1560 839 1793 884 centum
1830 840 1889 885 et
1930 826 2131 886 decem
2170 826 2293 888 dies
2342 828 2532 906 petie-

463 936 585 995 rat,
619 922 832 1002 quibus
862 926 922 983 in
957 925 1156 985 Sicilia
1183 924 1543 997 testimonia,
1568 938 1627 982 et
1660 922 1886 983 tabulas
1913 926 2317 1002 conquiret-eu
2349 948 2532 1005 quum

461 1033 656 1078 autem
681 1021 782 1079 vix
813 1021 1238 1101 quinquaginta
1269 1020 1479 1081 diebus
1516 1035 1637 1081 tota
1672 1034 1977 1100 peragrata
2014 1016 2243 1095 Sicilia,
2273 1025 2534 1083 omnium

462 1120 818 1197 populorum
847 1139 915 1177 ac
947 1120 1314 1197 privatorum
1336 1120 1582 1197 injurias
1606 1124 2009 1197 cognosceret,
2029 1124 2276 1180 Romam
2296 1137 2539 1200 repente

461 1236 755 1294 regressus
771 1262 788 1292 ,
811 1217 1095 1277 intellexit
1117 1222 1362 1277 Verrem
1389 1232 1448 1277 et
1472 1217 1598 1296 ejus
1626 1218 1842 1276 amicos
1871 1226 2029 1276 nova
2060 1218 2285 1278 ratione
2308 1221 2538 1279 officere

463 1312 728 1387 studere,
758 1328 825 1373 ut
858 1336 950 1374 res
977 1316 1040 1373 in
1065 1336 1282 1375 annum
1310 1316 1581 1394 proxime
1612 1328 1948 1394 sequentem
1978 1314 2305 1374 duceretur.
2341 1323 2541 1390 Quum

463 1412 616 1471 enim
643 1411 756 1470 sibi
788 1432 824 1470 a
857 1415 959 1472 Μ’.
991 1412 1324 1471 Glabrionis
1362 1414 1629 1491 praetoris
1670 1426 2117 1491 ceterorumque
2144 1412 2408 1490 judicum
2444 1434 2543 1474 se·-

463 1510 708 1568 veritate
740 1510 973 1568 timeret
990 1515 1234 1583 Verres,
1267 1511 1502 1569 unicam
1548 1510 1707 1569 illam
1745 1510 1945 1569 salutis
1978 1511 2133 1568 viam
2174 1516 2374 1589 patere
2416 1532 2545 1571 sen·

467 1606 677 1680 tiebat,
721 1607 771 1665 si
793 1626 917 1665 rem
949 1628 1058 1686 per
1091 1621 1207 1667 tres
1243 1628 1468 1667 menses
1497 1607 1571 1666 ad
1596 1606 1923 1666 decembris
1946 1627 2129 1667 nonas
2151 1609 2327 1667 variis
2350 1628 2538 1668 excu-

466 1702 787 1763 sationibus
824 1704 1211 1783 prolatando,
1239 1704 1525 1783 integram
1554 1724 1786 1763 causam
1824 1702 1900 1762 ad
1937 1708 2023 1763 Μ.
2051 1705 2352 1765 Metellum
2384 1726 2544 1785 prae-

467 1802 671 1857 torem*
683 1797 796 1857 sibi
823 1799 1233 1858 amicissimum
1261 1812 1318 1857 et
1345 1799 1488 1857 alios
1511 1796 1737 1875 judices
1762 1798 2045 1873 deferret,
2070 1820 2190 1879 quo
2216 1810 2481 1879 tempore
2509 1822 2545 1860 a

467 1895 803 1955 consulibus
829 1903 902 1970 Q.
923 1898 1239 1956 Hortensio
1261 1909 1320 1956 et
1341 1902 1405 1956 L.
1427 1898 1671 1955 Metello
1696 1896 2131 1956 defenderetur.
2156 1904 2341 1957 Porro
2370 1917 2541 1959 nonae

467 1995 698 2054 sextiles
731 2008 896 2053 erant
925 1994 1139 2073 quibus
1171 1996 1362 2074 prima
1385 1996 1537 2057 actio
1560 1994 1785 2054 institui
1818 2008 2107 2074 coeperat:
2140 2009 2199 2053 et
2225 2016 2407 2073 quum
2434 1995 2543 2067 de-,-

400 2128 408 2133 ·
468 2112 593 2151 cem
649 2104 876 2151 tantum
925 2091 1050 2151 dies
1093 2106 1461 2171 superessent
1507 2104 1640 2150 ante
1684 2091 1947 2151 diversos
1988 2092 2159 2150 ludos
2205 2094 2307 2170 qui
2354 2113 2544 2172 prope

468 2187 852 2266 quadraginta
886 2187 1015 2246 dies
1043 2202 1209 2247 erant
1237 2188 1523 2259 ablaturi,
1567 2190 1649 2245 ita
1688 2188 1981 2246 calculum
2018 2186 2319 2266 ponebant
2343 2190 2545 2248 Verris

469 2284 732 2364 patroni,
770 2297 838 2342 ut
881 2298 1018 2365 post
1065 2285 1179 2344 hoc
1225 2284 1509 2343 duntaxat
1560 2297 1787 2362 tempus
1838 2284 2135 2344 Ciceronis
2184 2286 2541 2343 accusationi

470 2382 920 2461 responderent,
972 2396 1032 2441 et
1084 2382 1296 2440 deinde
1343 2379 1595 2439 dicendo
1654 2395 1713 2439 et
1762 2381 2095 2440 excusando
2150 2381 2227 2440 ad
2266 2382 2543 2441 Victoriae

471 2480 643 2539 ludos
674 2480 986 2553 ducerent,
1029 2478 1242 2557 quibus
1275 2478 1529 2556 peractis
1570 2477 1694 2536 dies
1727 2478 2059 2555 paucissimi
2092 2477 2166 2536 ad
2208 2498 2395 2555 usque
2432 2499 2546 2542 no.-

471 2595 682 2635 vorum
707 2577 1147 2657 magistratuum
1175 2576 1517 2634 electionem
1554 2574 1764 2651 reliqui
1792 2587 1982 2633 essent
2006 2574 2205 2632 futuri.
2236 2578 2327 2632 Ita
2366 2575 2544 2632 resri-

473 2688 668 2753 gerata
696 2675 1063 2733 accusatione
1090 2670 1404 2752 sperabant
1431 2690 1553 2729 rem
1580 2683 1758 2728 totam
1782 2670 1855 2729 ad
1884 2676 1967 2729 M.
1992 2671 2299 2757 Metellum
2326 2684 2545 2728 ventu-

474 2790 616 2830 ram.
640 2769 816 2845 Quod
842 2790 920 2828 ne
948 2770 1114 2827 fieret
1131 2812 1147 2842 ,
1185 2768 1391 2828 Cicero
1419 2786 1548 2825 rem
1587 2766 1669 2825 ita
1696 2766 1974 2837 instituit,
2005 2778 2071 2824 ut
2098 2766 2323 2823 omissis
2352 2766 2542 2843 longis

475 2881 535 2926 et
564 2868 855 2926 continuis
889 2866 1286 2938 orationibus,
1329 2865 1566 2943 singulis
1611 2862 1951 2922 criminibus
1992 2883 2179 2941 pauca
2222 2863 2547 2942 praemitte-

476 2978 601 3037 ret,
627 2976 802 3023 testes
823 2964 1030 3023 citatos
1055 2946 1474 3041 interrogaret,
1505 2980 1756 3038 quorum
1788 2960 2133 3019 auctoritate
2169 2960 2409 3019 crimina
2440 2960 2547 3019 fir-

476 3072 809 3132 marentur3
839 3073 898 3117 et
934 3060 1197 3117 veritatis
1241 3058 1304 3117 vi
1350 3056 1631 3117 obrutum
1657 3060 1901 3115 Verrem
1938 3053 2207 3134 judicum
2249 3058 2549 3117 sententiis

480 3154 735 3215 traderet
764 3155 1294 3215 condemnandum.
2588 3224 2595 3231 .

557 3257 699 3313 Haec
725 3267 812 3313 est
827 3255 1030 3329 prima
1065 3256 1242 3323 actio,
1289 3250 1455 3330 cujus
1488 3251 1656 3329 quasi
1684 3252 2032 3329 prooemium
2061 3272 2165 3309 seu
2191 3249 2549 3330 principium
2640 3236 2647 3243 ’

482 3362 567 3409 est
593 3349 788 3409 brevis
815 3351 1038 3422 oratio,
1079 3370 1206 3428 quae
1247 3350 1544 3427 sequitur3
1578 3368 1695 3426 qua
1736 3348 1797 3406 id
1840 3349 1901 3406 in
1937 3348 2140 3427 primis
2184 3347 2296 3407 sibi
2334 3365 2551 3426 propo-

481 3449 655 3507 situm
674 3447 912 3521 habuit,
952 3462 1020 3507 ut
1046 3461 1234 3507 astuta
1263 3446 1730 3506 adversariorum
1761 3447 2003 3505 consilia
2032 3446 2388 3518 ostenderet,
2413 3464 2553 3503 cau-

483 3562 689 3624 sasque
715 3544 929 3623 quibus
967 3545 1054 3603 illi
1086 3543 1160 3603 ad
1191 3544 1615 3613 differendum,
1654 3545 1781 3621 ipse
1810 3557 2001 3603 autem
2031 3542 2104 3601 ad
2132 3542 2555 3620 perficiendum

477 3641 764 3719 judicium
794 3642 1128 3701 duceretur.
1147 3646 1272 3701 Nec
1292 3642 1403 3700 nisi
1427 3638 1759 3700 admirabili
1786 3660 2027 3718 prorsus
2049 3637 2337 3697 brevitate
2360 3638 2557 3699 obiter

481 3740 682 3797 Verris
710 3758 802 3798 res
830 3752 1019 3819 gestas
1047 3740 1290 3818 attingit.
1337 3744 1611 3799 Ceterum
1652 3738 1870 3797 multus
1906 3750 1993 3796 est
2036 3737 2097 3794 in
2137 3734 2435 3813 judicibus
2480 3736 2555 3795 ad

484 3847 642 3894 recte
671 3834 1058 3913 judicandum
1098 3836 1567 3909 commonendis,
1615 3835 1757 3914 quin
1791 3848 1849 3892 et
1879 3831 2197 3907 terrendis,
2235 3834 2315 3891 ita
2342 3847 2409 3892 ut
2436 3853 2558 3892 non

489 3944 606 3990 tam
631 3930 906 3991 habenda
934 3933 1009 3991 sit
1043 3934 1352 4007 accusatiO,
1374 3952 1551 4011 quam
1577 3931 1931 4011 praeparatio
1962 3928 2231 4009 quaedam
2263 3929 2337 3989 ad
2370 3932 2559 4010 ipsam

487 4029 914 4088 accusationem
942 4029 1381 4104 instituendam,
1401 4050 1531 4109 quae
1561 4029 1623 4087 in
1658 4026 1899 4089 testibus
1926 4027 2357 4107 interrogandis
2386 4026 2565 4087 tabu-

490 4124 676 4203 lisque
706 4128 1076 4205 proferendis
1104 4140 1414 4187 constaret.

669 4227 723 4295 Ῑ.
777 4242 868 4290 Cic.
882 4258 995 4304 pare
1015 4240 1232 4289 secunda.
2242 4218 2327 4291 16
