2984 4684
502 357 641 432 518
750 393 764 402 ·
1294 360 1830 430 EXCURSUS

490 481 669 572 apud
704 481 839 546 Val.
872 481 1141 546 Maxim.
1166 482 1303 564 111,
1340 480 1403 563 5,
1444 505 1504 564 1,
1545 497 1612 546 et
1637 481 1752 558 lv,
1781 480 1843 562 5,
1887 481 1946 546 3.
1977 479 2160 563 Quin
2207 495 2278 544 et
2309 483 2542 548 Cicero
2577 485 2654 548 in

492 589 675 653 libris
730 586 813 652 de
858 585 1048 652 offic.
1096 587 1449 675 quemdam
1505 603 1824 654 memorat
1841 635 1862 669 ,
1907 586 2026 675 qui
2074 609 2286 675 quum
2339 588 2408 652 in
2453 589 2656 654 Sulla

492 693 813 760 dictatura
860 693 1071 758 scriba
1114 693 1379 775 fuisset,
1432 709 1584 782 post
1603 741 1624 775 ,
1677 694 1748 758 in
1791 693 2094 775 Caesaris,
2146 710 2394 782 proetor
2445 695 2653 760 mba-

491 823 619 864 nus
648 799 795 864 fuit.

582 907 757 995 Ergo
788 905 1151 972 scribarum
1182 905 1349 970 ordo
1388 929 1469 970 ex
1503 929 1576 971 se
1611 907 1932 970 honestus
1955 907 2180 970 Romae
2215 905 2374 981 fuit,
2417 923 2486 970 et
2519 907 2652 972 bo-

492 1010 845 1078 norificus:
878 1027 947 1078 at
988 1013 1143 1100 quia
1186 1011 1485 1100 plerique
1527 1012 1814 1076 libertini
1861 1028 1931 1078 et
1979 1013 2148 1076 servi
2193 1014 2418 1078 locum
2461 1014 2654 1076 illum.

492 1120 769 1208 pecunia
798 1119 1139 1196 emebant,
1168 1136 1245 1184 ut
1271 1135 1459 1184 notat
1488 1121 1722 1185 Cicero
1745 1119 2022 1186 Verrina
2051 1120 2242 1187 tertia
2261 1167 2282 1201 ,
2319 1119 2506 1208 quod
2529 1143 2652 1208 per

496 1247 567 1290 se
612 1247 857 1290 munus
906 1223 1351 1292 honorificum
1399 1227 1563 1308 fuit,
1621 1248 1738 1314 per
1772 1223 1996 1290 sordes
2031 1223 2498 1290 dedecoratum
2528 1243 2650 1291 est.

496 1334 727 1419 Itaque
752 1333 979 1398 Cicero
1002 1329 1137 1396 duo
1170 1333 1532 1397 scribarum
1563 1353 1801 1422 genera
1823 1331 2064 1398 diserte
2085 1329 2460 1420 distinguit,
2487 1331 2648 1396 ibid.

494 1459 635 1525 cap.
677 1459 799 1524 79:
834 1459 1047 1502 unum
1084 1459 1315 1502 eorum
1334 1485 1355 1519 ,
1388 1437 1504 1526 qui
1527 1437 1642 1502 illo
1669 1435 1902 1502 ordine
1935 1434 2120 1526 digni
2143 1452 2334 1518 sunt,
2362 1453 2656 1524 patrum-

492 1539 794 1622 familias,
837 1541 1129 1608 virorum
1166 1541 1500 1606 bonorum
1525 1589 1544 1624 ,
1604 1557 1802 1630 atque
1837 1541 2312 1606 honestorum:
2371 1543 2652 1608 alterum

495 1670 727 1714 eorum
764 1647 881 1735 qui
919 1647 1283 1714 nummulis
1324 1647 1679 1737 corrogatis
1724 1646 1810 1712 de
1841 1663 2160 1737 nepotum
2191 1646 2415 1731 donis,
2455 1671 2532 1713 ac
2565 1647 2654 1712 de

496 1755 905 1820 scenicorum
946 1755 1303 1822 coronat-iis
1336 1754 1668 1822 decuriam
1705 1755 2032 1819 emebant.

584 1862 756 1924 Suos
784 1862 1063 1949 quisque
1092 1861 1510 1952 magistratus
1539 1877 1686 1926 tum
1723 1861 1794 1925 in
1830 1861 2048 1943 Urbe,
2096 1877 2242 1925 tum
2275 1860 2344 1924 in
2381 1861 2654 1948 provin·

502 1965 617 2032 ciis
668 1966 901 2032 habuit
951 1966 1213 2031 scribas.
1251 1967 1337 2032 Hi
1384 1966 1830 2032 sortiebantur
1875 1967 2050 2032 inter
2103 1989 2174 2032 se
2225 1964 2310 2030 ad
2353 1967 2658 2030 oerarium

503 2075 983 2162 procurationis
1034 2097 1169 2139 suoe
1232 2089 1447 2164 partes
1464 2123 1484 2157 ,
1541 2098 1704 2163 quas
1761 2075 2160 2141 sustinerent
2211 2072 2296 2139 ad
2353 2089 2614 2163 tempus
2631 2098 2652 2140 :

502 2201 741 2268 nempe
774 2179 891 2267 qui
922 2179 1134 2244 scriba
1165 2195 1336 2245 esset
1362 2181 1696 2261 consulis3
1742 2181 1858 2269 qui
1879 2229 1899 2262 ,
1949 2179 2204 2246 tribuni
2243 2179 2483 2268 plebis,
2527 2196 2654 2244 etc.

505 2285 639 2350 Cic.
674 2285 860 2351 Catil.
898 2283 1015 2368 IV,
1052 2307 1193 2375 cap.
1232 2309 1297 2373 7.

590 2391 724 2475 Qui
762 2390 1241 2480 magistratibus
1274 2391 1341 2454 in
1380 2391 1562 2456 Urbe
1593 2389 1992 2478 apparebant
2029 2391 2290 2466 scribo,
2335 2413 2449 2455 eos
2479 2391 2658 2480 leges

507 2495 999 2586 quodammodo
1050 2496 1119 2562 in
1174 2495 1479 2562 manibus
1531 2496 1868 2578 habuisse,
1915 2513 1984 2562 et
2023 2497 2506 2587 magistratibus
2547 2498 2660 2577 jus

506 2604 903 2694 suggessisse
956 2601 1245 2668 ostendit
1296 2605 1530 2668 Cicero
1549 2649 1570 2684 ,
1614 2601 1700 2667 de
1745 2603 1940 2692 Legg.
1993 2602 2106 2668 lib.
2159 2602 2263 2667 ΙΙΙ
2278 2652 2300 2686 ,
2351 2626 2492 2691 (ηρ.
2551 2601 2658 2668 18.

514 2709 719 2794 Quod
772 2712 993 2799 ipsum
1052 2712 1249 2776 etiam
1324 2725 1602 2775 testatur
1656 2709 1986 2776 Plutarch.
2021 2711 2090 2775 in
2151 2713 2290 2776 Cat.
2343 2712 2502 2776 min.
2553 2711 2662 2775 his

510 2817 725 2882 verbis
753 2839 771 2881 ε
808 2848 835 2874 ι
856 2819 1042 2902 Cato,
1076 2841 1285 2906 quum
1322 2833 1717 2906 quaesturam
1755 2816 2012 2901 inisset,
2045 2817 2380 2884 ministros
2413 2835 2480 2882 et
2499 2819 2660 2882 scri-

510 2923 627 2987 bas
674 2924 998 3006 coercuit,
1056 2925 1171 3012 qui
1222 2924 1515 3012 publicas
1571 2923 1854 3005 tabulas,
1905 2926 2216 3014 legesque
2273 2941 2658 3004 tractantes,

511 3053 719 3118 quum
748 3029 1191 3096 adolescentes
1220 3031 1394 3094 nacti
1416 3046 1655 3114 esseut,
1683 3030 1924 3118 quibus
1951 3031 2433 3120 magistratibus
2457 3053 2656 3120 appa«

510 3153 760 3218 rerent,
798 3136 981 3226 quod
1021 3137 1065 3200 ii
1108 3153 1379 3226 propter
1415 3137 1823 3201 inscientiam
1860 3139 2180 3228 magistris
2211 3155 2512 3226 egerent,
2545 3160 2658 3227 po-

512 3258 742 3308 testate
764 3266 901 3307 non
936 3241 1286 3324 cedebant,
1318 3240 1431 3306 sed
1462 3243 1588 3332 ipsi
1611 3259 1795 3308 erant
1821 3244 2232 3332 magistratus
2259 3275 2308 3309 n.

602 3352 933 3415 Accensus
948 3397 967 3432 ,
997 3347 1179 3437 quod
1208 3347 1336 3412 fuit
1362 3347 1640 3414 alterum
1673 3350 2122 3414 ministrorum
2161 3373 2370 3440 genus
2391 3399 2410 3432 ‚
2445 3351 2527 3414 ab
2548 3373 2654 3414 ac·-

513 3453 747 3524 ciendo
774 3455 1011 3538 dictus,
1040 3471 1177 3519 erat
1207 3454 1692 3544 magistratibus
1721 3472 1958 3544 praeter
1983 3456 2248 3520 lictores
2277 3457 2652 3536 attributus,

514 3566 629 3654 qui
659 3580 728 3628 et
756 3563 993 3628 acciret
1022 3560 1105 3626 ad
1142 3577 1485 3650 praetorem
1506 3609 1526 3643 ,
1561 3563 1678 3650 qui
1709 3562 1816 3643 jus
1853 3585 2006 3627 eum
2037 3581 2414 3651 poscerent,
2442 3581 2508 3628 et
2541 3563 2654 3650 qui

518 3669 806 3736 molestis
840 3665 1430 3756 interpellatoribus
1450 3714 1469 3748 ,
1525 3683 1592 3730 et
1643 3665 1891 3732 diutius
1938 3691 2134 3757 quam
2181 3683 2516 3758 oporteret
2563 3668 2656 3732 lo-

514 3776 903 3865 quentibus,
938 3773 1267 3839 silentium
1298 3772 1689 3861 imponeret.
1728 3773 2004 3838 Libertis
2029 3774 2164 3850 suis
2201 3773 2334 3839 hoc
2367 3775 2652 3840 muneris

520 3883 718 3970 vulgo
754 3881 1163 3969 magistratus
1200 3878 1460 3944 dabant.
1485 3879 1694 3944 Testis
1731 3880 1956 3944 Cicero
1989 3879 2070 3945 ad
2108 3880 2192 3963 Q.
2219 3883 2422 3946 Fratr.
2457 3883 2650 3970 Epist.

523 3992 589 4069 1,
641 4011 694 4068 1,
736 4011 829 4051 ιο.
866 3987 1096 4075 Neque
1129 4009 1283 4050 vero
1317 4009 1528 4074 quum
1558 3984 1756 4068 dixit,
1783 3988 1852 4051 in
1889 3987 2071 4053 verr·
2107 3988 2218 4052 lib.
2252 3989 2283 4051 I
2307 4037 2325 4069 ,
2359 4013 2497 4078 cap.
2535 3988 2650 4052 28:

532 4129 557 4150 «ι
578 4097 794 4160 Homo
828 4092 1075 4156 ordinis
1108 4094 1209 4158 sui
1242 4093 1709 4182 frugalissimus
1727 4143 1744 4177 ,
1785 4094 1900 4181 qui
1929 4109 2068 4159 tum
2092 4117 2399 4196 accensus
2431 4099 2500 4160 C.
2527 4095 2651 4160 Ne·
