2984 4684
487 361 630 444 418
1137 357 1234 428 M.
1286 357 1362 428 Τ.
1417 358 1979 432 CICERONIS

479 494 912 554 testamento
946 479 1346 578 propinqui
1373 482 1526 568 sui,
1552 477 1895 568 Heraclii3
1941 481 2156 579 plena
2192 481 2459 554 domus
2492 509 2629 556 cae-

475 593 600 663 lati
637 585 917 688 argenti
956 590 1250 687 optimi,
1281 589 1677 686 multaeque
1710 577 2041 688 stragulae
2066 594 2316 678 vestis,
2348 597 2631 690 pretio-

475 703 1073 798 sissimorumque
1119 702 1655 798 mancipiorum
1684 729 1701 771 ε
1742 701 2015 799 quibus
2047 703 2125 772 in
2158 700 2383 776 rebus
2418 705 2627 778 istius

473 812 906 910 cupiditates
933 825 1006 882 et
1033 812 1344 882 insanias
1361 820 1389 853 ²
1431 813 1597 908 quis
1624 811 1954 908 ignorat?
1982 815 2157 884 Erat
2182 812 2259 887 in
2284 837 2625 889 sermone

472 949 588 996 res
608 979 628 1011 ‚
665 946 1002 1020 magnam
1049 919 1378 994 Heraclio
1414 923 1801 1020 pecuniam
1835 922 2151 1010 venisse3
2194 947 2345 994 non
2384 923 2623 996 solum

471 1034 881 1107 Heraclium
921 1033 1254 1118 divitem,
1317 1032 1448 1104 sed
1491 1035 1711 1104 etiam
1756 1047 2099 1106 ornatum
2154 1034 2623 1132 supellectili,

466 1159 770 1244 argento
791 1200 811 1234 ,
853 1159 1089 1232 veste,
1139 1143 1517 1240 mancipiis
1559 1139 1911 1214 futurum.
1944 1142 2181 1216 ‘Audit
2216 1143 2371 1216 haec
2403 1145 2621 1217 etiam

463 1261 762 1344 Verres;
791 1270 864 1326 et
898 1255 1138 1353 primo
1159 1307 1180 1342 ‚
1213 1253 1340 1325 illo
1387 1277 1523 1326 suo
1556 1254 1826 1326 leviore
1868 1253 2170 1327 artificio
2208 1255 2617 1327 Heraclium

463 1366 758 1465 aggredi
793 1380 1120 1452 conatur,
1157 1379 1242 1436 ut
1281 1389 1452 1436 eum
1492 1379 1700 1462 roget
1742 1363 2193 1464 inspicienda
2216 1417 2237 1454 ,
2264 1390 2426 1463 quae
2464 1390 2619 1438 non

460 1477 738 1548 reddat.
751 1473 1034 1548 Deinde
1056 1499 1096 1546 a
1113 1474 1550 1573 quibusdam
1570 1481 2035 1572 Syracusanis
2050 1477 2519 1550 admonetur:
2542 1476 2619 1550 hi

461 1602 708 1659 autem
726 1587 1026 1685 quidam
1045 1601 1252 1658 erant
1269 1583 1560 1658 affines-²¹
1572 1588 1801 1675 istius,
1822 1591 2178 1684 quorum⁴
2199 1590 2333 1660 iste
2350 1611 2617 1660 uxores

461 1723 864 1794 numquam
895 1696 1164 1768 alienas
1190 1697 1655 1785 existimavit,
1696 1699 2125 1775 Cleomenes
2152 1713 2225 1772 et
2250 1697 2617 1786 AEschrio;

458 1809 590 1905 qui
622 1819 978 1905 quantum
1009 1804 1206 1903 apud
1241 1809 1494 1892 istum,
1523 1821 1597 1880 et
1619 1832 1838 1905 quam
1878 1810 2075 1906 turpi
2112 1808 2202 1881 de
2240 1833 2455 1882 causa
2482 1833 2613 1907 po·

461 1920 769 2005 tuerint,
789 1942 878 1987 ex
904 1916 1202 2012 reliquis
1232 1915 1659 1988 criminibus
1688 1918 2123 2014 intelligetis.
2154 1923 2275 2007 Hi,
2308 1934 2392 1990 ut
2420 1919 2611 2008 dice,

463 2025 837 2096 hominem
869 2024 1310 2096 admonent:
1347 2049 1501 2096 rem
1542 2051 1695 2098 esse
1730 2029 2176 2126 praeclaram,
2222 2028 2608 2102 refertam⁵

461 2133 808 2206 omnibus
857 2133 1112 2220 rebus3'
1159 2135 1400 2232 ipsum
1452 2151 1698 2210 autem
1749 2136 2193 2226 Heraclium,
2236 2138 2607 2212 hominem

455 2267 610 2316 esse
631 2245 767 2340 maj
777 2266 978 2316 orem
1005 2255 1218 2332 natu,
1235 2267 1384 2315 non
1408 2246 2111 2345 promptissimum⁶;
2142 2264 2213 2321 et
2230 2275 2400 2324 eum
2423 2275 2609 2350 prae-

455 2370 568 2427 ter
594 2352 1002 2440 Marcellos,
1039 2367 1466 2452 patronum,
1492 2381 1713 2452 quem
1736 2361 1903 2455 jure
1930 2383 2065 2432 suo
2102 2360 2303 2433 adire
2336 2376 2460 2434 aut
2492 2386 2611 2460 ap·

455 2464 726 2563 pellare
746 2466 970 2562 possit
986 2475 1042 2551 7,
1057 2464 1327 2538 habere
1347 2472 1751 2559 neminem;
1773 2495 1929 2542 esse
1944 2475 2021 2542 in
2042 2496 2131 2544 eo
2148 2486 2607 2562 testamento,

455 2601 608 2674 quo
647 2575 764 2646 ille
799 2575 1008 2648 heres
1046 2575 1266 2664 esset‚'
1304 2578 1655 2675 scriptum
1679 2635 1698 2668 ‚
1740 2595 1823 2651 ut
1863 2595 2133 2654 statuas
2174 2583 2249 2654 iu
2279 2581 2607 2681 palaestra

457 2685 760 2757 deberet
813 2709 1088 2782 ponere
1131 2713 1148 2755 :
1198 2683 1581 2776 faciemus,
1626 2703 1707 2760 ut
1748 2690 2147 2787 palaestritae
2196 2707 2469 2789 negent
2512 2717 2605 2764 ex

455 2809 888 2866 testamento
909 2819 1060 2866 esse
1084 2795 1390 2891 positas3
1412 2811 1664 2893 petant
1682 2797 2157 2872 hereditatem
2174 2853 2195 2888 ‚
2218 2800 2420 2897 quod
2440 2826 2603 2873 eam

453 2906 794 3006 palaestrae
822 2901 1312 2976 commissam⁸
1347 2929 1504 2978 esse
1542 2906 1804 2978 dicant.
1837 2909 2114 2982 Placuit
2152 2911 2339 2981 ratio
2365 2912 2601 2981 Verri:

453 3041 624 3087 nam
659 3013 800 3086 hoc
833 3014 1075 3085 animo
1121 3014 1587 3111 providebat,
1616 3043 1849 3115 quum
1886 3033 2081 3090 tanta
2123 3017 2483 3091 hereditas
2522 3019 2601 3090 in

529 3247 579 3281 α.
603 3229 848 3280 Iasonios.
888 3229 968 3278 sie
995 3229 1115 3294 legit
1143 3230 1326 3278 Ancon.
1355 3231 1480 3280 Edd.
1571 3225 1925 3277 consuetudine
1948 3231 2125 3277 Verres
2155 3237 2211 3276 ut
2244 3243 2379 3277 sunm
2413 3227 2600 3277 habuit.

454 3322 574 3361 vett.
594 3311 724 3358 Viet.
748 3308 968 3358 Lambin.
993 3307 1262 3356 insaniam.
1645 3307 1694 3354 5.
1713 3307 1859 3355 Beck.
1886 3305 2026 3356 addit
2048 3308 2244 3356 domum
2264 3323 2291 3356 e
2315 3307 2601 3369 coniectura

531 3393 578 3439 3.
613 3387 820 3460 Affines.
857 3386 1046 3436 Affine·
1083 3397 1196 3435 sunt
1229 3398 1316 3436 aut
1355 3405 1484 3453 quo—

453 3487 564 3518 rum
571 3471 900 3535 propinquam
914 3467 1088 3530 aliqui·
1101 3481 1308 3515 uxorem
1323 3468 1483 3527 duxit,

455 3559 540 3598 aut
568 3549 654 3613 qui
679 3547 890 3596 aliorum
917 3545 1016 3611 ipsi
1039 3545 1369 3610 propinquam
1387 3547 1482 3595 du-

456 3638 650 3676 xerunt.
697 3623 954 3690 Significat
992 3633 1152 3672 autem
1183 3626 1330 3673 Verri
1371 3642 1484 3675 cum

453 3707 658 3755 illorum
693 3705 931 3754 uxoribus
973 3706 1131 3769 stupri
1179 3705 1486 3754 eonsuetudi-

455 3801 570 3833 nem
601 3785 940 3834 intercessisse.
979 3786 1150 3848 Itaque
1183 3786 1322 3849 quani
1342 3785 1484 3834 Verri

409 3897 418 3909 .
455 3866 748 3930 propinque
795 3863 996 3912 illorum
1037 3879 1214 3914 uxores
1254 3865 1481 3924 fuissent,

451 3945 576 3992 istos
601 3940 772 3990 affines
795 3940 929 3991 illiu-
953 3942 1184 4006 nppellat.
1211 3943 1292 3992 sic
1312 3943 1482 3992 eodem

454 4037 598 4070 sensu
620 4035 726 4083 cap.
749 4035 808 4066 10
827 4019 955 4067 dixit
981 4019 1307 4071 «affinitate»,

534 4111 584 4158 4.
609 4101 846 4162 Quorum.
877 4099 1070 4147 Uxores
1090 4114 1302 4164 quorum
1330 4099 1490 4164 stupri

1571 3386 1812 3436 Lambini.
1843 3389 1968 3436 J.V.
1992 3389 2046 3437 1..

1642 3466 1693 3514 6.
1718 3467 1831 3514 Non
1850 3467 2198 3531 promptis-sim.
2230 3467 2437 3532 Ingenio
2458 3467 2605 3515 mini-

1572 3561 1651 3592 me
1676 3545 1885 3606 malum3
1914 3561 2005 3594 nec
2020 3582 2035 3604 ‚
2062 3549 2156 3594 nisi
2180 3547 2445 3595 Marcellos
2470 3561 2605 3594 eom·

1572 3639 1743 3671 munes
1766 3624 1943 3673 Sicilie
1966 3624 2120 3674 totiu-
2142 3635 2411 3690 patronos,
2444 3625 2603 3673 iillum

1574 3704 1620 3752 ei
1660 3715 1923 3768 patronum
1957 3703 2255 3769 peculiarem
2294 3718 2429 3765 esse,
2452 3719 2603 3769 quan

1571 3783 1766 3848 privato
1792 3785 1903 3844 jure
1928 3783 2159 3832 invocare
2187 3793 2373 3848 posset.
2403 3785 2513 3831 Hoc
2541 3785 2605 3830 si·

1572 3861 1773 3926 gnificat
1816 3863 2058 3911 nminem
2101 3863 2331 3912 Heraclio
2382 3877 2487 3910 esse
2534 3861 2601 3911 ad

1573 3957 1717 4006 quern
1744 3942 1982 3990 clientelae
2000 3945 2111 4003 jure
2133 3942 2400 4006 confugiat.

1644 4037 1693 4082 7.
1724 4023 1840 4088 Em.
1861 4033 2044 4086 posset.

1646 4105 1691 4148 8.
1716 4099 2044 4151 Commissum.
2069 4099 2431 4161 Adiudicatam.
