2984 4684
463 340 600 428 544
1251 340 1815 411 EXCURSUS

465 482 596 530 tem
637 464 838 529 fuisse
883 461 1152 539 dixeris,
1189 478 1264 526 ut
1295 460 1690 551 significaret
1728 461 2177 527 necessitatem
2220 486 2357 527 non
2403 464 2607 531 fuisse

457 587 607 635 ante
633 569 756 634 hos
792 568 1092 633 consules
1129 568 1359 633 tributi
1387 569 1640 657 populo
1676 566 2079 657 imperandi:
2110 592 2245 634 non
2280 570 2463 658 quod
2490 596 2608 661 pe·

460 677 655 741 cunia
695 674 804 740 illa
847 674 983 739 sola
1023 673 1390 757 sufficeret,
1445 674 1563 739 sed
1610 676 1765 763 quia
1812 676 2193 763 supplerent
2242 675 2605 743 identidem

457 782 847 847 creberrima
885 780 1178 845 latissimi
1223 782 1477 871 imperii
1525 782 1857 871 vectigalia
1874 830 1893 865 ,
1940 782 2448 872 frequentesque
2491 785 2611 849 im·

455 905 831 980 peratorum
871 886 1230 969 manubiae,
1278 910 1424 976 quae
1469 886 1778 971 demum,
1824 904 2097 976 propter
2134 888 2413 952 nimium
2444 891 2607 955 assi-

454 996 587 1061 dua
630 994 836 1060 civilia
875 993 1075 1076 bella,
1126 1010 1242 1059 aut
1275 994 1655 1060 labefactata
1686 936 1987 1074 fu'erunt,
2020 1010 2137 1057 aut
2172 1012 2603 1060 cessaverunt.

453 1106 685 1193 ltaque
720 1119 870 1191 post
900 1101 1144 1168 horum
1174 1104 1589 1169 consulatum
1626 1104 1831 1168 multa
1856 1102 2089 1167 tributi
2116 1103 2327 1167 collati
2356 1106 2608 1171 mentio

451 1224 825 1275 renovatur.
883 1208 1016 1273 Cic.
1057 1205 1142 1272 ad
1186 1208 1334 1272 Div.
1381 1207 1498 1273 lib.
1545 1208 1749 1292 XIII,
1812 1208 2000 1296 epist.
2038 1206 2143 1273 30.
2191 1207 2472 1298 Philipp.
2506 1210 2605 1292 II,

455 1338 594 1405 cap.
628 1337 747 1397 21,
787 1328 852 1377 et
883 1313 1034 1377 alibi
1072 1336 1262 1402 saepe.

539 1418 913 1501 tumvana,
950 1421 1084 1484 sive
1125 1419 1410 1511 capitum
1448 1420 1815 1484 exactiones
1832 1468 1851 1501 ,
1888 1436 1967 1485 ut
2004 1437 2195 1485 vomt
2234 1422 2463 1487 Cicero
2514 1419 2601 1485 ad

452 1527 642 1592 Attic.
658 1526 740 1607 V,
784 1526 898 1609 16,
943 1542 1010 1589 et
1055 1523 1140 1589 ad
1187 1525 1328 1589 Div.
1371 1526 1508 1607 111,
1553 1526 1625 1608 8,
1676 1542 1872 1615 atque
1902 1526 2262 1608 ostiorum,
2325 1544 2609 1615 repertae

452 1632 716 1697 fuerant
767 1633 839 1696 in
887 1630 1275 1721 provinciis,
1335 1654 1374 1695 a
1435 1632 1917 1723 magistratibus
1964 1633 2285 1714 romanis,
2342 1655 2479 1698 non
2530 1649 2610 1697 ut

457 1738 926 1827 rempublicam
959 1738 1060 1802 his
1085 1738 1322 1826 opibus
1350 1753 1740 1820 tuerentur-5
1780 1736 1897 1803 sed
1920 1754 1997 1802 ut
2028 1738 2153 1827 ipsi
2178 1761 2362 1804 suam
2388 1737 2607 1803 libidi-

459 1868 614 1910 nem
641 1862 706 1909 et
737 1844 1067 1911 avaritiam
1100 1844 1597 1933 provincialium
1626 1842 1909 1909 fortunis
1947 1845 2295 1934 explerent.

553 1950 1172 2015 Ultro-tributorum
1217 1950 1519 2014 meminit
1562 1950 1780 2014 Livius
1818 1973 1955 2014 non
2008 1949 2228 2015 semel.
2264 1949 2609 2014 Ultro-tri·

458 2059 616 2123 buta
648 2078 790 2120 esse
821 2071 1017 2144 puto,
1049 2054 1266 2143 inquit
1287 2055 1578 2119 Turneb.
1608 2053 1879 2120 Advers.
1914 2057 1945 2119 1
1965 2104 1984 2137 ,
2034 2056 2147 2139 25,
2178 2058 2503 2146 impensas
2542 2073 2611 2121 et

455 2164 916 2231 attributiones
945 2185 1224 2251 operum
1243 2162 1663 2251 publicorum
1694 2163 2174 2247 faciendorum,
2198 2182 2265 2229 et
2285 2181 2609 2230 sartorum

454 2289 780 2367 tectorum
806 2267 1775 2360 praestandorum,mancipibus
1800 2288 1867 2336 et
1886 2271 2414 2361 redemptoribus
2434 2286 2613 2337 certa

455 2376 756 2445 mercede
809 2377 1216 2441 locatorum:
1265 2377 1370 2441 vel
1419 2378 1871 2444 ultro-tributa
1924 2396 2084 2443 sunt
2100 2428 2119 2461 ,
2180 2401 2327 2468 quae
2377 2396 2613 2468 praeter

453 2484 786 2575 vectigalia
811 2480 1223 2571 penduntur3
1257 2482 1581 2546 tributum
1608 2483 2263 2549 extra-ordinarium:
2295 2483 2615 2549 differunt

457 2615 494 2656 a
521 2590 804 2656 tributis.
833 2587 1055 2670 Idem,
1085 2587 1377 2665 XXVII,
1409 2587 1513 2653 32.
1545 2590 1841 2654 Turnebi
1876 2590 2480 2678 interpretationem
2512 2612 2615 2655 se-

461 2713 760 2787 quuntur
794 2696 850 2761 J.
878 2696 1137 2784 Lipsius
1173 2712 1242 2759 et
1273 2695 1329 2761 J.
1357 2693 1603 2783 Obsop.
1634 2693 1718 2759 ad
1750 2696 1976 2761 Senec.
2010 2695 2095 2761 de
2126 2698 2348 2762 Benef.
2385 2696 2499 2779 IV,
2555 2719 2609 2760 1.

461 2805 758 2868 Muretus
785 2799 870 2864 ad
903 2800 1212 2865 eumdem
1251 2801 1474 2865 locum
1521 2800 1762 2865 fatetur
1794 2825 1865 2867 se
1896 2824 2033 2867 non
2066 2802 2216 2867 satis
2249 2802 2614 2892 intelligere

461 2932 607 2999 quae
647 2910 780 2973 sint
820 2907 1310 2973 ultro-tributa:
1361 2930 1582 2995 neque
1633 2908 1759 2973 sibi
1812 2908 1945 2973 ullo
1994 2908 2196 2974 modo
2250 2908 2615 2974 satisfacere

459 3039 605 3104 quae
639 3013 722 3078 de
753 3014 830 3077 iis
869 3012 1126 3100 scripsit
1157 3012 1546 3095 Turnebus3
1594 3012 1710 3077 ubi
1744 3034 1959 3101 supra.
2002 3014 2071 3077 Si
2108 3016 2483 3095 conjectura
2515 3017 2615 3079 uti

462 3123 646 3199 licet,
675 3119 884 3183 libens
919 3116 1307 3183 crediderim
1347 3120 1791 3206 compositum
1838 3141 1979 3183 esse
2018 3142 2141 3208 pro
2188 3119 2500 3208 simplici;
2547 3136 2617 3185 et

459 3225 908 3291 ultro-tributa
955 3222 1127 3287 dicta
1171 3224 1372 3287 fuisse
1421 3222 1656 3288 eodem
1704 3246 1937 3307 sensu,
1984 3248 2121 3313 quo
2170 3226 2450 3308 tributa3
2504 3227 2615 3291 cui

459 3334 604 3400 voci
636 3330 1018 3397 adverbium
1045 3328 1214 3393 ultro
1237 3328 1535 3393 additum
1568 3345 1667 3394 est
1692 3328 1774 3394 ad
1798 3330 1929 3395 hoc
1961 3346 2248 3414 tantum,
2272 3349 2351 3396 ut
2383 3334 2615 3423 populi

456 3437 762 3505 auriculis
814 3434 1283 3526 indulgeretur,
1333 3458 1468 3499 suae
1512 3436 1827 3501 libertatis
1876 3436 2375 3521 studiosissimi3
2420 3456 2489 3504 et
2537 3456 2617 3503 ut

459 3543 928 3638 significaretur
974 3543 1283 3631 pecunias
1337 3542 1567 3607 tributi
1624 3544 1893 3609 nomine
1946 3567 1984 3609 a
2039 3546 2289 3635 populo
2339 3562 2577 3635 sponte
2594 3596 2613 3630 ,

459 3652 637 3717 nulla
671 3652 736 3715 vi
771 3664 1082 3739 cogente,
1121 3650 1190 3712 in
1219 3650 1521 3715 aerarium
1553 3650 1857 3715 conferri.
1888 3652 2097 3716 Multa
2126 3669 2284 3716 sunt
2321 3675 2467 3740 quae
2512 3652 2612 3718 fa-

458 3774 652 3823 veant
685 3758 842 3821 huic
879 3771 1116 3820 nostrae
1149 3755 1472 3843 opinioni.
1502 3756 1725 3847 Sigon.
1746 3756 1829 3821 de
1852 3757 1981 3838 jur.
2009 3758 2128 3823 civ.
2155 3758 2347 3823 Rom.
2382 3758 2495 3823 lib.
2521 3760 2611 3841 II,

457 3889 600 3954 cap·
633 3866 713 3945 4,
747 3864 840 3927 sic
874 3862 1118 3927 scribit.
1152 3862 1356 3926 Erant
1378 3864 1713 3953 publicani
1734 3864 1989 3952 equites
2016 3866 2271 3929 romani
2298 3865 2467 3949 fere,
2494 3868 2611 3954 qui

458 3970 716 4060 publica
753 3968 1082 4056 vectigalia
1117 3968 1343 4057 populi
1391 3970 1647 4033 romani
1689 3986 1755 4034 et
1798 3970 2274 4053 ultro-tributa,
2320 3988 2610 4059 quoestus

457 4078 560 4143 sui
593 4095 817 4155 causa,
842 4072 1316 4141 conducebant.
1347 4075 1482 4142 Liv.
1512 4076 1805 4141 XXXIX
1826 4124 1845 4159 ‚
1871 4080 1990 4156 44:
2026 4077 2398 4167 «vectigalia
2432 4100 2615 4143 sum-
