2984 4684
782 398 920 467 DE
981 398 1456 467 JUDICIIS
1522 386 2027 467 PRIVATIS.
2339 393 2479 492 575

421 525 646 600 Actor,
673 516 886 584 edicta
921 520 1177 584 actione
1215 542 1342 608 qua
1379 540 1621 583 usurus
1654 534 1821 600 erat,
1866 540 2007 583 eam
2043 519 2415 607 postulabat
2434 542 2479 584 a

333 642 642 713 praetore,
674 622 742 687 id
771 640 899 706 est,
939 623 1198 714 petebat
1234 640 1310 688 ut
1347 622 1471 688 sibi
1504 623 1731 689 liceret
1764 646 1906 687 eam
1942 626 2008 687 in
2043 623 2479 690 adversarium

335 729 698 795 intendere.
744 729 1010 795 Poterat
1057 747 1278 795 autem
1318 744 1558 818 praetor
1605 744 1719 794 aut
1765 728 1981 794 statim
2014 753 2335 814 annuere,
2368 748 2484 796 aut

335 834 509 901 diem
564 834 648 899 ad
686 834 854 917 ,illud
903 833 1404 899 examinandum
1461 835 1832 919 insumere,
1901 851 2015 899 aut
2056 838 2331 902 omnino
2376 838 2485 902 ab-

337 963 560 1006 nuere.
602 942 828 1025 Quum
863 964 1022 1007 vero
1053 944 1425 1031 impetrarat
1438 990 1457 1024 ,
1507 958 1690 1006 actor
1738 958 1913 1006 certa
1947 942 2299 1007 verborum
2346 944 2485 1008 for-

337 1050 514 1113 mula
551 1047 846 1135 silentem
881 1070 1068 1141 reum
1104 1046 1488 1131 vadabatur,
1533 1047 1604 1112 id
1647 1064 1773 1131 est,
1806 1046 1998 1113 vades
2014 1098 2033 1131 ,
2072 1065 2187 1114 aut
2220 1047 2483 1131 fidejus-

337 1176 514 1219 sores
536 1202 555 1235 ,
615 1156 750 1219 sive
807 1176 1156 1244 sponsores
1208 1155 1290 1220 ab
1325 1152 1428 1220 'eo
1475 1154 1771 1247 petebat,
1810 1154 1954 1219 fore
2005 1171 2083 1219 ut
2142 1170 2321 1219 certo
2380 1156 2485 1221 die

336 1282 803 1349 responsurus,
847 1282 916 1325 se
965 1262 1036 1323 in
1076 1260 1224 1340 jure
1277 1261 1546 1326 sisteret.
1596 1258 1747 1326 Vid.
1790 1260 1931 1325 Gai.
1971 1260 2087 1340 lv,
2140 1258 2288 1326 185.
2328 1262 2483 1326 Dies

337 1384 555 1431 autem
589 1367 698 1431 ille
727 1368 1122 1457 cognitionis
1163 1392 1200 1432 a
1239 1385 1552 1457 praetore,
1594 1392 1675 1435 ex
1714 1366 1968 1450 officio,
2002 1384 2113 1432 aut
2155 1368 2333 1432 ultro
2368 1392 2483 1457 pe-

338 1473 628 1539 tentibus
663 1472 1042 1538 adversariis
1091 1472 1589 1564 designabatur-3
1646 1498 1863 1563 neque
1909 1472 2307 1563 perendinus
2352 1492 2489 1539 erat
2566 1484 2579 1491 “

341 1580 734 1663 necessario,
775 1594 852 1645 ut
899 1580 1058 1671 olim
1107 1599 1260 1646 ante
1314 1581 1552 1645 Gaium
1606 1602 1837 1646 omnes
1884 1578 2312 1645 affirmabant.
2350 1580 2485 1647 Gai.

341 1686 454 1768 lv,
485 1684 628 1768 151,
670 1684 818 1753 181.
847 1688 944 1751 Ita
969 1702 1288 1775 concepto
1314 1686 1722 1770 vadimonio,
1753 1686 1824 1750 id
1848 1703 1980 1768 est,
2016 1685 2289 1751 vadibus
2321 1684 2485 1753 datis

341 1808 408 1855 et
441 1792 718 1881 acceptis
738 1842 758 1875 ,
809 1814 848 1856 e
880 1792 1042 1871 jure'
1076 1790 1549 1856 discedebatur.
1582 1793 1839 1856 Interea
1874 1813 1977 1855 res
2018 1791 2085 1854 in
2108 1789 2485 1856 vadimonio

341 1918 480 1961 esse
515 1896 874 1962 dicebatur.
913 1897 1084 1963 Nam
1139 1920 1176 1963 a
1221 1897 1494 1963 vadibus
1545 1896 1997 1963 vadimonium
2050 1897 2489 1987 appellabatur

343 2003 750 2067 intervallum
781 2004 1092 2093 temporis
1124 2002 1306 2093 quod
1351 2020 1490 2069 erat
1522 2004 1693 2068 inter
1732 2002 1971 2069 editam
2007 2004 2332 2067 actionem
2353 2051 2372 2086 ,
2420 2020 2489 2069 et

345 2109 473 2173 litis
505 2109 964 2175 intentionem.

431 2216 638 2298 Reus),
669 2217 926 2305 cognita
955 2217 1242 2299 actione,
1277 2215 1675 2304 quandoque
1710 2216 1853 2281 sine
1880 2214 2130 2298 judicio
2163 2216 2385 2300 cessit3
2424 2234 2490 2282 et

346 2344 510 2387 rem·
533 2345 649 2411 per
700 2324 940 2387 amicos
989 2344 1372 2387 communes
1419 2324 1810 2410 composuit.
1861 2323 1972 2386 Sin
2026 2339 2247 2387 autem
2296 2346 2365 2387 se
2408 2322 2492 2388 ad

346 2424 878 2492 contendendum
903 2442 1192 2513 pararet,
1226 2424 1619 2514 cognitionis
1648 2425 1752 2491 die
1782 2444 2059 2515 uterque
2098 2449 2167 2490 se
2193 2426 2493 2512 sistebat,

347 2552 414 2599 et
445 2536 576 2599 hoc
609 2548 779 2615 erat,
817 2533 1000 2597 obire
1034 2531 1503 2596 vadimonium.

434 2643 680 2707 Praetor
721 2642 1010 2706 actiones
1057 2638 1296 2705 edictas
1347 2655 1413 2705 et
1460 2640 1816 2728 postulatas
1855 2660 1936 2703 ex
1980 2639 2217 2705 tabulis
2257 2640 2489 2706 ordine

348 2748 641 2831 recitari,
683 2764 878 2836 atque
925 2762 1174 2811 actores
1219 2767 1498 2833 reosque
1542 2744 1725 2809 citari
1774 2767 1891 2832 per
1935 2750 2337 2833 praeconem,
2372 2770 2489 2812 seu

349 2876 694 2919 accensum
719 2854 1027 2936 jubebat,
1062 2869 1139 2917 ut
1173 2849 1256 2916 de
1288 2874 1520 2916 eorum
1547 2851 1659 2914 lite
1692 2867 2135 2939 cognosceret.

438 2961 505 3025 Si
537 2959 888 3049 litigatores
927 2958 1012 3025 ad
1043 2957 1494 3043 vadimonium
1532 2954 1649 3021 ‘die
1691 2955 2049 3022 constituto
2084 2980 2219 3020 non
2256 2980 2491 3024 occur-

349 3083 598 3147 rerent,
649 3066 717 3130 id
749 3083 886 3149 est,
933 3067 1002 3129 in
1030 3066 1178 3146 jure
1215 3086 1324 3145 se,
1366 3086 1499 3125 non
1539 3061 1919 3151 interposita
1952 3062 2303 3145 dilatione,
2359 3088 2496 3129 non

355 3174 681 3255 sisterent,
733 3173 915 3237 litem
956 3170 1332 3260 perdebant.
1377 3168 1444 3233 Si
1482 3168 1659 3233 solus
1698 3168 1940 3258 petitor
1982 3169 2266 3253 abesset,
2308 3193 2499 3235 causa

353 3278 624 3343 cadebat
643 3328 660 3362 ,
717 3279 986 3366 ejusque
1016 3277 1423 3359 rejiciebatur
1451 3275 1805 3365 postulatio
1823 3323 1841 3358 ,
1880 3294 2115 3364 nempe
2142 3291 2218 3340 ut
2243 3275 2324 3340 ab
2354 3278 2496 3365 ipso

357 3386 646 3469 deserta3
680 3387 778 3450 sin
803 3402 1021 3450 autem
1045 3408 1232 3466 reuS,
1264 3399 1407 3448 tum
1436 3406 1475 3446 a
1512 3399 1821 3471 praetore,
1864 3397 2134 3470 propter
2168 3381 2497 3447 desertum

355 3490 800 3556 vadimonium
819 3539 838 3572 ,
863 3512 1008 3577 quae
1039 3511 1273 3578 magna
1295 3505 1431 3554 erat
1446 3487 1713 3553 infamia
1734 3535 1753 3569 ,
1778 3486 1997 3551 multae
2024 3488 2291 3550 nomine
2311 3536 2328 3569 ,
2351 3512 2496 3576 quae

357 3600 589 3687 saepius
612 3600 788 3663 litem
815 3614 1017 3662 totam
1046 3597 1342 3685 aequabat
1360 3645 1378 3680 ,
1407 3594 1860 3677 damnabatur,
1890 3610 1955 3659 et
1978 3614 2237 3684 praetor,
2270 3614 2501 3685 postu-

359 3707 532 3769 lante
559 3720 806 3785 actore,
843 3726 921 3768 ex
949 3702 1162 3767 edicto
1190 3703 1364 3767 bona
1395 3704 1533 3784 ejus
1562 3699 1879 3795 possideri
1912 3700 2201 3781 jubebat.

447 3812 560 3877 Sin
585 3830 804 3877 autem
831 3829 1104 3899 uterque
1138 3832 1206 3875 se
1231 3810 1684 3892 sisteret,‚tum
1706 3809 1885 3900 prior
1915 3831 2065 3873 reus
2099 3809 2500 3877 solemnibus

359 3919 571 3984 verbis
597 3920 684 3983 ita
711 3919 938 4009 agebat
964 3941 980 3981 τ
1013 3918 1184 3982 «Um
1216 3940 1299 3982 ru
1331 3940 1400 3982 ns
1420 3966 1437 3999 ,
1463 3940 1581 3996 Qm
1617 3939 1708 3982 MR
1739 3938 2151 3983 corinna-rus
2184 3916 2295 3980 ns?
2320 3918 2496 3983 Eccr.

361 4048 489 4089 nco
523 4050 614 4090 ΜΒ
645 4048 780 4089 nm
815 4048 1024 4108 srsr03
1053 4046 1135 4087 ‘ru
1157 4046 1405 4089 com-mi
1434 4047 1515 4089 ΒΤ
1542 4047 1621 4088 ‘ra
1644 4046 1799 4088 mm
1825 4044 1996 4087 slsrss
2014 4054 2057 4085 n.
2070 4024 2131 4086 Τ
2132 4046 2241 4087 um
2273 4046 2505 4113 proce-

363 4132 560 4196 dente
587 4146 804 4198 actore
837 4149 902 4197 et
928 4128 1364 4221 respondente
1393 4154 1408 4195 :
1435 4152 1762 4213 «ausuum
1800 4130 2069 4220 rogabat
2099 4153 2269 4214 reus,
2302 4154 2503 4211 «qum
