2984 4684
1946 175 1994 224 ἡ

782 411 919 480 DE
966 387 1423 481 sumens
1468 407 1986 478 PUBLICISf
2293 405 2437 503 σος)

312 535 691 627 obsignatae,
736 539 821 596 'ne
856 546 1467 619 corrumperentur,
1515 526 1600 592 ad
1625 545 1966 618 praetorem
1997 527 2226 593 delatae
2260 546 2432 593 sunt.
2506 585 2514 594 .

314 643 449 707 Cic.
475 640 747 706 Tuscul.
778 637 943 727 disp.
965 638 1047 722 V,
1080 661 1215 726 cap.
1247 660 1347 702 12.

396 748 627 835 Itaque
656 760 793 810 tota
833 745 943 808 illa
980 744 1189 832 prima
1222 742 1612 806 accusatoris
1653 739 1860 804 oratio
1895 741 2254 829 interrupta
2291 739 2436 804 fuit.

310 852 564 916 Deinde
592 852 859 916 alteram
890 847 1311 936 sequentibus
1343 845 1574 912 diebus
1606 846 1970 912 orationem
2000 846 2262 928 habuit,
2296 869 2442 934 quae

310 973 621 1045 perpetua
650 956 799 1022 fuit.
853 956 975 1020 Hic
1010 970 1345 1020 accusator
1380 969 1586 1018 totam
1617 974 1874 1018 causam
1908 948 2324 1034 retractabat,
2367 976 2441 1016 ac

312 1061 767 1126 declamatorio
812 1083 995 1126 more
1028 1083 1221 1125 reum
1263 1058 1772 1148 insequebatur3
1826 1058 2222 1145 criminaque
2258 1059 2441 1121 testi-

312 1169 547 1232 moniis
579 1166 956 1233 confirmata
971 1166 1249 1232 oratorie
1274 1165 1718 1255 amplificabat.
1745 1166 1898 1229 Haec
1921 1178 2139 1228 autem
2167 1179 2234 1227 et
2249 1161 2444 1252 longa

312 1289 376 1335 et
397 1288 711 1361 perpetua
736 1275 943 1338 oratio
974 1273 1237 1363 proprie
1266 1272 1594 1338 accusatio
1621 1269 1794 1336 dicta
1821 1286 1938 1335 est

398 1377 553 1442 Haec
568 1380 881 1467 prooemia
901 1380 1133 1444 habuit
1152 1379 1235 1443 ad
1257 1378 1486 1443 odium
1511 1394 1577 1442 et
1592 1375 1904 1440 invidiam
1921 1351 2446 1439 inflammandam

311 1484 691 1572 composita.
730 1484 1033 1550 Narratio
1063 1482 1252 1566 inde,
1294 1485 1346 1548 si
1376 1481 1706 1548 incidebat
1747 1479 2011 1568 [neque
2042 1480 2215 1544 enim
2252 1483 2448 1545 oinne

312 1588 556 1652 crimen
579 1635 598 1669 ,
636 1589 733 1653 uti
762 1609 823 1653 v.
852 1612 951 1677 gr.
974 1589 1293 1669 ambitus,
1326 1588 1766 1651 narrationem
1799 1585 2101 1674 admisit]
2121 1635 2138 1666 ,
2170 1584 2254 1648 ad
2289 1577 2449 1650 con-

312 1690 747 1757 firmationem
778 1693 902 1756 fuit
944 1692 1235 1782 apposita
1268 1714 1283 1755 ε
1320 1709 1600 1779 utraque
1639 1714 1834 1772 vero,
1889 1685 1976 1753 ut'
2001 1690 2086 1754 ad
2132 1712 2286 1753 eum
2321 1691 2447 1776 qui

304 1799 437 1878 jam
468 1821 607 1862 rem
638 1813 888 1862 teneret
906 1845 926 1879 ,
962 1796 1598 1862 accommodabatur.
1651 1796 2002 1860 Contentio
2033 1818 2168 1859 non
2200 1796 2444 1859 crimen

310 1904 471 1970 illud
514 1905 727 1969 solum
773 1903 953 1992 quod
997 1903 1480 1985 intendebatur,
1518 1901 1631 1968 sed
1676 1903 1877 1967 totius
1921 1903 2260 1991 praeteritae
2307 1902 2452 1966 vitm

311 2008 829 2074 criminationem
864 2011 1201 2098 complexa
1234 2025 1349 2074 est.
1392 2011 1622 2097 Itaque
1666 2031 1803 2072 non
1833 2008 2048 2073 solum
2083 2009 2452 2086 testimonia

310 2103 753 2180 adhibuerunt
777 2132 1212 2196 accusatores,
1237 2114 1351 2180 sed
1378 2116 1573 2180 etiam
1600 2130 1981 2203 argumenta
1997 2163 2014 2190 ‚
2041 2113 2108 2176 id
2131 2131 2248 2193 est,
2273 2137 2455 2177 sum·-

310 2235 452 2307 ptas
477 2243 556 2284 ex
590 2221 725 2310 ipsa
757 2244 861 2302 re,
896 2239 963 2286 et
986 2245 1065 2286 ex
1088 2223 1219 2286 vita
1248 2222 1343 2284 rei
1374 2221 1745 2309 superiore,
1783 2221 2188 2299 conjecturas
2207 2268 2224 2301 ,
2253 2220 2454 2308 suspi-

310 2326 533 2388 ciones
566 2341 633 2390 et
662 2326 860 2415 signa.
914 2328 1326 2414 omnemque
1362 2348 1548 2390 suam
1594 2349 1674 2390 eo
1721 2322 2108 2389 industriam
2155 2324 2454 2389 intende-

312 2443 501 2512 runt,
543 2445 619 2493 ut
637 2477 657 2511 ,
706 2431 951 2494 factum
1004 2431 1203 2494 fuisse
1253 2429 1433 2517 quod
1479 2429 1975 2511 intendebatur,
2013 2429 2456 2494 ostenderent.

310 2535 735 2600 contentioni
772 2536 1056 2625 denique
1083 2537 1409 2625 peroratio
1440 2537 1648 2626 gravis
1675 2551 1742 2599 et
1766 2537 2116 2599 vehemens
2153 2535 2277 2599 fuit
2305 2535 2454 2598 sub-

304 2643 493 2722 jecta.
523 2643 677 2707 Haec
703 2642 923 2707 omnia
960 2642 1334 2731 complexus
1367 2659 1465 2706 est
1504 2643 1734 2708 Cicero
1767 2664 1890 2729 pro
1931 2641 2132 2704 Coelio
2151 2687 2168 2721 ,
2213 2663 2352 2729 cap.
2381 2641 2455 2723 3,

313 2747 432 2812 ubi
447 2747 537 2812 ait
554 2750 913 2813 «accusatio
930 2748 1174 2814 crimen
1196 2747 1540 2829 desiderat,
1555 2771 1692 2812 rem
1719 2763 1796 2811 ut
1818 2744 2100 2826 definiat,
2119 2746 2452 2810 hominem

313 2868 391 2916 ut
416 2869 635 2937 notet,
667 2871 1058 2944 argumento
1089 2854 1353 2943 probet,
1396 2851 1562 2919 tes'te
1587 2851 1932 2919 confirmet
1951 2884 1994 2914 ι.
2025 2853 2172 2939 Ipse
2202 2851 2452 2917 Tullius

314 2955 542 3022 eadem
573 2962 947 3048 exsequitur
975 2961 1125 3025 totis
1153 2961 1217 3023 in
1241 2960 1554 3023 Verrinis.
1601 2962 1608 2973 ’

404 3065 834 3130 Accusatione
872 3083 1129 3154 peracta
1150 3115 1171 3148 ,
1208 3066 1498 3153 patroni,
1531 3088 1682 3128 nam
1715 3065 1849 3130 dixi
1877 3066 2094 3154 plures
2123 3066 2321 3130 fuisse
2353 3068 2450 3130 uti

312 3185 383 3233 et
398 3187 825 3253 accusatores,
850 3170 1293 3237 defensionem
1318 3169 1864 3261 aggrediebantur
1891 3169 2122 3250 eodie,
2143 3172 2259 3258 qui
2288 3189 2456 3236 esset

315 3272 563 3362 exlege
595 3297 632 3337 a
667 3293 941 3364 praetore
968 3298 1353 3342 concessus:
1382 3299 1506 3364 pro
1540 3275 1798 3339 Cluent.
1829 3297 1967 3364 cap.
2003 3297 2110 3339 αι.
2154 3276 2241 3339 Ut
2267 3299 2453 3340 accu-

312 3393 559 3442 satores
586 3378 858 3444 crimina
884 3379 1243 3461 inferenda,
1260 3382 1353 3445 sic
1376 3380 1635 3468 patroni
1663 3377 1990 3460 diluenda,
2011 3381 2260 3467 partitis
2285 3381 2454 3446 inter

312 3505 387 3546 se
418 3484 839 3566 muneribus,
894 3500 1340 3573 susceperunt.
1386 3485 1472 3548 Et
1504 3485 1817 3573 quoniam
1853 3485 1923 3547 in
1961 3483 2452 3550 defensionibus

312 3611 455 3652 non
488 3589 855 3654 faciendum
900 3607 999 3656 est
1046 3591 1259 3656 solum
1306 3606 1383 3654 ut
1428 3591 1763 3680 mitigetur
1805 3575 2040 3671 judex,
2085 3606 2163 3654 ut
2209 3591 2454 3675 faveat,

311 3691 696 3775 admiretur,
728 3695 985 3785 diligat,
1014 3696 1266 3784 cupiat,
1295 3711 1544 3783 speret,
1579 3697 1869 3778 loetetur3
1901 3692 2016 3758 sed
2039 3695 2232 3758 etiam
2259 3697 2454 3761 mise·

312 3799 569 3862 ratione
596 3823 779 3864 mens
803 3802 973 3866 illius
1005 3800 1445 3890 permovenda
1471 3817 1608 3884 est3
1635 3801 1994 3888 peroratio,
2027 3799 2162 3864 sive
2187 3799 2460 3868 ultimus

312 3902 575 3968 dicendi
608 3905 791 3970 locus
816 3906 909 3970 illi
930 3907 1443 3995 relinquebatur,
1468 3908 1582 3994 qui
1613 3906 1737 3971 hac
1767 3923 1948 3996 parte
1981 3907 2294 3972 orationis
2315 3907 2458 3996 pln-

314 4009 555 4073 rimum
580 4033 770 4098 posse
794 4011 1141 4076 videretur.
1169 4013 1397 4100 Itaque
1419 4013 1743 4091 Ciceroni,
1768 4011 2015 4075 etiamsi
2039 4011 2258 4100 plures
2283 4012 2457 4079 dice·

312 4129 497 4192 rent,
522 4115 999 4202 perorationem
1024 4141 1253 4183 omnes
1284 4117 1772 4204 relinquebant,
1797 4146 1822 4172 α
1851 4116 1918 4179 in
1943 4138 2076 4204 quo
2106 4135 2182 4182 ut
2203 4118 2460 4185 viderer

512 4223 565 4288 1.
622 4239 709 4285 cie.
731 4255 841 4300 pars
862 4239 1073 4286 secund·-
2179 4225 2272 4321 39
