2984 4684
511 356 605 441 48
1113 352 1250 423 ’Μ.
1302 354 1379 421 Τ.
1435 354 2000 426 CICERONIS

506 504 704 566 mm,
738 500 949 561 uxor,
977 472 1213 561 liberi,
1242 488 1674 571 procurator
1703 490 1928 561 esset3
1961 498 2166 562 eum,
2205 480 2336 573 qui
2365 476 2503 569 gibi
2531 502 2658 551 va-

508 591 916 663 dimonium
954 608 1107 655 non
1152 582 1619 671 deseruisset3
1653 583 1806 654 haec
1851 588 2096 655 omnia
2154 590 2414 659 mitto:
2461 590 2652 660 illud

508 702 673 773 dico
697 754 717 789 ‚
754 697 1136 768 dominum
1172 695 1554 792 expulsum
1589 718 1744 765 esse
1774 692 1866 765 de
1904 693 2222 793 praedi03
2263 696 2568 769 domino
2601 725 2650 771 a

504 809 770 883 familia
812 830 943 877 sua
986 828 1243 875 manus
1290 802 1536 874 allatas
1591 828 1742 875 esse
1783 820 1950 876 ante
1997 830 2168 878 suos
2210 807 2393 879 lares
2433 807 2645 880 fami·

504 922 749 991 liares:
784 917 925 988 hoc
961 913 1171 985 dico⁴
1179 967 1297 985 .....

599 1031 923 1102 XXVIII.
959 1027 1278 1099 Naevium
1304 1034 1325 1067 ¹
1357 1047 1451 1094 ne
1473 1023 1869 1122 appellasse
1901 1024 2202 1123 quidem
2229 1031 2644 1119 Quintium,

502 1165 735 1240 quum
779 1135 993 1208 simul
1033 1148 1255 1217 esset,
1307 1136 1613 1229 experiri
1664 1150 1908 1230 posset
1950 1134 2326 1232 quotidie:
2374 1136 2645 1209 deinde

496 1247 700 1349 quod
727 1248 972 1317 omnia
996 1242 1273 1339 judicia
1294 1240 1787 1332 difficillima²‚
1811 1269 1979 1314 cum
2005 1271 2288 1317 summa
2313 1270 2445 1318 sua
2470 1251 2647 1319 invi-

496 1360 614 1431 dia
631 1414 650 1446 ‚
683 1359 1144 1450 maximoque
1170 1352 1496 1451 periculo
1521 1357 1596 1423 P.
1627 1356 1910 1445 Quintil
1937 1352 2092 1426 fieri
2123 1356 2387 1444 mallet,
2413 1382 2643 1455 quam

495 1470 677 1543 illud
728 1466 1231 1567 pecuniarium
1275 1461 1674 1560 judicium,
1730 1460 1934 1562 quod
1979 1489 2132 1537 uno
2177 1466 2296 1538 die
2339 1472 2640 1567 transigi

493 1595 772 1682 posset3
814 1604 904 1649 ex
938 1600 1091 1673 quo
1132 1598 1283 1645 uno
1316 1574 1471 1645 haec
1508 1578 1754 1646 omnia
1786 1590 1953 1647 nata
1989 1592 2062 1648 et
2105 1576 2432 1675 profecta
2479 1606 2638 1651 esse

495 1689 851 1765 concedit.
892 1689 1061 1777 Quo
1092 1687 1169 1754 in
1208 1685 1370 1756 loco
1417 1684 1914 1757 conditionem
1947 1688 2124 1776 tuli,
2171 1692 2229 1759 si
2264 1689 2482 1760 vellet
2512 1715 2642 1789 pe-

495 1803 785 1874 cuniam
823 1810 1105 1896 petere,
1151 1798 1224 1863 P.
1250 1797 1635 1885 Quintium
1665 1794 2072 1891 judicatum
2111 1798 2290 1869 solvi
2341 1800 2642 1873 satisda-

497 1926 744 1982 turum
760 1904 816 1994 3,
860 1904 1036 1975 dum
1086 1906 1278 2001 ipse,
1310 1906 1370 1973 si
1406 1904 1587 2001 quid
1626 1920 1937 2003 peteret,
1991 1909 2148 2005 pari
2207 1908 2636 1983 conditione

494 2034 841 2093 uteretur.
884 2015 1229 2103 Ostendi,
1273 2040 1493 2113 quam
1533 2016 1760 2086 multa
1790 2030 1958 2087 ante
1986 2015 2143 2087 fieri
2171 2024 2636 2111 convenerit,

494 2154 717 2230 quam
755 2129 1073 2198 hominis
1110 2128 1509 2224 propinqui
1553 2124 1750 2229 bena
1791 2125 2142 2224 possideri
2179 2131 2637 2225 postularen-

494 2257 647 2329 tur3
678 2240 1071 2337 praesertim
1109 2254 1341 2334 quum
1377 2242 1625 2307 Romae
1654 2236 1916 2309 domus
1950 2239 2106 2334 ejus
2129 2292 2148 2327 ,
2181 2264 2388 2331 uxor,
2419 2240 2634 2316 liberi

490 2364 754 2437 essent,
779 2363 854 2421 et
876 2361 1303 2447 procurator
1326 2372 1534 2445 aeque
1564 2350 1946 2445 utriusque
1981 2354 2444 2423 necessarius
2482 2359 2636 2425 Do-

491 2463 642 2548 cui,
666 2483 898 2557 quum
933 2456 1299 2527 desertum
1336 2481 1489 2527 esse
1523 2455 1720 2528 dicat
1751 2458 2288 2549 vadimonium,
2321 2468 2631 2537 omnino

487 2570 985 2642 vadimonium
1014 2568 1299 2637 nullum
1327 2565 1590 2656 fuisse3
1618 2592 1770 2665 quo
1803 2567 1920 2640 die
1947 2568 2150 2642 hunc
2187 2571 2324 2643 sibi
2352 2578 2634 2671 promi-

486 2686 658 2753 sisse
703 2679 934 2767 dicat,
978 2704 1067 2751 eo
1100 2677 1219 2749 die
1264 2703 1356 2749 ne
1392 2683 1640 2748 Romae
1675 2676 1974 2775 quidem
2021 2705 2192 2751 eum
2231 2680 2499 2753 fuisse:
2551 2685 2632 2756 id

485 2790 791 2863 testibus
820 2813 938 2859 me
983 2790 1351 2886 pollicitus
1386 2812 1550 2859 sum
1583 2789 1880 2886 planum
1919 2787 2276 2862 facturum
2301 2845 2320 2880 ,
2366 2798 2500 2890 qui
2553 2810 2630 2867 et

484 2904 666 2971 scire
690 2898 1064 2985 deberent,
1090 2912 1165 2969 et
1196 2921 1509 2986 causam,
1534 2923 1666 2970 cur
1691 2903 2196 2992 mentirentur,
2225 2927 2374 2973 non
2405 2903 2631 2977 habe-

486 3025 671 3083 rent.
722 3014 825 3080 Ex
868 3008 1107 3078 edicto
1139 3023 1383 3080 autem
1433 3033 1584 3092 non
1622 3013 1945 3107 potuisse
1995 3009 2194 3083 bona
2231 3014 2627 3110 possideri,

485 3121 1012 3205 demonstravi3
1053 3117 1256 3214 quod
1301 3142 1542 3214 neque
1575 3117 1956 3191 fraudandi
1999 3146 2212 3193 causa
2241 3122 2626 3212 latitasset,

484 3256 725 3327 neque
751 3228 978 3300 exsilii
1002 3250 1212 3298 causa
1238 3225 1473 3297 solum
1492 3233 1788 3301 vertisse
1815 3229 2196 3301 diceretur.
2227 3235 2622 3333 Reliquum

480 3357 623 3429 est,
668 3354 753 3411 ut
784 3342 1203 3410 eum'nemo
1242 3336 1523 3432 judicio
1570 3337 2020 3411 defenderit:
2059 3340 2262 3439 quod
2314 3352 2622 3418 contra‘*

554 3522 603 3567 4.
638 3508 985 3557 Desideratum·
1009 3506 1091 3555 hic
1118 3504 1344 3554 secunde
1381 3504 1503 3553 divi·
1664 3524 1716 3556 α.
1758 3506 2084 3576 Dffcillim.
2121 3512 2245 3573 Quae
2273 3526 2474 3575 gravate
2497 3532 2526 3563 ιι
2547 3518 2623 3577 ju-

482 3591 635 3640 donis
656 3588 793 3651 finis,
822 3599 872 3636 et
904 3602 959 3635 en
983 3585 1145 3634 omnia
1183 3600 1292 3650 quoe
1320 3584 1387 3633 ad
1410 3596 1502 3633 ter·
1593 3587 1787 3635 dinibus
1820 3584 1947 3635 fiunt
1967 3621 1982 3648 ,
2023 3598 2106 3651 ut,
2129 3605 2282 3653 quum
2315 3593 2440 3640 clvis
2460 3584 2622 3660 'ceput

481 3674 603 3721 tium
647 3668 925 3733 partitionis
974 3666 1244 3715 membrum
1291 3665 1506 3731 pertine-
1590 3666 1769 3729 agitur.

480 3752 631 3809 hant,
654 3762 831 3811 nempe
868 3768 890 3789 ι
912 3746 1141 3795 Naevium
1179 3760 1281 3793 non
1322 3760 1500 3809 poese-
1665 3746 1713 3793 3.
1740 3744 2112 3795 Sacisdacurum.
2143 3749 2305 3811 Quam
2347 3752 2624 3803 satisdatio-

482 3831 611 3879 diese
632 3850 675 3875 n.
708 3828 771 3874 Et
808 3835 1039 3889 proterea
1078 3840 1234 3889 panca
1274 3822 1501 3888 quaedam
1590 3839 1702 3871 nem
1729 3822 1913 3873 obtulit
1942 3842 2054 3890 cap.
2085 3828 2165 3874 13.

480 3928 541 3961 ex
568 3905 811 3973 principio
838 3904 1039 3968 epilogi.
1668 3910 1714 3959 4.
1745 3904 1892 3967 Quod
1914 3916 2103 3955 coner-a.
2123 3906 2308 3955 Contra
2329 3924 2476 3972 quam
2501 3928 2620 3969 rem,

546 3986 788 4038 xxvm.
852 3999 895 4033 ι.
964 3983 1203 4033 Navium.
1250 3980 1467 4033 snb-ndi
1486 4015 1504 4041 ‚
1593 3981 1817 4046 plurimis
1861 3986 2158 4047 argumentis
2207 4002 2318 4035 eum
2363 3988 2620 4039 defensum

478 4094 504 4113 α
522 4066 749 4135 probavi,
772 4062 874 4113 dixi
893 4082 935 4109 ιο.
1591 4061 1736 4110 fuisse
1761 4061 2108 4113 demonstravi.
