2984 4684
479 371 572 465 78
1074 372 1170 438 M.
1223 372 1301 438 Τ.
1354 370 1922 441 CICERONIS

472 494 709 565 Roscii
742 490 879 563 sibi
913 502 1452 589 poposcerunt;
1503 488 2022 586 Chrysogonus
2057 502 2300 563 autem
2335 495 2398 563 is
2419 546 2440 573 .
2477 494 2612 591 qui

472 605 871 703 plurimum
904 614 1183 699 potest,
1209 603 1535 697 potentia
1566 614 1866 697 pugnat.
1897 604 2008 671 De
2039 599 2238 671 hisce
2265 603 2614 675 omnibus

472 714 692 785 rebus
734 736 851 784 me
892 711 1131 782 dicere
1172 726 1512 808 oportere
1546 710 1892 807 intelligo.
1932 710 2130 801 Quid
2159 714 2422 809 igitur¹
2457 716 2614 786 est?

472 850 623 896 non
662 822 919 895 eodem
954 820 1175 891 modo
1209 820 1301 891 de
1334 820 1723 909 omnibuS,
1775 821 1941 893 ideo
1975 822 2178 919 quod
2213 829 2446 922 prima
2491 827 2612 898 illa

470 958 583 1003 res
614 931 707 1003 ad
738 954 983 1001 meum
1016 926 1341 1001 officium
1382 933 1736 1028 pertinet3
1778 930 1956 1001 duas
2005 948 2249 1005 autem
2295 937 2610 1033 reliquas

469 1041 678 1113 vobis
704 1041 1021 1140 populus
1047 1064 1390 1111 romanus
1411 1034 1800 1140 imposuit:
1825 1068 1960 1139 ego
1986 1048 2296 1116 crimen²
2317 1062 2612 1145 oportet

468 1152 774 1239 diluam,
802 1174 929 1221 vos
961 1164 1035 1221 et
1058 1149 1375 1221 audaciae
1404 1154 1759 1238 resistere,
1791 1166 1864 1222 et
1889 1152 2270 1235 hominum
2299 1158 2614 1251 ejusmo-

466 1262 541 1333 di
584 1265 1067 1360 perniciosam
1098 1276 1319 1358 atque
1350 1261 1880 1333 intolerandam
1921 1268 2324 1361 potentiam
2369 1270 2610 1363 primo

465 1397 764 1471 quoque
786 1384 1112 1470 tempore
1140 1374 1600 1467 exstinguere
1621 1386 1842 1468 atque
1868 1376 2282 1471 opprimere
2305 1374 2610 1448 debetis,

560 1481 927 1554 Occidisse
958 1496 1237 1579 patrem
1270 1486 1426 1553 Sex.
1455 1486 1758 1553 Roscius
1784 1488 2134 1579 arguitur.
2173 1486 2568 1557 Scelestum
2590 1543 2611 1576 ,

462 1593 563 1665 dii
598 1590 1082 1663 immortales!
1110 1616 1194 1663 ac
1226 1591 1586 1663 nefarium
1613 1590 1918 1683 facinus,
1947 1610 2169 1691 atque
2203 1598 2562 1693 ejusmodi
2590 1653 2610 1689 ,

466 1729 617 1800 quo
632 1728 785 1773 uno
804 1700 1155 1773 maleficio
1180 1704 1451 1773 scelera
1468 1706 1716 1774 omnia
1729 1704 2138 1802 complexa³
2151 1727 2308 1777 esse
2317 1708 2612 1781 videan-

462 1811 621 1885 tur!
653 1816 937 1884 Etenim
959 1816 1051 1900 si,
1070 1811 1145 1883 id
1173 1813 1376 1910 quod
1400 1815 1736 1912 praeclare
1765 1838 1808 1885 a
1835 1816 2284 1914 sapientibus
2313 1818 2609 1908 dicitur,

461 1924 718 1994 vultu‘*
740 1946 927 2022 saepe
955 1922 1242 1994 laeditur
1268 1926 1536 2022 pietas;
1559 1924 1760 2021 quod
1785 1926 2226 2023 supplicium
2253 1930 2423 1996 satis
2443 1950 2612 1999 acre

458 2036 861 2131 reperietur
890 2036 967 2104 in
998 2058 1167 2104 eum
1190 2089 1211 2123 ,
1242 2038 1372 2131 qui
1402 2050 1713 2105 mortem
1740 2035 2092 2107 obtulerit
2117 2041 2400 2135 parenti
2425 2092 2444 2125 ,
2467 2062 2608 2137 pro

456 2170 609 2243 quo
654 2147 836 2215 mori
872 2146 1149 2241 ipsum,
1191 2146 1250 2215 si
1284 2170 1397 2216 res
1430 2146 1873 2243 postularet,
1898 2146 2064 2242 jura
2098 2147 2343 2218 divina
2381 2162 2610 2245 atque

456 2255 777 2326 humana
806 2252 1211 2350 cogebant?
1237 2260 1323 2326 In
1357 2254 1500 2325 hoc
1533 2268 1738 2326 tanto
1759 2310 1780 2342 ‚
1807 2270 1954 2325 tam
1985 2258 2212 2327 atroci
2231 2310 2250 2342 ,
2283 2272 2431 2327 tam
2465 2260 2614 2327 sin·-

458 2366 688 2463 gulari
716 2362 1095 2450 maleficio,
1120 2364 1324 2462 quod
1358 2369 1457 2436 ita
1490 2362 1696 2435 raro⁵
1733 2367 2038 2449 exstitit,
2069 2378 2188 2453 ut,
2213 2369 2270 2436 si
2306 2367 2608 2464 quando

454 2475 789 2547 auditum
842 2477 937 2546 sit
961 2529 980 2562 ,
1022 2472 1342 2573 porten‘ti
1394 2500 1478 2545 ac
1509 2472 1824 2573 prodigii
1876 2474 2108 2545 simile
2149 2492 2607 2564 numeretur,

456 2586 727 2686 quibus
768 2583 1061 2657 tandem
1106 2600 1213 2674 te,
1236 2589 1314 2655 C.
1350 2588 1603 2673 Eruci,
1629 2588 2076 2681 argumentis
2115 2599 2610 2659 accusatorem

458 2722 707 2772 censes
742 2700 848 2767 uti
881 2697 1273 2794 oportere?
1316 2698 1580 2768 Nonne
1614 2710 1688 2767 et
1721 2695 2096 2767 audaciam
2131 2698 2320 2790 ejus,
2365 2702 2495 2794 qui
2529 2704 2608 2769 in

458 2812 733 2881 crimen
766 2820 1093 2893 vocetur,
1120 2807 1560 2903 singularem
1593 2806 2004 2895 ostendere,
2029 2821 2104 2879 et
2131 2832 2368 2879 mores
2391 2804 2609 2900 feroS,

460 2926 1001 3012 immanemque
1025 2930 1355 2988 naturam
1374 2972 1393 3005 ,
1416 2930 1491 2987 et
1517 2920 1740 2987 vitam
1771 2920 1966 2988 vitiis
1993 2916 2426 3016 flagitiisque
2452 2944 2611 2991 om-

459 3026 678 3098 nibus
712 3024 1029 3096 deditam
1048 3080 1068 3112 ,
1096 3041 1168 3097 et
1194 3026 1518 3124 denique
1547 3029 1790 3097 omnia
1815 3026 1908 3098 ad
1933 3027 2332 3125 perniciem
2360 3029 2612 3127 profli-

532 3309 679 3357 xm.
702 3322 745 3355 1.
778 3303 911 3367 Quid
935 3304 1083 3370 igitur
1107 3312 1213 3353 est?
1239 3305 1377 3369 Quid
1406 3323 1485 3355 er·
1647 3314 1700 3361 4.
1735 3306 1896 3352 Vultu.
1927 3308 2248 3369 Importuno,
2290 3306 2450 3370 qualis
2479 3310 2612 3358 solet

462 3388 559 3452 go?
592 3385 770 3433 ideone
797 3384 857 3432 de
880 3383 1109 3433 omnihus
1134 3386 1309 3434 coclem
1336 3384 1486 3433 modo
1575 3400 1679 3432 esse
1698 3383 2078 3447 indignantium.

462 3466 673 3531 loquar?
700 3464 817 3514 Non
842 3464 935 3512 ita:
959 3480 1073 3511 nam
1095 3466 1253 3529 prima
1274 3480 1368 3524 res,
1390 3474 1485 3512 etc.
1648 3464 1698 3511 5.
1739 3466 1887 3511 Ram.
1915 3466 2092 3512 Romae
2110 3480 2200 3527 per
2217 3478 2375 3513 anuos
2391 3478 2610 3515 ‘sexcen-

460 3574 533 3585 --
544 3550 735 3594 Frustra
752 3544 991 3593 obscurus
1008 3546 1326 3593 Hotomauno
1343 3544 1485 3591 vide·
1577 3552 1656 3589 tos
1675 3542 2026 3606 quinquaginta
2039 3558 2066 3589 a
2082 3543 2282 3590 Romuli
2297 3546 2610 3607 tempor-ihus

466 3638 547 3673 tur
568 3624 729 3673 locus.
1575 3636 1719 3668 nemo
1735 3621 1965 3669 inventus
1985 3632 2058 3668 est
2085 3622 2172 3685 qui
2199 3622 2356 3672 scelus
2386 3634 2489 3672 tam
2519 3627 2612 3673 im-

536 3721 583 3753 2.
616 3704 819 3753 Crimen.
842 3702 1257 3753 Criminationem.
1575 3716 1716 3747 mane
1763 3710 2101 3765 perpetrasset.
2149 3702 2336 3749 Primus
2383 3706 2611 3753 omnium

540 3784 588 3833 3.
618 3781 907 3847 Complexo.
950 3785 1131 3831 Praeter
1165 3778 1483 3830 consuetudi·
1577 3778 1824 3826 Publicius
1843 3778 2120 3837 Malleolus,
2139 3778 2207 3828 ob
2229 3794 2434 3829 matrem
2457 3786 2612 3832 inter·

468 3878 612 3923 nem,
636 3864 689 3909 in
726 3862 941 3925 patiendi
982 3860 1363 3926 significatione,
1393 3874 1485 3923 pro
1575 3869 1816 3922 emptam,
1859 3859 2052 3907 insutus
2089 3859 2230 3907 culeo
2269 3860 2323 3907 iu
2363 3876 2496 3910 mare
2533 3875 2610 3912 est

466 3942 853 4007 «comprehensa
868 3964 911 3990 ι».
949 3940 1071 3991 Vid.
1106 3942 1335 3989 Priscian.
1372 3954 1482 4003 pag.
1576 3938 1910 4001 precipitatus
1957 3942 2022 3985 A.
2083 3938 2146 3987 U.
2197 3940 2253 3988 C.
2301 3938 2422 3989 652.
2475 3942 2610 3990 Vide

470 4038 589 4085 791,
614 4020 695 4069 ed.
720 4021 916 4070 PutchL
1576 4018 1634 4064 T.
1655 4018 1763 4063 Liv.
1787 4016 1922 4079 Epfft.
1955 4016 2182 4067 LXVIII·
2213 4018 2360 4067 Rhet.
2383 4020 2450 4067 nd
2477 4022 2605 4071 Her.

780 4102 786 4111 ·
1578 4097 1630 4159 1,
1663 4096 1746 4143 13.
1779 4098 1922 4143 Oros.
1939 4095 2005 4153 V,
2043 4097 2090 4144 3.
