<?xml version="1.0" encoding="UTF-8"?>
<!DOCTYPE html PUBLIC "-//W3C//DTD XHTML 1.0 Transitional//EN"
    "http://www.w3.org/TR/xhtml1/DTD/xhtml1-transitional.dtd">
<html xmlns="http://www.w3.org/1999/xhtml" xml:lang="en" lang="en">
 <head>
  <title>
</title>
<meta http-equiv="Content-Type" content="text/html;charset=utf-8" />
  <meta name='ocr-system' content='tesseract 3.04.00' />
  <meta name='ocr-capabilities' content='ocr_page ocr_carea ocr_par ocr_line ocrx_word'/>
</head>
<body>
  <div class='ocr_page' id='page_1' title='image "./mtciceronisquae03lemagoog_0336.png"; bbox 0 0 2984 4684; ppageno 0'>
   <div class='ocr_carea' id='block_1_1' title="bbox 1088 326 1926 399">
    <p class='ocr_par' dir='ltr' id='par_1_1' title="bbox 1088 326 1926 399">
     <span class='ocr_line' id='line_1_1' title="bbox 1088 326 1926 399; baseline 0.004 -7"><span class='ocrx_word' id='word_1_1' title='bbox 1088 326 1183 393; x_wconf 81' lang='lat' dir='ltr'><strong>M.</strong></span> <span class='ocrx_word' id='word_1_2' title='bbox 1236 327 1312 393; x_wconf 94' lang='grc' dir='ltr'><strong>Τ.</strong></span> <span class='ocrx_word' id='word_1_3' title='bbox 1366 327 1926 399; x_wconf 83' lang='lat' dir='ltr'>CICERONIS</span> 
     </span>
    </p>
   </div>
   <div class='ocr_carea' id='block_1_2' title="bbox 436 446 2673 2871">
    <p class='ocr_par' dir='ltr' id='par_1_2' title="bbox 436 446 2673 2871">
     <span class='ocr_line' id='line_1_2' title="bbox 442 446 2576 544; baseline 0.004 -31"><span class='ocrx_word' id='word_1_4' title='bbox 442 456 703 539; x_wconf 85' lang='lat' dir='ltr'><strong>rogatu</strong></span> <span class='ocrx_word' id='word_1_5' title='bbox 764 448 1130 515; x_wconf 88' lang='lat' dir='ltr'><strong>sociorum</strong></span> <span class='ocrx_word' id='word_1_6' title='bbox 1186 459 1409 544; x_wconf 82' lang='lat' dir='ltr'><strong>atque</strong></span> <span class='ocrx_word' id='word_1_7' title='bbox 1466 452 1874 520; x_wconf 83' lang='lat' dir='ltr'><strong>amicorum</strong></span> <span class='ocrx_word' id='word_1_8' title='bbox 1933 446 2186 544; x_wconf 86' lang='lat' dir='ltr'><strong>populi</strong></span> <span class='ocrx_word' id='word_1_9' title='bbox 2239 452 2576 538; x_wconf 84' lang='lat' dir='ltr'><strong>romani,</strong></span> 
     </span>
     <span class='ocr_line' id='line_1_3' title="bbox 440 557 2578 647; baseline 0.003 -23"><span class='ocrx_word' id='word_1_10' title='bbox 440 578 775 625; x_wconf 89' lang='lat' dir='ltr'><strong>meorum</strong></span> <span class='ocrx_word' id='word_1_11' title='bbox 810 568 1053 626; x_wconf 88' lang='lat' dir='ltr'><strong>autem</strong></span> <span class='ocrx_word' id='word_1_12' title='bbox 1082 559 1680 647; x_wconf 87' lang='lat' dir='ltr'><strong>necessariorum,</strong></span> <span class='ocrx_word' id='word_1_13' title='bbox 1707 579 1978 629; x_wconf 85' lang='lat' dir='ltr'><strong>nomen</strong></span> <span class='ocrx_word' id='word_1_14' title='bbox 2003 557 2322 631; x_wconf 90' lang='lat' dir='ltr'><strong>hominis</strong></span> <span class='ocrx_word' id='word_1_15' title='bbox 2349 560 2578 631; x_wconf 85' lang='lat' dir='ltr'><strong>auda-</strong></span> 
     </span>
     <span class='ocr_line' id='line_1_4' title="bbox 440 663 2576 757; baseline 0.003 -22"><span class='ocrx_word' id='word_1_16' title='bbox 440 666 706 736; x_wconf 86' lang='lat' dir='ltr'><strong>cissimi</strong></span> <span class='ocrx_word' id='word_1_17' title='bbox 742 663 995 738; x_wconf 87' lang='lat' dir='ltr'><strong>detuli.</strong></span> <span class='ocrx_word' id='word_1_18' title='bbox 1036 666 1256 757; x_wconf 90' lang='lat' dir='ltr'><strong>Quod</strong></span> <span class='ocrx_word' id='word_1_19' title='bbox 1290 693 1536 740; x_wconf 88' lang='lat' dir='ltr'><strong>meum</strong></span> <span class='ocrx_word' id='word_1_20' title='bbox 1571 668 1844 741; x_wconf 86' lang='lat' dir='ltr'><strong>factum</strong></span> <span class='ocrx_word' id='word_1_21' title='bbox 1883 669 2252 739; x_wconf 79' lang='lat' dir='ltr'><strong>lectissimi</strong></span> <span class='ocrx_word' id='word_1_22' title='bbox 2291 674 2428 741; x_wconf 81' lang='lat' dir='ltr'><strong>viri</strong></span> <span class='ocrx_word' id='word_1_23' title='bbox 2463 684 2576 741; x_wconf 88' lang='lat' dir='ltr'><strong>at·-</strong></span> 
     </span>
     <span class='ocr_line' id='line_1_5' title="bbox 440 779 2580 881; baseline 0.004 -35"><span class='ocrx_word' id='word_1_24' title='bbox 440 799 589 873; x_wconf 87' lang='lat' dir='ltr'><strong>que</strong></span> <span class='ocrx_word' id='word_1_25' title='bbox 638 779 1077 849; x_wconf 85' lang='lat' dir='ltr'><strong>ornatissimi</strong></span> <span class='ocrx_word' id='word_1_26' title='bbox 1122 779 1315 876; x_wconf 93' lang='lat' dir='ltr'><strong>(quo</strong></span> <span class='ocrx_word' id='word_1_27' title='bbox 1356 784 1437 851; x_wconf 89' lang='lat' dir='ltr'><strong>in</strong></span> <span class='ocrx_word' id='word_1_28' title='bbox 1470 806 1784 853; x_wconf 88' lang='lat' dir='ltr'><strong>numero</strong></span> <span class='ocrx_word' id='word_1_29' title='bbox 1821 806 1864 853; x_wconf 90' lang='lat' dir='ltr'><strong>e</strong></span> <span class='ocrx_word' id='word_1_30' title='bbox 1906 780 2116 853; x_wconf 80' lang='lat' dir='ltr'><strong>vobis</strong></span> <span class='ocrx_word' id='word_1_31' title='bbox 2163 782 2580 881; x_wconf 83' lang='lat' dir='ltr'>complures</span> 
     </span>
     <span class='ocr_line' id='line_1_6' title="bbox 440 882 2578 989; baseline 0.003 -33"><span class='ocrx_word' id='word_1_32' title='bbox 440 882 695 982; x_wconf 83' lang='lat' dir='ltr'><strong>fuere)</strong></span> <span class='ocrx_word' id='word_1_33' title='bbox 724 890 823 958; x_wconf 86' lang='lat' dir='ltr'><strong>ita</strong></span> <span class='ocrx_word' id='word_1_34' title='bbox 856 887 1291 985; x_wconf 81' lang='lat' dir='ltr'><strong>probarunt,</strong></span> <span class='ocrx_word' id='word_1_35' title='bbox 1326 904 1408 962; x_wconf 93' lang='lat' dir='ltr'><strong>ut</strong></span> <span class='ocrx_word' id='word_1_36' title='bbox 1445 894 1558 979; x_wconf 92' lang='lat' dir='ltr'><strong>ei,</strong></span> <span class='ocrx_word' id='word_1_37' title='bbox 1591 894 1720 989; x_wconf 88' lang='lat' dir='ltr'><strong>qui</strong></span> <span class='ocrx_word' id='word_1_38' title='bbox 1757 893 1966 963; x_wconf 85' lang='lat' dir='ltr'><strong>istius</strong></span> <span class='ocrx_word' id='word_1_39' title='bbox 1995 906 2315 989; x_wconf 79' lang='lat' dir='ltr'><strong>quaestor</strong></span> <span class='ocrx_word' id='word_1_40' title='bbox 2333 888 2362 935; x_wconf 86' lang='lat'><strong>⁵</strong></span> <span class='ocrx_word' id='word_1_41' title='bbox 2399 888 2578 963; x_wconf 83' lang='lat' dir='ltr'><strong>fuis-</strong></span> 
     </span>
     <span class='ocr_line' id='line_1_7' title="bbox 443 997 2576 1101; baseline 0.002 -34"><span class='ocrx_word' id='word_1_42' title='bbox 443 1012 587 1085; x_wconf 85' lang='lat' dir='ltr'>set,</span> <span class='ocrx_word' id='word_1_43' title='bbox 630 1012 706 1069; x_wconf 87' lang='lat' dir='ltr'><strong>et</strong></span> <span class='ocrx_word' id='word_1_44' title='bbox 742 997 835 1070; x_wconf 87' lang='lat' dir='ltr'><strong>ab</strong></span> <span class='ocrx_word' id='word_1_45' title='bbox 864 1004 1007 1071; x_wconf 86' lang='lat' dir='ltr'><strong>isto</strong></span> <span class='ocrx_word' id='word_1_46' title='bbox 1046 998 1255 1085; x_wconf 68' lang='lat' dir='ltr'><strong>laesus</strong></span> <span class='ocrx_word' id='word_1_47' title='bbox 1276 1004 1688 1073; x_wconf 84' lang='lat' dir='ltr'><strong>inimicitias</strong></span> <span class='ocrx_word' id='word_1_48' title='bbox 1721 1002 1953 1097; x_wconf 84' lang='lat' dir='ltr'><strong>justas</strong></span> <span class='ocrx_word' id='word_1_49' title='bbox 1983 1016 2576 1101; x_wconf 84' lang='lat' dir='ltr'><strong>persequeretur,</strong></span> 
     </span>
     <span class='ocr_line' id='line_1_8' title="bbox 440 1109 2580 1199; baseline 0 -17"><span class='ocrx_word' id='word_1_50' title='bbox 440 1136 593 1185; x_wconf 91' lang='lat' dir='ltr'><strong>non</strong></span> <span class='ocrx_word' id='word_1_51' title='bbox 655 1111 877 1185; x_wconf 92' lang='lat' dir='ltr'><strong>modo</strong></span> <span class='ocrx_word' id='word_1_52' title='bbox 930 1109 1303 1184; x_wconf 88' lang='lat' dir='ltr'><strong>deferendi</strong></span> <span class='ocrx_word' id='word_1_53' title='bbox 1344 1115 1700 1199; x_wconf 89' lang='lat' dir='ltr'><strong>nominis,</strong></span> <span class='ocrx_word' id='word_1_54' title='bbox 1755 1110 1884 1183; x_wconf 85' lang='lat' dir='ltr'><strong>sed</strong></span> <span class='ocrx_word' id='word_1_55' title='bbox 1931 1135 2025 1183; x_wconf 87' lang='lat' dir='ltr'><strong>ne</strong></span> <span class='ocrx_word' id='word_1_56' title='bbox 2073 1110 2580 1183; x_wconf 85' lang='lat' dir='ltr'><strong>subscribendi</strong></span> 
     </span>
     <span class='ocr_line' id='line_1_9' title="bbox 438 1221 2582 1323; baseline 0 -30"><span class='ocrx_word' id='word_1_57' title='bbox 438 1221 737 1321; x_wconf 86' lang='lat' dir='ltr'><strong>quidem</strong></span> <span class='ocrx_word' id='word_1_58' title='bbox 754 1278 775 1313; x_wconf 90' lang='lat'><strong>,</strong></span> <span class='ocrx_word' id='word_1_59' title='bbox 811 1247 1041 1322; x_wconf 87' lang='lat' dir='ltr'><strong>quum</strong></span> <span class='ocrx_word' id='word_1_60' title='bbox 1078 1222 1155 1294; x_wconf 89' lang='lat' dir='ltr'><strong>id</strong></span> <span class='ocrx_word' id='word_1_61' title='bbox 1181 1224 1617 1322; x_wconf 84' lang='lat' dir='ltr'><strong>postularet,</strong></span> <span class='ocrx_word' id='word_1_62' title='bbox 1651 1222 1973 1296; x_wconf 85' lang='lat' dir='ltr'><strong>facerent</strong></span> <span class='ocrx_word' id='word_1_63' title='bbox 2013 1238 2464 1323; x_wconf 85' lang='lat' dir='ltr'><strong>potestatem.</strong></span> <span class='ocrx_word' id='word_1_64' title='bbox 2491 1228 2582 1293; x_wconf 86' lang='lat' dir='ltr'><strong>lu</strong></span> 
     </span>
     <span class='ocr_line' id='line_1_10' title="bbox 436 1332 2580 1433; baseline -0.001 -28"><span class='ocrx_word' id='word_1_65' title='bbox 436 1334 751 1406; x_wconf 86' lang='lat' dir='ltr'><strong>Siciliam</strong></span> <span class='ocrx_word' id='word_1_66' title='bbox 784 1360 946 1407; x_wconf 87' lang='lat' dir='ltr'><strong>sum</strong></span> <span class='ocrx_word' id='word_1_67' title='bbox 980 1334 1399 1433; x_wconf 83' lang='lat' dir='ltr'><strong>inquirendi</strong></span> <span class='ocrx_word' id='word_1_68' title='bbox 1431 1358 1647 1407; x_wconf 83' lang='lat' dir='ltr'><strong>causa</strong></span> <span class='ocrx_word' id='word_1_69' title='bbox 1670 1332 2045 1433; x_wconf 86' lang='lat' dir='ltr'><strong>profectus</strong></span> <span class='ocrx_word' id='word_1_70' title='bbox 2083 1361 2102 1403; x_wconf 77' lang='lat' dir='ltr'><strong><em>z</em></strong></span> <span class='ocrx_word' id='word_1_71' title='bbox 2149 1357 2302 1430; x_wconf 89' lang='lat' dir='ltr'><strong>quo</strong></span> <span class='ocrx_word' id='word_1_72' title='bbox 2339 1336 2416 1403; x_wconf 88' lang='lat' dir='ltr'><strong>in</strong></span> <span class='ocrx_word' id='word_1_73' title='bbox 2447 1358 2580 1403; x_wconf 88' lang='lat' dir='ltr'><strong>ne-</strong></span> 
     </span>
     <span class='ocr_line' id='line_1_11' title="bbox 438 1440 2580 1542; baseline -0.002 -25"><span class='ocrx_word' id='word_1_74' title='bbox 438 1447 639 1542; x_wconf 86' lang='lat' dir='ltr'><strong>gotio</strong></span> <span class='ocrx_word' id='word_1_75' title='bbox 682 1446 1113 1519; x_wconf 89' lang='lat' dir='ltr'><strong>industriam</strong></span> <span class='ocrx_word' id='word_1_76' title='bbox 1156 1470 1389 1517; x_wconf 87' lang='lat' dir='ltr'><strong>meam</strong></span> <span class='ocrx_word' id='word_1_77' title='bbox 1427 1446 1754 1517; x_wconf 82' lang='lat' dir='ltr'><strong>celeritas</strong></span> <span class='ocrx_word' id='word_1_78' title='bbox 1787 1444 2166 1517; x_wconf 79' lang='lat' dir='ltr'><strong>reditionis</strong></span> <span class='ocrx_word' id='word_1_79' title='bbox 2185 1440 2242 1532; x_wconf 81' lang='lat'><strong>⁶,</strong></span> <span class='ocrx_word' id='word_1_80' title='bbox 2275 1442 2580 1541; x_wconf 86' lang='lat' dir='ltr'><strong>diligen·-</strong></span> 
     </span>
     <span class='ocr_line' id='line_1_12' title="bbox 443 1550 2584 1653; baseline -0.002 -26"><span class='ocrx_word' id='word_1_81' title='bbox 443 1559 617 1627; x_wconf 89' lang='lat' dir='ltr'><strong>tiam</strong></span> <span class='ocrx_word' id='word_1_82' title='bbox 648 1557 1048 1629; x_wconf 88' lang='lat' dir='ltr'><strong>multitudo</strong></span> <span class='ocrx_word' id='word_1_83' title='bbox 1073 1559 1445 1629; x_wconf 85' lang='lat' dir='ltr'><strong>literarum</strong></span> <span class='ocrx_word' id='word_1_84' title='bbox 1472 1571 1548 1629; x_wconf 88' lang='lat' dir='ltr'><strong>et</strong></span> <span class='ocrx_word' id='word_1_85' title='bbox 1571 1557 1866 1629; x_wconf 89' lang='lat' dir='ltr'><strong>testium</strong></span> <span class='ocrx_word' id='word_1_86' title='bbox 1901 1554 2326 1643; x_wconf 83' lang='lat' dir='ltr'><strong>declaravit;</strong></span> <span class='ocrx_word' id='word_1_87' title='bbox 2351 1550 2584 1653; x_wconf 91' lang='lat' dir='ltr'><strong>pudo-</strong></span> 
     </span>
     <span class='ocr_line' id='line_1_13' title="bbox 440 1665 2586 1765; baseline -0.002 -28"><span class='ocrx_word' id='word_1_88' title='bbox 440 1692 598 1739; x_wconf 90' lang='lat' dir='ltr'><strong>rem</strong></span> <span class='ocrx_word' id='word_1_89' title='bbox 622 1693 795 1740; x_wconf 74' lang='grc' dir='ltr'>νει-ο</span> <span class='ocrx_word' id='word_1_90' title='bbox 812 1692 897 1739; x_wconf 88' lang='lat' dir='ltr'><strong>ac</strong></span> <span class='ocrx_word' id='word_1_91' title='bbox 914 1667 1369 1765; x_wconf 83' lang='lat' dir='ltr'><strong>religionem,</strong></span> <span class='ocrx_word' id='word_1_92' title='bbox 1392 1665 1624 1765; x_wconf 89' lang='lat' dir='ltr'><strong>quod,</strong></span> <span class='ocrx_word' id='word_1_93' title='bbox 1635 1690 1886 1763; x_wconf 49' lang='lat' dir='ltr'><strong>,quum</strong></span> <span class='ocrx_word' id='word_1_94' title='bbox 1909 1665 2266 1737; x_wconf 83' lang='lat' dir='ltr'><strong>venissem</strong></span> <span class='ocrx_word' id='word_1_95' title='bbox 2291 1678 2586 1735; x_wconf 85' lang='lat' dir='ltr'><strong>senator</strong></span> 
     </span>
     <span class='ocr_line' id='line_1_14' title="bbox 442 1780 2586 1882; baseline -0.001 -31"><span class='ocrx_word' id='word_1_96' title='bbox 442 1780 535 1851; x_wconf 85' lang='lat' dir='ltr'><strong>ad</strong></span> <span class='ocrx_word' id='word_1_97' title='bbox 572 1784 807 1854; x_wconf 88' lang='lat' dir='ltr'><strong>socios</strong></span> <span class='ocrx_word' id='word_1_98' title='bbox 836 1782 1093 1882; x_wconf 89' lang='lat' dir='ltr'><strong>populi</strong></span> <span class='ocrx_word' id='word_1_99' title='bbox 1120 1786 1439 1868; x_wconf 85' lang='lat' dir='ltr'><strong>romani,</strong></span> <span class='ocrx_word' id='word_1_100' title='bbox 1482 1784 1614 1879; x_wconf 92' lang='lat' dir='ltr'><strong>qui</strong></span> <span class='ocrx_word' id='word_1_101' title='bbox 1646 1784 1724 1851; x_wconf 91' lang='lat' dir='ltr'><strong>in</strong></span> <span class='ocrx_word' id='word_1_102' title='bbox 1753 1805 1838 1852; x_wconf 87' lang='lat' dir='ltr'><strong>ea</strong></span> <span class='ocrx_word' id='word_1_103' title='bbox 1861 1780 2240 1879; x_wconf 80' lang='lat' dir='ltr'><strong>provincia</strong></span> <span class='ocrx_word' id='word_1_104' title='bbox 2267 1792 2586 1877; x_wconf 67' lang='lat' dir='ltr'><strong>quaestor</strong></span> 
     </span>
     <span class='ocr_line' id='line_1_15' title="bbox 444 1888 2673 1990; baseline -0.001 -29"><span class='ocrx_word' id='word_1_105' title='bbox 444 1888 769 1979; x_wconf 84' lang='lat' dir='ltr'><strong>fuissem,</strong></span> <span class='ocrx_word' id='word_1_106' title='bbox 796 1890 888 1963; x_wconf 87' lang='lat' dir='ltr'><strong>ad</strong></span> <span class='ocrx_word' id='word_1_107' title='bbox 920 1892 1241 1990; x_wconf 87' lang='lat' dir='ltr'><strong>hospites</strong></span> <span class='ocrx_word' id='word_1_108' title='bbox 1270 1914 1473 1987; x_wconf 88' lang='lat' dir='ltr'><strong>meos</strong></span> <span class='ocrx_word' id='word_1_109' title='bbox 1492 1902 1522 1947; x_wconf 73' lang='lat'><strong>‘7</strong></span> <span class='ocrx_word' id='word_1_110' title='bbox 1551 1914 1636 1961; x_wconf 87' lang='lat' dir='ltr'><strong>ae</strong></span> <span class='ocrx_word' id='word_1_111' title='bbox 1661 1890 2102 1962; x_wconf 88' lang='lat' dir='ltr'><strong>necessarios</strong></span> <span class='ocrx_word' id='word_1_112' title='bbox 2123 1914 2352 1967; x_wconf 78' lang='lat' dir='ltr'><strong>causae</strong></span> <span class='ocrx_word' id='word_1_113' title='bbox 2383 1913 2586 1961; x_wconf 86' lang='lat' dir='ltr'><strong>com·</strong></span> <span class='ocrx_word' id='word_1_114' title='bbox 2659 1940 2673 1947; x_wconf 89' lang='lat'>-</span> 
     </span>
     <span class='ocr_line' id='line_1_16' title="bbox 446 1999 2589 2099; baseline 0 -29"><span class='ocrx_word' id='word_1_115' title='bbox 446 2005 687 2072; x_wconf 90' lang='lat' dir='ltr'><strong>munis</strong></span> <span class='ocrx_word' id='word_1_116' title='bbox 728 2000 1069 2074; x_wconf 84' lang='lat' dir='ltr'><strong>defensor</strong></span> <span class='ocrx_word' id='word_1_117' title='bbox 1102 2000 1383 2073; x_wconf 82' lang='lat' dir='ltr'><strong>deverti</strong></span> <span class='ocrx_word' id='word_1_118' title='bbox 1418 2002 1704 2099; x_wconf 89' lang='lat' dir='ltr'><strong>potius,</strong></span> <span class='ocrx_word' id='word_1_119' title='bbox 1758 2024 1982 2097; x_wconf 89' lang='lat' dir='ltr'><strong>quam</strong></span> <span class='ocrx_word' id='word_1_120' title='bbox 2025 1999 2120 2072; x_wconf 90' lang='lat' dir='ltr'><strong>ad</strong></span> <span class='ocrx_word' id='word_1_121' title='bbox 2159 2023 2284 2073; x_wconf 91' lang='lat' dir='ltr'><strong>eos</strong></span> <span class='ocrx_word' id='word_1_122' title='bbox 2307 2055 2330 2087; x_wconf 93' lang='lat'><strong>,</strong></span> <span class='ocrx_word' id='word_1_123' title='bbox 2373 2002 2500 2098; x_wconf 91' lang='lat' dir='ltr'><strong>qui</strong></span> <span class='ocrx_word' id='word_1_124' title='bbox 2543 2023 2589 2071; x_wconf 84' lang='lat' dir='ltr'><strong>a</strong></span> 
     </span>
     <span class='ocr_line' id='line_1_17' title="bbox 446 2111 2588 2211; baseline 0 -31"><span class='ocrx_word' id='word_1_125' title='bbox 446 2134 565 2181; x_wconf 89' lang='lat' dir='ltr'><strong>me</strong></span> <span class='ocrx_word' id='word_1_126' title='bbox 608 2112 955 2185; x_wconf 84' lang='lat' dir='ltr'><strong>auxilium</strong></span> <span class='ocrx_word' id='word_1_127' title='bbox 1008 2114 1453 2211; x_wconf 87' lang='lat' dir='ltr'><strong>petivissent.</strong></span> <span class='ocrx_word' id='word_1_128' title='bbox 1503 2112 1794 2183; x_wconf 88' lang='lat' dir='ltr'><strong>Nemini</strong></span> <span class='ocrx_word' id='word_1_129' title='bbox 1841 2136 2048 2183; x_wconf 90' lang='lat' dir='ltr'><strong>meus</strong></span> <span class='ocrx_word' id='word_1_130' title='bbox 2090 2111 2447 2185; x_wconf 85' lang='lat' dir='ltr'><strong>adventus</strong></span> <span class='ocrx_word' id='word_1_131' title='bbox 2481 2111 2588 2181; x_wconf 86' lang='lat' dir='ltr'><strong>la-</strong></span> 
     </span>
     <span class='ocr_line' id='line_1_18' title="bbox 445 2219 2586 2323; baseline 0 -31"><span class='ocrx_word' id='word_1_132' title='bbox 445 2219 649 2310; x_wconf 86' lang='lat' dir='ltr'><strong>bori,</strong></span> <span class='ocrx_word' id='word_1_133' title='bbox 700 2238 829 2293; x_wconf 87' lang='lat' dir='ltr'><strong>aut</strong></span> <span class='ocrx_word' id='word_1_134' title='bbox 868 2226 1230 2323; x_wconf 89' lang='lat' dir='ltr'><strong>sumptui,</strong></span> <span class='ocrx_word' id='word_1_135' title='bbox 1272 2246 1516 2320; x_wconf 86' lang='lat' dir='ltr'><strong>neque</strong></span> <span class='ocrx_word' id='word_1_136' title='bbox 1550 2220 1878 2320; x_wconf 88' lang='lat' dir='ltr'><strong>publice,</strong></span> <span class='ocrx_word' id='word_1_137' title='bbox 1919 2246 2166 2319; x_wconf 85' lang='lat' dir='ltr'><strong>neque</strong></span> <span class='ocrx_word' id='word_1_138' title='bbox 2206 2222 2540 2320; x_wconf 86' lang='lat' dir='ltr'><strong>privatim</strong></span> <span class='ocrx_word' id='word_1_139' title='bbox 2565 2275 2586 2309; x_wconf 96' lang='lat'><strong>,</strong></span> 
     </span>
     <span class='ocr_line' id='line_1_19' title="bbox 446 2328 2592 2433; baseline 0 -32"><span class='ocrx_word' id='word_1_140' title='bbox 446 2328 607 2403; x_wconf 86' lang='lat' dir='ltr'><strong>fuit.</strong></span> <span class='ocrx_word' id='word_1_141' title='bbox 644 2336 811 2404; x_wconf 89' lang='lat' dir='ltr'><strong>Vim</strong></span> <span class='ocrx_word' id='word_1_142' title='bbox 840 2337 921 2405; x_wconf 88' lang='lat' dir='ltr'><strong>in</strong></span> <span class='ocrx_word' id='word_1_143' title='bbox 955 2331 1401 2433; x_wconf 87' lang='lat' dir='ltr'><strong>inquirendo</strong></span> <span class='ocrx_word' id='word_1_144' title='bbox 1432 2347 1708 2403; x_wconf 87' lang='lat' dir='ltr'><strong>tantam</strong></span> <span class='ocrx_word' id='word_1_145' title='bbox 1733 2330 2001 2422; x_wconf 87' lang='lat' dir='ltr'><strong>habui,</strong></span> <span class='ocrx_word' id='word_1_146' title='bbox 2035 2348 2382 2429; x_wconf 88' lang='lat' dir='ltr'><strong>quantam</strong></span> <span class='ocrx_word' id='word_1_147' title='bbox 2409 2331 2592 2401; x_wconf 88' lang='lat' dir='ltr'><strong>mihi</strong></span> 
     </span>
     <span class='ocr_line' id='line_1_20' title="bbox 446 2438 2590 2542; baseline 0.001 -33"><span class='ocrx_word' id='word_1_148' title='bbox 446 2438 565 2511; x_wconf 85' lang='lat' dir='ltr'><strong>lex</strong></span> <span class='ocrx_word' id='word_1_149' title='bbox 618 2440 877 2533; x_wconf 80' lang='lat' dir='ltr'><strong>dabat3</strong></span> <span class='ocrx_word' id='word_1_150' title='bbox 932 2468 1087 2515; x_wconf 88' lang='lat' dir='ltr'><strong>non</strong></span> <span class='ocrx_word' id='word_1_151' title='bbox 1140 2438 1538 2541; x_wconf 81' lang='lat' dir='ltr'><strong>quantam⁸</strong></span> <span class='ocrx_word' id='word_1_152' title='bbox 1576 2440 1846 2529; x_wconf 81' lang='lat' dir='ltr'><strong>habere</strong></span> <span class='ocrx_word' id='word_1_153' title='bbox 1902 2456 2232 2542; x_wconf 87' lang='lat' dir='ltr'><strong>poteram</strong></span> <span class='ocrx_word' id='word_1_154' title='bbox 2284 2446 2590 2513; x_wconf 89' lang='lat' dir='ltr'><strong>istorum</strong></span> 
     </span>
     <span class='ocr_line' id='line_1_21' title="bbox 446 2549 2590 2652; baseline 0.001 -31"><span class='ocrx_word' id='word_1_155' title='bbox 446 2549 721 2641; x_wconf 88' lang='lat' dir='ltr'><strong>studio,</strong></span> <span class='ocrx_word' id='word_1_156' title='bbox 758 2578 947 2652; x_wconf 90' lang='lat' dir='ltr'><strong>quos</strong></span> <span class='ocrx_word' id='word_1_157' title='bbox 992 2558 1129 2626; x_wconf 88' lang='lat' dir='ltr'><strong>iste</strong></span> <span class='ocrx_word' id='word_1_158' title='bbox 1160 2567 1473 2627; x_wconf 80' lang='lat' dir='ltr'><strong>vexarat.</strong></span> <span class='ocrx_word' id='word_1_159' title='bbox 1509 2558 1817 2623; x_wconf 81' lang='lat' dir='ltr'><strong>Romam</strong></span> <span class='ocrx_word' id='word_1_160' title='bbox 1859 2566 1942 2623; x_wconf 90' lang='lat' dir='ltr'><strong>ut</strong></span> <span class='ocrx_word' id='word_1_161' title='bbox 1977 2578 2066 2623; x_wconf 85' lang='lat' dir='ltr'><strong>ex</strong></span> <span class='ocrx_word' id='word_1_162' title='bbox 2099 2554 2337 2624; x_wconf 89' lang='lat' dir='ltr'><strong>Sicilia</strong></span> <span class='ocrx_word' id='word_1_163' title='bbox 2372 2552 2590 2642; x_wconf 88' lang='lat' dir='ltr'><strong>redii,</strong></span> 
     </span>
     <span class='ocr_line' id='line_1_22' title="bbox 447 2661 2592 2763; baseline 0.001 -31"><span class='ocrx_word' id='word_1_164' title='bbox 447 2684 680 2757; x_wconf 87' lang='lat' dir='ltr'><strong>quum</strong></span> <span class='ocrx_word' id='word_1_165' title='bbox 724 2668 857 2735; x_wconf 86' lang='lat' dir='ltr'><strong>iste</strong></span> <span class='ocrx_word' id='word_1_166' title='bbox 876 2720 897 2751; x_wconf 91' lang='lat'><strong>,</strong></span> <span class='ocrx_word' id='word_1_167' title='bbox 930 2678 1151 2763; x_wconf 86' lang='lat' dir='ltr'><strong>atque</strong></span> <span class='ocrx_word' id='word_1_168' title='bbox 1182 2668 1387 2735; x_wconf 88' lang='lat' dir='ltr'><strong>istius</strong></span> <span class='ocrx_word' id='word_1_169' title='bbox 1416 2664 1676 2749; x_wconf 87' lang='lat' dir='ltr'><strong>amici,</strong></span> <span class='ocrx_word' id='word_1_170' title='bbox 1713 2661 2050 2734; x_wconf 89' lang='lat' dir='ltr'><strong>homines</strong></span> <span class='ocrx_word' id='word_1_171' title='bbox 2091 2663 2318 2735; x_wconf 60' lang='lat' dir='ltr'><strong>lautis»</strong></span> <span class='ocrx_word' id='word_1_172' title='bbox 2357 2677 2432 2735; x_wconf 89' lang='lat' dir='ltr'><strong>et</strong></span> <span class='ocrx_word' id='word_1_173' title='bbox 2461 2689 2592 2735; x_wconf 88' lang='lat' dir='ltr'><strong>ur-</strong></span> 
     </span>
     <span class='ocr_line' id='line_1_23' title="bbox 448 2770 2592 2871; baseline 0.001 -30"><span class='ocrx_word' id='word_1_174' title='bbox 448 2770 651 2861; x_wconf 85' lang='lat' dir='ltr'><strong>bani,</strong></span> <span class='ocrx_word' id='word_1_175' title='bbox 680 2798 1054 2847; x_wconf 88' lang='lat' dir='ltr'><strong>sermones</strong></span> <span class='ocrx_word' id='word_1_176' title='bbox 1076 2772 1583 2871; x_wconf 81' lang='lat' dir='ltr'><strong>hujuscemodi</strong></span> <span class='ocrx_word' id='word_1_177' title='bbox 1604 2770 2104 2871; x_wconf 87' lang='lat' dir='ltr'><strong>dissipassent,</strong></span> <span class='ocrx_word' id='word_1_178' title='bbox 2135 2798 2289 2871; x_wconf 92' lang='lat' dir='ltr'><strong>quo</strong></span> <span class='ocrx_word' id='word_1_179' title='bbox 2311 2775 2592 2844; x_wconf 82' lang='lat' dir='ltr'><strong>animos</strong></span> 
     </span>
    </p>
   </div>
   <div class='ocr_carea' id='block_1_3' title="bbox 446 320 587 417">
    <p class='ocr_par' dir='ltr' id='par_1_3' title="bbox 446 320 587 417">
     <span class='ocr_line' id='line_1_24' title="bbox 446 320 587 417; baseline 0.007 -27"><span class='ocrx_word' id='word_1_180' title='bbox 446 320 587 417; x_wconf 77' lang='lat'><strong>296</strong></span> 
     </span>
    </p>
   </div>
   <div class='ocr_carea' id='block_1_4' title="bbox 442 2948 1477 4122">
    <p class='ocr_par' dir='ltr' id='par_1_4' title="bbox 442 2948 1473 3331">
     <span class='ocr_line' id='line_1_25' title="bbox 524 2948 1467 3013; baseline -0.001 -17"><span class='ocrx_word' id='word_1_181' title='bbox 524 2948 571 2997; x_wconf 81' lang='lat'><strong>5.</strong></span> <span class='ocrx_word' id='word_1_182' title='bbox 596 2949 833 3011; x_wconf 69' lang='lat' dir='ltr'><strong>Qua-seor.</strong></span> <span class='ocrx_word' id='word_1_183' title='bbox 852 2951 916 3013; x_wconf 90' lang='lat' dir='ltr'><strong>Q.</strong></span> <span class='ocrx_word' id='word_1_184' title='bbox 938 2949 1181 3001; x_wconf 70' lang='lat' dir='ltr'><strong>Cecilius.</strong></span> <span class='ocrx_word' id='word_1_185' title='bbox 1201 2952 1467 3005; x_wconf 57' lang='lat' dir='ltr'><strong>——Justaa</strong></span> 
     </span>
     <span class='ocr_line' id='line_1_26' title="bbox 448 3028 1470 3079; baseline 0 -2"><span class='ocrx_word' id='word_1_186' title='bbox 448 3030 549 3077; x_wconf 79' lang='lat' dir='ltr'><strong>Has</strong></span> <span class='ocrx_word' id='word_1_187' title='bbox 590 3028 739 3076; x_wconf 74' lang='lat' dir='ltr'><strong>fuisse</strong></span> <span class='ocrx_word' id='word_1_188' title='bbox 776 3030 1025 3078; x_wconf 70' lang='lat' dir='ltr'><strong>simulata·</strong></span> <span class='ocrx_word' id='word_1_189' title='bbox 1060 3029 1187 3079; x_wconf 76' lang='lat' dir='ltr'><strong>dixit</strong></span> <span class='ocrx_word' id='word_1_190' title='bbox 1218 3029 1273 3076; x_wconf 84' lang='lat' dir='ltr'><strong>in</strong></span> <span class='ocrx_word' id='word_1_191' title='bbox 1298 3028 1470 3077; x_wconf 80' lang='lat' dir='ltr'><strong>Divin.</strong></span> 
     </span>
     <span class='ocr_line' id='line_1_27' title="bbox 446 3108 1473 3173; baseline 0 -18"><span class='ocrx_word' id='word_1_192' title='bbox 446 3124 595 3173; x_wconf 86' lang='lat' dir='ltr'><strong>quam</strong></span> <span class='ocrx_word' id='word_1_193' title='bbox 615 3108 677 3157; x_wconf 86' lang='lat' dir='ltr'><strong>de</strong></span> <span class='ocrx_word' id='word_1_194' title='bbox 698 3109 798 3158; x_wconf 83' lang='lat' dir='ltr'><strong>hoe</strong></span> <span class='ocrx_word' id='word_1_195' title='bbox 820 3120 927 3157; x_wconf 90' lang='lat' dir='ltr'><strong>toto</strong></span> <span class='ocrx_word' id='word_1_196' title='bbox 946 3110 1061 3157; x_wconf 86' lang='lat' dir='ltr'><strong>loeo</strong></span> <span class='ocrx_word' id='word_1_197' title='bbox 1084 3108 1304 3159; x_wconf 82' lang='lat' dir='ltr'><strong>consule.</strong></span> <span class='ocrx_word' id='word_1_198' title='bbox 1323 3108 1473 3157; x_wconf 85' lang='lat' dir='ltr'><strong>Nunc</strong></span> 
     </span>
     <span class='ocr_line' id='line_1_28' title="bbox 447 3187 1473 3252; baseline -0.001 -17"><span class='ocrx_word' id='word_1_199' title='bbox 447 3202 569 3235; x_wconf 78' lang='lat' dir='ltr'><strong>vero</strong></span> <span class='ocrx_word' id='word_1_200' title='bbox 597 3187 733 3236; x_wconf 82' lang='lat' dir='ltr'><strong>aliud</strong></span> <span class='ocrx_word' id='word_1_201' title='bbox 756 3200 1093 3252; x_wconf 74' lang='lat' dir='ltr'><strong>argumentum</strong></span> <span class='ocrx_word' id='word_1_202' title='bbox 1122 3188 1342 3237; x_wconf 68' lang='lat' dir='ltr'><strong>victoriae</strong></span> <span class='ocrx_word' id='word_1_203' title='bbox 1370 3203 1473 3235; x_wconf 66' lang='lat' dir='ltr'><strong>suae</strong></span> 
     </span>
     <span class='ocr_line' id='line_1_29' title="bbox 442 3268 613 3331; baseline 0 -16"><span class='ocrx_word' id='word_1_204' title='bbox 442 3268 613 3331; x_wconf 83' lang='lat' dir='ltr'><strong>aperit.</strong></span> 
     </span>
    </p>

    <p class='ocr_par' dir='ltr' id='par_1_5' title="bbox 444 3346 1467 3491">
     <span class='ocr_line' id='line_1_30' title="bbox 514 3346 1467 3409; baseline 0.002 -16"><span class='ocrx_word' id='word_1_205' title='bbox 514 3346 569 3395; x_wconf 83' lang='lat'><strong>6.</strong></span> <span class='ocrx_word' id='word_1_206' title='bbox 592 3346 823 3395; x_wconf 74' lang='lat' dir='ltr'><strong>Celer-itas</strong></span> <span class='ocrx_word' id='word_1_207' title='bbox 840 3346 1109 3398; x_wconf 76' lang='lat' dir='ltr'><strong>reditionis.</strong></span> <span class='ocrx_word' id='word_1_208' title='bbox 1124 3347 1291 3409; x_wconf 85' lang='lat' dir='ltr'><strong>Quum</strong></span> <span class='ocrx_word' id='word_1_209' title='bbox 1313 3357 1467 3396; x_wconf 78' lang='lat' dir='ltr'><strong>totam</strong></span> 
     </span>
     <span class='ocr_line' id='line_1_31' title="bbox 444 3424 1467 3491; baseline 0 -16"><span class='ocrx_word' id='word_1_210' title='bbox 444 3424 660 3475; x_wconf 84' lang='lat' dir='ltr'><strong>Siciliam</strong></span> <span class='ocrx_word' id='word_1_211' title='bbox 688 3428 1040 3491; x_wconf 80' lang='lat' dir='ltr'><strong>quinquaginta</strong></span> <span class='ocrx_word' id='word_1_212' title='bbox 1068 3426 1240 3475; x_wconf 82' lang='lat' dir='ltr'><strong>diebus</strong></span> <span class='ocrx_word' id='word_1_213' title='bbox 1269 3425 1467 3475; x_wconf 84' lang='lat' dir='ltr'><strong>obierit.</strong></span> 
     </span>
    </p>

    <p class='ocr_par' dir='ltr' id='par_1_6' title="bbox 444 3505 1475 3869">
     <span class='ocr_line' id='line_1_32' title="bbox 522 3505 1471 3569; baseline 0 -16"><span class='ocrx_word' id='word_1_214' title='bbox 522 3522 572 3567; x_wconf 75' lang='lat'><strong>⁰7.</strong></span> <span class='ocrx_word' id='word_1_215' title='bbox 598 3506 687 3553; x_wconf 81' lang='lat' dir='ltr'><strong>Ad</strong></span> <span class='ocrx_word' id='word_1_216' title='bbox 708 3506 922 3569; x_wconf 72' lang='lat' dir='ltr'><strong>hospites</strong></span> <span class='ocrx_word' id='word_1_217' title='bbox 944 3522 1092 3557; x_wconf 75' lang='lat' dir='ltr'><strong>meos.</strong></span> <span class='ocrx_word' id='word_1_218' title='bbox 1116 3506 1187 3556; x_wconf 83' lang='lat' dir='ltr'><strong>Ut</strong></span> <span class='ocrx_word' id='word_1_219' title='bbox 1212 3522 1275 3553; x_wconf 86' lang='lat' dir='ltr'><strong>ne</strong></span> <span class='ocrx_word' id='word_1_220' title='bbox 1298 3505 1471 3563; x_wconf 81' lang='lat' dir='ltr'><strong>umbra</strong></span> 
     </span>
     <span class='ocr_line' id='line_1_33' title="bbox 444 3582 1474 3650; baseline -0.002 -17"><span class='ocrx_word' id='word_1_221' title='bbox 444 3584 643 3646; x_wconf 76' lang='lat' dir='ltr'><strong>quidem</strong></span> <span class='ocrx_word' id='word_1_222' title='bbox 658 3586 955 3650; x_wconf 67' lang='lat' dir='ltr'><strong>suspicionis</strong></span> <span class='ocrx_word' id='word_1_223' title='bbox 970 3586 1025 3632; x_wconf 86' lang='lat' dir='ltr'><strong>in</strong></span> <span class='ocrx_word' id='word_1_224' title='bbox 1050 3602 1157 3633; x_wconf 87' lang='lat' dir='ltr'><strong>mea</strong></span> <span class='ocrx_word' id='word_1_225' title='bbox 1178 3582 1278 3631; x_wconf 83' lang='lat' dir='ltr'><strong>fide</strong></span> <span class='ocrx_word' id='word_1_226' title='bbox 1298 3584 1474 3632; x_wconf 84' lang='lat' dir='ltr'><strong>reside-</strong></span> 
     </span>
     <span class='ocr_line' id='line_1_34' title="bbox 446 3662 1475 3729; baseline 0.004 -20"><span class='ocrx_word' id='word_1_227' title='bbox 446 3671 519 3709; x_wconf 85' lang='lat' dir='ltr'><strong>ret</strong></span> <span class='ocrx_word' id='word_1_228' title='bbox 540 3698 557 3721; x_wconf 95' lang='lat'><strong>,</strong></span> <span class='ocrx_word' id='word_1_229' title='bbox 590 3680 713 3711; x_wconf 82' lang='lat' dir='ltr'><strong>neve</strong></span> <span class='ocrx_word' id='word_1_230' title='bbox 740 3682 817 3713; x_wconf 88' lang='lat' dir='ltr'><strong>me</strong></span> <span class='ocrx_word' id='word_1_231' title='bbox 847 3666 999 3729; x_wconf 80' lang='lat' dir='ltr'><strong>gratia</strong></span> <span class='ocrx_word' id='word_1_232' title='bbox 1038 3676 1123 3712; x_wconf 87' lang='lat' dir='ltr'><strong>aut</strong></span> <span class='ocrx_word' id='word_1_233' title='bbox 1164 3665 1369 3727; x_wconf 70' lang='lat' dir='ltr'><strong>pecunia</strong></span> <span class='ocrx_word' id='word_1_234' title='bbox 1410 3662 1475 3713; x_wconf 82' lang='lat' dir='ltr'><strong>ad</strong></span> 
     </span>
     <span class='ocr_line' id='line_1_35' title="bbox 446 3742 1475 3793; baseline 0.002 -5"><span class='ocrx_word' id='word_1_235' title='bbox 446 3744 773 3791; x_wconf 81' lang='lat' dir='ltr'><strong>accusandum</strong></span> <span class='ocrx_word' id='word_1_236' title='bbox 796 3747 996 3793; x_wconf 83' lang='lat' dir='ltr'><strong>Verrem</strong></span> <span class='ocrx_word' id='word_1_237' title='bbox 1021 3743 1281 3791; x_wconf 78' lang='lat' dir='ltr'><strong>inductum</strong></span> <span class='ocrx_word' id='word_1_238' title='bbox 1307 3742 1475 3791; x_wconf 84' lang='lat' dir='ltr'><strong>crede·</strong></span> 
     </span>
     <span class='ocr_line' id='line_1_36' title="bbox 444 3830 593 3869; baseline 0.02 -3"><span class='ocrx_word' id='word_1_239' title='bbox 444 3830 593 3869; x_wconf 78' lang='lat' dir='ltr'><strong>retur.</strong></span> 
     </span>
    </p>

    <p class='ocr_par' dir='ltr' id='par_1_7' title="bbox 446 3900 1477 4122">
     <span class='ocr_line' id='line_1_37' title="bbox 522 3900 1473 3965; baseline 0.002 -19"><span class='ocrx_word' id='word_1_240' title='bbox 522 3901 571 3947; x_wconf 86' lang='lat'><strong>8.</strong></span> <span class='ocrx_word' id='word_1_241' title='bbox 616 3900 729 3947; x_wconf 79' lang='lat' dir='ltr'><strong>Non</strong></span> <span class='ocrx_word' id='word_1_242' title='bbox 757 3914 1011 3965; x_wconf 80' lang='lat' dir='ltr'><strong>quantam.</strong></span> <span class='ocrx_word' id='word_1_243' title='bbox 1040 3901 1271 3950; x_wconf 75' lang='lat' dir='ltr'><strong>Ostendit</strong></span> <span class='ocrx_word' id='word_1_244' title='bbox 1297 3902 1473 3956; x_wconf 78' lang='lat' dir='ltr'><strong>Cicero</strong></span> 
     </span>
     <span class='ocr_line' id='line_1_38' title="bbox 450 3981 1477 4045; baseline 0.003 -20"><span class='ocrx_word' id='word_1_245' title='bbox 450 3996 501 4025; x_wconf 79' lang='lat' dir='ltr'><strong>se</strong></span> <span class='ocrx_word' id='word_1_246' title='bbox 540 3995 646 4027; x_wconf 88' lang='lat' dir='ltr'><strong>non</strong></span> <span class='ocrx_word' id='word_1_247' title='bbox 694 3981 846 4027; x_wconf 83' lang='lat' dir='ltr'><strong>nimio</strong></span> <span class='ocrx_word' id='word_1_248' title='bbox 886 3981 1055 4031; x_wconf 87' lang='lat' dir='ltr'><strong>studio</strong></span> <span class='ocrx_word' id='word_1_249' title='bbox 1104 3992 1189 4029; x_wconf 85' lang='lat' dir='ltr'><strong>aut</strong></span> <span class='ocrx_word' id='word_1_250' title='bbox 1236 3993 1477 4045; x_wconf 76' lang='lat' dir='ltr'><strong>apparatu</strong></span> 
     </span>
     <span class='ocr_line' id='line_1_39' title="bbox 446 4058 1472 4122; baseline 0.003 -17"><span class='ocrx_word' id='word_1_251' title='bbox 446 4058 499 4106; x_wconf 87' lang='lat' dir='ltr'><strong>in</strong></span> <span class='ocrx_word' id='word_1_252' title='bbox 530 4061 730 4107; x_wconf 85' lang='lat' dir='ltr'><strong>Verrem</strong></span> <span class='ocrx_word' id='word_1_253' title='bbox 766 4060 1024 4122; x_wconf 73' lang='lat' dir='ltr'><strong>inquisisse</strong></span> <span class='ocrx_word' id='word_1_254' title='bbox 1041 4093 1058 4119; x_wconf 92' lang='lat'><strong>,</strong></span> <span class='ocrx_word' id='word_1_255' title='bbox 1098 4060 1183 4107; x_wconf 84' lang='lat' dir='ltr'><strong>sed</strong></span> <span class='ocrx_word' id='word_1_256' title='bbox 1216 4072 1472 4109; x_wconf 76' lang='lat' dir='ltr'><strong>accusato-</strong></span> 
     </span>
    </p>
   </div>
   <div class='ocr_carea' id='block_1_5' title="bbox 1557 2946 2598 4123">
    <p class='ocr_par' dir='ltr' id='par_1_8' title="bbox 1557 2946 2596 4045">
     <span class='ocr_line' id='line_1_40' title="bbox 1565 2946 2594 3011; baseline -0.002 -14"><span class='ocrx_word' id='word_1_257' title='bbox 1565 2948 1644 2997; x_wconf 84' lang='lat' dir='ltr'><strong>rio</strong></span> <span class='ocrx_word' id='word_1_258' title='bbox 1671 2948 1784 3009; x_wconf 83' lang='lat' dir='ltr'><strong>jure</strong></span> <span class='ocrx_word' id='word_1_259' title='bbox 1831 2946 2052 2996; x_wconf 81' lang='lat' dir='ltr'><strong>modeste</strong></span> <span class='ocrx_word' id='word_1_260' title='bbox 2090 2963 2234 2997; x_wconf 83' lang='lat' dir='ltr'><strong>usum</strong></span> <span class='ocrx_word' id='word_1_261' title='bbox 2271 2949 2398 2995; x_wconf 82' lang='lat' dir='ltr'><strong>iutra</strong></span> <span class='ocrx_word' id='word_1_262' title='bbox 2433 2947 2594 3011; x_wconf 69' lang='lat' dir='ltr'><strong>legun</strong></span> 
     </span>
     <span class='ocr_line' id='line_1_41' title="bbox 1560 3026 2592 3087; baseline -0.003 -10"><span class='ocrx_word' id='word_1_263' title='bbox 1560 3044 1666 3077; x_wconf 82' lang='lat' dir='ltr'><strong>sese</strong></span> <span class='ocrx_word' id='word_1_264' title='bbox 1711 3028 2042 3087; x_wconf 67' lang='lat' dir='ltr'><strong>continuisse,</strong></span> <span class='ocrx_word' id='word_1_265' title='bbox 2087 3039 2138 3076; x_wconf 91' lang='lat' dir='ltr'><strong>et</strong></span> <span class='ocrx_word' id='word_1_266' title='bbox 2179 3045 2230 3077; x_wconf 86' lang='lat' dir='ltr'><strong>se</strong></span> <span class='ocrx_word' id='word_1_267' title='bbox 2265 3039 2370 3075; x_wconf 87' lang='lat' dir='ltr'><strong>tum</strong></span> <span class='ocrx_word' id='word_1_268' title='bbox 2397 3026 2592 3076; x_wconf 76' lang='lat' dir='ltr'><strong>fidelem</strong></span> 
     </span>
     <span class='ocr_line' id='line_1_42' title="bbox 1561 3106 2592 3172; baseline -0.002 -17"><span class='ocrx_word' id='word_1_269' title='bbox 1561 3122 1674 3171; x_wconf 80' lang='lat' dir='ltr'><strong>erga</strong></span> <span class='ocrx_word' id='word_1_270' title='bbox 1691 3106 1882 3155; x_wconf 80' lang='lat' dir='ltr'><strong>Simlos</strong></span> <span class='ocrx_word' id='word_1_271' title='bbox 1907 3119 2174 3172; x_wconf 83' lang='lat' dir='ltr'><strong>patronum</strong></span> <span class='ocrx_word' id='word_1_272' title='bbox 2202 3108 2469 3165; x_wconf 71' lang='lat' dir='ltr'><strong>exstitisse,</strong></span> <span class='ocrx_word' id='word_1_273' title='bbox 2486 3118 2592 3154; x_wconf 82' lang='lat' dir='ltr'><strong>tum</strong></span> 
     </span>
     <span class='ocr_line' id='line_1_43' title="bbox 1560 3186 2594 3250; baseline -0.004 -14"><span class='ocrx_word' id='word_1_274' title='bbox 1560 3187 1708 3236; x_wconf 82' lang='lat' dir='ltr'><strong>etiam</strong></span> <span class='ocrx_word' id='word_1_275' title='bbox 1727 3202 1830 3234; x_wconf 79' lang='lat' dir='ltr'><strong>non</strong></span> <span class='ocrx_word' id='word_1_276' title='bbox 1857 3187 2080 3250; x_wconf 85' lang='lat' dir='ltr'><strong>iniquum</strong></span> <span class='ocrx_word' id='word_1_277' title='bbox 2106 3186 2158 3235; x_wconf 85' lang='lat' dir='ltr'><strong>in</strong></span> <span class='ocrx_word' id='word_1_278' title='bbox 2177 3190 2380 3235; x_wconf 80' lang='lat' dir='ltr'><strong>Verrem</strong></span> <span class='ocrx_word' id='word_1_279' title='bbox 2398 3202 2594 3233; x_wconf 82' lang='lat' dir='ltr'><strong>accusa-</strong></span> 
     </span>
     <span class='ocr_line' id='line_1_44' title="bbox 1561 3265 2594 3326; baseline 0 -13"><span class='ocrx_word' id='word_1_280' title='bbox 1561 3276 1734 3314; x_wconf 83' lang='lat' dir='ltr'><strong>torem.</strong></span> <span class='ocrx_word' id='word_1_281' title='bbox 1771 3265 1824 3315; x_wconf 80' lang='lat' dir='ltr'><strong>Si</strong></span> <span class='ocrx_word' id='word_1_282' title='bbox 1863 3265 1994 3315; x_wconf 84' lang='lat' dir='ltr'><strong>enim</strong></span> <span class='ocrx_word' id='word_1_283' title='bbox 2034 3267 2212 3315; x_wconf 82' lang='lat' dir='ltr'><strong>Siculis</strong></span> <span class='ocrx_word' id='word_1_284' title='bbox 2247 3266 2449 3326; x_wconf 78' lang='lat' dir='ltr'><strong>injurias</strong></span> <span class='ocrx_word' id='word_1_285' title='bbox 2481 3282 2594 3313; x_wconf 86' lang='lat' dir='ltr'><strong>suas</strong></span> 
     </span>
     <span class='ocr_line' id='line_1_45' title="bbox 1561 3344 2594 3409; baseline -0.001 -16"><span class='ocrx_word' id='word_1_286' title='bbox 1561 3345 1734 3395; x_wconf 76' lang='lat' dir='ltr'><strong>ulcisci</strong></span> <span class='ocrx_word' id='word_1_287' title='bbox 1755 3344 2066 3409; x_wconf 80' lang='lat' dir='ltr'><strong>cupientibus</strong></span> <span class='ocrx_word' id='word_1_288' title='bbox 2085 3362 2192 3393; x_wconf 82' lang='lat' dir='ltr'><strong>mos</strong></span> <span class='ocrx_word' id='word_1_289' title='bbox 2217 3344 2458 3409; x_wconf 82' lang='lat' dir='ltr'><strong>gerendus</strong></span> <span class='ocrx_word' id='word_1_290' title='bbox 2481 3345 2594 3392; x_wconf 81' lang='lat' dir='ltr'><strong>fuis-</strong></span> 
     </span>
     <span class='ocr_line' id='line_1_46' title="bbox 1557 3423 2590 3488; baseline 0 -15"><span class='ocrx_word' id='word_1_291' title='bbox 1557 3436 1631 3473; x_wconf 83' lang='lat' dir='ltr'><strong>set</strong></span> <span class='ocrx_word' id='word_1_292' title='bbox 1645 3459 1661 3483; x_wconf 92' lang='lat'><strong>,</strong></span> <span class='ocrx_word' id='word_1_293' title='bbox 1682 3424 1838 3474; x_wconf 80' lang='lat' dir='ltr'><strong>multo</strong></span> <span class='ocrx_word' id='word_1_294' title='bbox 1856 3424 1996 3488; x_wconf 85' lang='lat' dir='ltr'><strong>plura</strong></span> <span class='ocrx_word' id='word_1_295' title='bbox 2013 3441 2040 3472; x_wconf 98' lang='lat' dir='ltr'><strong>a</strong></span> <span class='ocrx_word' id='word_1_296' title='bbox 2057 3424 2338 3473; x_wconf 72' lang='lat' dir='ltr'><strong>volentibus</strong></span> <span class='ocrx_word' id='word_1_297' title='bbox 2359 3423 2590 3487; x_wconf 80' lang='lat' dir='ltr'><strong>colligere</strong></span> 
     </span>
     <span class='ocr_line' id='line_1_47' title="bbox 1560 3504 2592 3569; baseline -0.002 -16"><span class='ocrx_word' id='word_1_298' title='bbox 1560 3505 1819 3569; x_wconf 83' lang='lat' dir='ltr'><strong>potuisset.</strong></span> <span class='ocrx_word' id='word_1_299' title='bbox 1841 3504 1972 3552; x_wconf 77' lang='lat' dir='ltr'><strong>Vide</strong></span> <span class='ocrx_word' id='word_1_300' title='bbox 1993 3504 2115 3568; x_wconf 84' lang='lat' dir='ltr'><strong>quid</strong></span> <span class='ocrx_word' id='word_1_301' title='bbox 2142 3504 2203 3552; x_wconf 86' lang='lat' dir='ltr'><strong>de</strong></span> <span class='ocrx_word' id='word_1_302' title='bbox 2227 3505 2372 3551; x_wconf 75' lang='lat' dir='ltr'><strong>nimia</strong></span> <span class='ocrx_word' id='word_1_303' title='bbox 2396 3520 2592 3551; x_wconf 80' lang='lat' dir='ltr'><strong>aecusa-</strong></span> 
     </span>
     <span class='ocr_line' id='line_1_48' title="bbox 1561 3583 2595 3649; baseline -0.002 -16"><span class='ocrx_word' id='word_1_304' title='bbox 1561 3596 1724 3635; x_wconf 81' lang='lat' dir='ltr'><strong>tomm</strong></span> <span class='ocrx_word' id='word_1_305' title='bbox 1762 3585 2014 3632; x_wconf 82' lang='lat' dir='ltr'><strong>severitate</strong></span> <span class='ocrx_word' id='word_1_306' title='bbox 2055 3583 2214 3645; x_wconf 82' lang='lat' dir='ltr'><strong>dieat,</strong></span> <span class='ocrx_word' id='word_1_307' title='bbox 2254 3600 2348 3649; x_wconf 86' lang='lat' dir='ltr'><strong>pro</strong></span> <span class='ocrx_word' id='word_1_308' title='bbox 2392 3584 2595 3646; x_wconf 73' lang='lat' dir='ltr'><strong>Flacco,</strong></span> 
     </span>
     <span class='ocr_line' id='line_1_49' title="bbox 1559 3663 2594 3727; baseline 0 -16"><span class='ocrx_word' id='word_1_309' title='bbox 1559 3680 1714 3727; x_wconf 86' lang='lat' dir='ltr'><strong>quum</strong></span> <span class='ocrx_word' id='word_1_310' title='bbox 1739 3663 1940 3711; x_wconf 80' lang='lat' dir='ltr'><strong>Laelium</strong></span> <span class='ocrx_word' id='word_1_311' title='bbox 1967 3664 2130 3711; x_wconf 80' lang='lat' dir='ltr'><strong>Flacci</strong></span> <span class='ocrx_word' id='word_1_312' title='bbox 2158 3673 2486 3711; x_wconf 75' lang='lat' dir='ltr'><strong>accusatorem</strong></span> <span class='ocrx_word' id='word_1_313' title='bbox 2523 3664 2594 3711; x_wconf 83' lang='lat' dir='ltr'><strong>ita</strong></span> 
     </span>
     <span class='ocr_line' id='line_1_50' title="bbox 1565 3742 2596 3805; baseline -0.001 -15"><span class='ocrx_word' id='word_1_314' title='bbox 1565 3742 1800 3791; x_wconf 77' lang='lat' dir='ltr'><strong>describit</strong></span> <span class='ocrx_word' id='word_1_315' title='bbox 1826 3758 1840 3791; x_wconf 92' lang='lat'>:</span> <span class='ocrx_word' id='word_1_316' title='bbox 1885 3764 1912 3784; x_wconf 72' lang='lat' dir='ltr'><strong>er</strong></span> <span class='ocrx_word' id='word_1_317' title='bbox 1929 3744 2030 3805; x_wconf 87' lang='lat' dir='ltr'><strong>Qui</strong></span> <span class='ocrx_word' id='word_1_318' title='bbox 2059 3743 2326 3791; x_wconf 73' lang='lat' dir='ltr'><strong>comitatus</strong></span> <span class='ocrx_word' id='word_1_319' title='bbox 2351 3742 2406 3789; x_wconf 83' lang='lat' dir='ltr'><strong>in</strong></span> <span class='ocrx_word' id='word_1_320' title='bbox 2431 3743 2596 3805; x_wconf 83' lang='lat' dir='ltr'><strong>inqui-</strong></span> 
     </span>
     <span class='ocr_line' id='line_1_51' title="bbox 1564 3822 2594 3878; baseline -0.002 -9"><span class='ocrx_word' id='word_1_321' title='bbox 1564 3822 1754 3871; x_wconf 83' lang='lat' dir='ltr'><strong>rendo?</strong></span> <span class='ocrx_word' id='word_1_322' title='bbox 1789 3822 2088 3871; x_wconf 84' lang='lat' dir='ltr'><strong>Comitatum</strong></span> <span class='ocrx_word' id='word_1_323' title='bbox 2119 3822 2234 3871; x_wconf 86' lang='lat' dir='ltr'><strong>dico</strong></span> <span class='ocrx_word' id='word_1_324' title='bbox 2249 3823 2274 3868; x_wconf 67' lang='grc' dir='ltr'><strong><em>ἓ</em></strong></span> <span class='ocrx_word' id='word_1_325' title='bbox 2318 3822 2417 3868; x_wconf 85' lang='lat' dir='ltr'><strong>imo</strong></span> <span class='ocrx_word' id='word_1_326' title='bbox 2443 3836 2564 3867; x_wconf 80' lang='lat' dir='ltr'><strong>vero</strong></span> <span class='ocrx_word' id='word_1_327' title='bbox 2577 3852 2594 3878; x_wconf 82' lang='lat'><strong>,</strong></span> 
     </span>
     <span class='ocr_line' id='line_1_52' title="bbox 1563 3901 2594 3967; baseline -0.004 -16"><span class='ocrx_word' id='word_1_328' title='bbox 1563 3903 1735 3967; x_wconf 76' lang='lat' dir='ltr'><strong>quanti</strong></span> <span class='ocrx_word' id='word_1_329' title='bbox 1782 3902 2059 3950; x_wconf 82' lang='lat' dir='ltr'><strong>exereitus?</strong></span> <span class='ocrx_word' id='word_1_330' title='bbox 2097 3918 2208 3965; x_wconf 77' lang='lat' dir='ltr'><strong>quoe</strong></span> <span class='ocrx_word' id='word_1_331' title='bbox 2243 3901 2473 3961; x_wconf 77' lang='lat' dir='ltr'><strong>jactura?</strong></span> <span class='ocrx_word' id='word_1_332' title='bbox 2505 3901 2594 3963; x_wconf 79' lang='lat' dir='ltr'><strong>qui</strong></span> 
     </span>
     <span class='ocr_line' id='line_1_53' title="bbox 1563 3984 1993 4045; baseline -0.002 -16"><span class='ocrx_word' id='word_1_333' title='bbox 1563 3992 1786 4045; x_wconf 82' lang='lat' dir='ltr'><strong>sumptus</strong></span> <span class='ocrx_word' id='word_1_334' title='bbox 1800 3984 1824 4028; x_wconf 63' lang='grc' dir='ltr'><strong>Ξ&gt;</strong></span> <span class='ocrx_word' id='word_1_335' title='bbox 1848 3994 1946 4029; x_wconf 88' lang='lat' dir='ltr'><strong>ete.</strong></span> <span class='ocrx_word' id='word_1_336' title='bbox 1968 4004 1993 4022; x_wconf 75' lang='lat' dir='ltr'>n</span> 
     </span>
    </p>

    <p class='ocr_par' dir='ltr' id='par_1_9' title="bbox 1636 4056 2598 4123">
     <span class='ocr_line' id='line_1_54' title="bbox 1636 4056 2598 4123; baseline -0.006 -13"><span class='ocrx_word' id='word_1_337' title='bbox 1636 4076 1689 4123; x_wconf 87' lang='lat'><strong>9.</strong></span> <span class='ocrx_word' id='word_1_338' title='bbox 1711 4060 1878 4109; x_wconf 77' lang='lat' dir='ltr'><strong>Lami.</strong></span> <span class='ocrx_word' id='word_1_339' title='bbox 1897 4061 1987 4108; x_wconf 81' lang='lat' dir='ltr'><strong>His</strong></span> <span class='ocrx_word' id='word_1_340' title='bbox 2007 4059 2166 4109; x_wconf 84' lang='lat' dir='ltr'><strong>verbis</strong></span> <span class='ocrx_word' id='word_1_341' title='bbox 2185 4059 2434 4123; x_wconf 72' lang='lat' dir='ltr'><strong>praecipue</strong></span> <span class='ocrx_word' id='word_1_342' title='bbox 2453 4056 2598 4123; x_wconf 81' lang='lat' dir='ltr'><strong>signi-</strong></span> 
     </span>
    </p>
   </div>
  </div>
 </body>
</html>
