2984 4684
508 326 651 416 49²
1166 323 1264 390 M.
1314 321 1391 389 T.
1446 323 2006 393 CICERONIS

502 444 859 515 adessent.
918 441 1175 512 Videte
1228 443 1648 539 gravitatem
1701 445 2004 514 civitatis
2055 457 2130 514 et
2175 443 2656 541 dignitatem:

510 577 750 650 neque
788 576 907 622 eas
958 556 1035 623 in
1092 550 1277 622 urbe
1312 577 1443 624 sua
1486 567 1760 626 statuas
1809 577 1966 626 esse
2009 553 2424 652 voluerant,
2465 581 2658 653 quas

507 663 756 751 inviti,
814 685 945 758 per
1001 663 1145 732 vim
1192 677 1414 760 atque
1470 668 1898 763 imperium,
1941 663 2345 755 dedissent3
2401 691 2656 764 neque

510 773 671 868 ejus
696 772 1041 860 hominis,
1086 779 1163 846 in
1203 799 1425 871 quem
1462 778 1630 875 ipsi,
1663 802 1834 850 cum
1867 779 2286 875 gravissimo
2315 785 2656 850 testimo·

510 885 703 968 nio¹,
720 883 1032 982 publice,
1062 886 1265 982 quod
1296 909 1696 984 numquam
1729 903 1964 975 antea,
1981 892 2286 960 Romam
2312 887 2656 962 mandata

506 993 929 1121 legatosque
967 999 1377 1068 misissent:
1426 1011 1502 1070 et
1539 997 1610 1068 id
1661 1001 1948 1096 gravius
1983 1021 2138 1072 esse
2175 1014 2655 1097 putaverunt,

506 1107 567 1176 si
610 1103 907 1203 publico
941 1107 1276 1192 consiliO,
1310 1131 1528 1204 quam
1567 1111 1626 1179 si
1669 1133 1799 1206 per
1831 1113 1978 1179 vim
2017 1105 2507 1180 multitudinis
2539 1107 2654 1179 fa·-

508 1231 710 1288 ctum
748 1214 1138 1288 videretur
1194 1219 1443 1307 Quum
1486 1218 1631 1290 hoc
1666 1219 1968 1290 consilio
2005 1233 2275 1291 statuas
2309 1221 2656 1290 Centuri-

506 1324 661 1423 pini
684 1324 975 1424 publice
996 1327 1476 1416 sustulissent,
1494 1327 1695 1401 audit
1713 1329 2048 1401 Metellus
2079 1357 2096 1400 ε
2132 1335 2440 1426 graviter
2467 1327 2655 1400 fert:

512 1450 763 1507 evocat
814 1435 901 1508 ad
942 1461 1019 1508 se
1072 1441 1632 1537 Centuripinum
1678 1445 2214 1539 magistratum,
2255 1455 2330 1512 et
2369 1441 2660 1512 decem-

509 1547 783 1643 primos
804 1557 833 1590 ²
858 1573 873 1616 ε
896 1549 1029 1619 nisi
1064 1550 1550 1621 restituissent
1583 1565 1885 1637 statuas,
1919 1551 2390 1624 vehementer
2410 1551 2500 1621 iis
2523 1552 2662 1620 mi-

506 1669 743 1728 natur.
780 1656 891 1728 Illi
922 1657 1012 1730 ad
1050 1674 1381 1730 senatum
1414 1665 1860 1732 renuntiant.
1898 1663 2198 1747 Statuae,
2233 1683 2400 1757 quae
2443 1659 2662 1730 istius

511 1791 739 1838 causae
780 1766 959 1839 nihil
1002 1767 1429 1867 prodessent
1450 1824 1470 1858 ,
1513 1785 1974 1868 reponuntur
2017 1799 2034 1842 ε
2077 1768 2366 1842 decreta
2386 1767 2416 1813 ³
2459 1773 2658 1841 Cen-

513 1878 997 1974 turipinorum
1011 1933 1031 1967 ,
1058 1903 1220 1976 quae
1236 1879 1329 1952 de
1350 1884 1606 1952 statuis
1617 1893 1826 1952 erant
1845 1879 2056 1967 facta,
2085 1905 2236 1952 non
2259 1879 2654 1952 tolluntur.

510 1989 643 2058 nic
670 1989 848 2084 ego‘*
876 1987 1068 2060 aliud
1098 1991 1217 2061 alii
1248 1989 1608 2064 concedo:
1649 1991 1977 2116 Metelle,
2001 1991 2283 2062 homini
2311 1991 2620 2088 sapienti
2637 2047 2658 2078 ,

512 2121 813 2194 prorsus
853 2124 1005 2170 non
1060 2125 1353 2197 possum
1394 2105 1808 2199 ignoscere,
1859 2103 1918 2172 si
1959 2100 2141 2200 quid
2190 2101 2408 2172 stulte
2459 2099 2656 2171 facit.

510 2206 751 2297 Quid?
782 2207 903 2280 ille
938 2208 1077 2282 hoc
1112 2211 1415 2310 putabat
1442 2213 1649 2284 Verri
1681 2213 2152 2284 criminosum
2181 2209 2376 2298 fore,
2409 2211 2466 2282 si
2497 2214 2662 2308 ejus

512 2329 760 2388 statuae
796 2334 1035 2391 essent
1072 2309 1411 2418 dejectae,
1451 2321 1654 2421 quod
1687 2347 1874 2420 saepe
1907 2319 2209 2407 vent05,
2243 2335 2372 2391 aut
2407 2319 2662 2417 aliquo

512 2447 683 2499 casu
704 2425 861 2500 fieri
888 2430 1117 2502 solet?
1142 2457 1295 2503 non
1330 2447 1481 2504 erat
1500 2436 1576 2502 in
1605 2429 1788 2503 hoc⁶
1816 2455 2058 2558 neque
2095 2431 2372 2502 crimen
2399 2429 2662 2514 ullum,

512 2563 755 2636 neque
786 2541 1279 2639 reprehensio.
1318 2545 1424 2613 Ex
1459 2565 1611 2641 quo
1643 2544 1865 2639 igitur
1897 2544 2177 2612 crimen
2206 2554 2426 2635 atque
2451 2561 2666 2610 accu-

513 2654 695 2720 satio
722 2653 1085 2724 nascitur?
1120 2677 1208 2725 ex
1241 2652 1626 2724 hominum
1648 2651 1924 2749 judicio
1956 2665 2030 2723 et
2055 2649 2453 2722 voluntate.

608 2764 925 2834 LXVIII.
974 2767 1162 2860 Ego,
1204 2765 1265 2834 si
1304 2763 1639 2835 Metellus
1675 2776 1944 2834 statuas
1981 2785 2340 2860 reponere
2381 2761 2662 2830 Centu-

514 2871 793 2966 ripinos
826 2897 979 2942 nou
1018 2875 1402 2971 coegisset,
1432 2873 1585 2946 haec
1615 2874 1926 2946 dicerem
1960 2902 1976 2945 ε
2012 2871 2307 2958 Videte,
2337 2867 2619 2966 judices
2639 2923 2660 2954 ,

512 2997 874 3079 quantum
914 2997 988 3054 et
1028 3008 1249 3082 quem
1294 2984 1640 3057 acerbum
1677 2983 2004 3057 dolorem
2043 2985 2412 3055 sociorum
2441 2995 2660 3077 atque

589 3272 791 3322 van.
827 3288 871 3321 ι.
916 3271 1213 3322 Gravissima
1252 3272 1544 3322 testimonio.
1633 3289 1742 3322 sum
1767 3272 1969 3321 stultam
1989 3269 2168 3336 agendi
2196 3271 2437 3320 rationein
2458 3269 2664 3319 Metello

518 3355 645 3404 Cum
680 3353 911 3402 mandato
952 3363 1009 3402 ut
1046 3353 1381 3419 gravissimum
1406 3354 1546 3403 testi·
1633 3354 1903 3416 ignoscere.
2015 3387 2026 3398 .

518 3435 736 3483 monium
762 3433 816 3482 iu
842 3449 953 3482 eum
979 3433 1232 3484 diceretur.
1252 3459 1322 3471 —
1348 3433 1548 3482 Publice
1653 3458 1660 3472 ·
1708 3431 1756 3480 5.
1789 3431 1938 3496 Quod
1964 3445 2095 3494 sape
2127 3441 2297 3478 νεηω.
2329 3429 2524 3478 uvion
2545 3429 2664 3477 vide

520 3515 575 3562 in
600 3511 797 3564 Schiitz.
825 3514 979 3564 abest.
1635 3512 1754 3572 xL,
1785 3527 1814 3558 ο
1830 3545 1846 3570 ,
1883 3519 2184 3566 narrantem,
2212 3523 2449 3573 quasnam
2481 3519 2661 3557 mm·

592 3609 643 3642 2.
664 3594 1039 3659 Decemprae‘mos.
1068 3593 1142 3640 De
1166 3592 1244 3642 his
1263 3591 1367 3641 vid.
1392 3595 1545 3641 Rose.
1633 3605 1742 3638 rum
1759 3599 1942 3653 strages
1959 3587 2374 3645 ediderit‚uu¹ox
2388 3603 2504 3636 eum
2517 3597 2662 3636 vento

522 3673 687 3722 Amet.
712 3689 761 3737 9.
1633 3679 1896 3735 tempestas
1917 3679 2085 3718 coorta
2105 3689 2147 3716 υ.
2188 3667 2337 3717 Cous.
2367 3669 2514 3717 etiam
2535 3667 2662 3716 nin.

595 3753 647 3800 3.
678 3755 861 3801 Toum
894 3753 1027 3802 istud
1040 3787 1057 3812 ,
1094 3773 1116 3796 ι
1136 3749 1329 3800 ἆσαι-ου
1348 3784 1361 3797 .
1377 3786 1391 3799 .
1404 3781 1427 3798 .-
1442 3767 1544 3799 non
1635 3749 1696 3798 de
1709 3751 1976 3799 Tarentino
1998 3749 2140 3798 Jovis
2161 3747 2386 3806 colosso,
2405 3748 2536 3796 nist.
2550 3747 2662 3798 nat.

524 3831 829 3894 tollunturn,
852 3833 1019 3882 Tullio
1046 3832 1227 3896 adiecit
1254 3834 1493 3882 Gruterus
1519 3849 1548 3879 e
1633 3831 1883 3890 xxm,
1908 3847 1955 3893 7.

524 3911 807 3960 M88.J.V.
830 3913 885 3960 1..
1705 3909 1758 3958 6.
1780 3909 1892 3959 Non
1920 3919 2030 3957 eme
2055 3909 2106 3957 in
2133 3907 2242 3957 Ιιοσ.
2271 3907 2344 3956 Ex
2365 3907 2458 3955 huc
2483 3917 2664 3954 stam-

600 3999 648 4044 Ι..
664 3989 752 4038 Ηὶσ
775 4005 881 4054 ego.
908 3993 963 4038 In
988 3991 1085 4038 hoe
1106 4007 1199 4054 ego
1224 3991 1548 4054 loco,qunm-
1637 4005 1743 4038 rum
1769 3989 2041 4052 dejectione
2067 3987 2202 4036 nulla
2233 3990 2284 4035 in
2305 3989 2506 4034 Verrem
2539 3984 2662 4032 orie·

528 4068 601 4114 vis
629 4069 776 4116 multa
804 4067 971 4116 multis
996 4071 1243 4130 ignoscam
1260 4103 1277 4131 ,
1310 4087 1407 4118 non
1432 4087 1550 4134 pos-
1638 4069 1780 4117 batur
1801 4070 2060 4116 necuntio.
