2984 4684
453 381 588 463 104
1085 379 1183 448 M.
1232 379 1311 446 T.
1365 377 1933 450 CICERONIS

445 500 624 572 mihi
653 515 937 572 tantum
963 497 1262 596 derogO‚
1287 501 1569 571 tametsi
1594 499 1780 569 nihil
1801 520 2061 595 arrogo
2079 551 2099 587 ‚
2126 511 2211 568 ut
2234 511 2306 568 te
2334 499 2583 596 copio-
2636 590 2643 598 ο

445 617 628 702 sius,
658 635 880 710 quam
909 635 1049 696 me,
1075 624 1328 708 putem
1357 633 1571 708 posse
1604 609 1864 681 dicere.
1898 615 2175 681 Verum
2202 631 2340 704 ego
2364 605 2577 708 forsi-

447 735 596 808 tan,
618 734 917 818 propter
939 715 1480 790 multitudinem
1501 721 2094 816 patronorum,in
2116 740 2331 815 grege
2352 741 2581 787 annu-

445 853 684 901 merer
703 840 722 873 ¹
751 854 770 916 ;
796 842 866 900 te
896 851 1145 926 pugna
1175 831 1572 900 Cannensis
1592 839 1623 872 ²
1648 843 2137 901 accusatorem
2164 839 2275 898 sat
2294 824 2579 898 bonum

445 936 639 1010 fecit.
694 938 962 1011 Multos
1003 961 1222 1009 caesos
1265 961 1417 1010 non
1467 937 1561 1009 ad
1589 942 2087 1010 Trasimenum
2120 938 2359 1010 lacum
2378 991 2399 1025 ‚
2450 933 2583 1006 sed

445 1047 540 1120 ad
571 1042 996 1120 Servilium-⁹·
1029 1045 1379 1119 videmus.
1425 1051 1661 1140 «Quis
1692 1048 1795 1120 ibi
1832 1073 1986 1120 non
2018 1063 2129 1120 est
2160 1048 2583 1119 vulneratus

447 1157 640 1232 ferro
670 1157 1108 1254 Phrygio⁴?n
1129 1160 1292 1231 Non
1333 1181 1627 1231 necesse
1670 1173 1781 1230 est
1826 1183 2082 1229 omnes
2130 1171 2583 1228 commemo-

449 1291 642 1355 rare,
667 1270 956 1339 Curtios
974 1320 994 1355 ,
1035 1269 1301 1337 Marios
1319 1320 1339 1356 ‚
1383 1266 1701 1365 denique
1728 1270 2111 1340 Memmios
2134 1262 2189 1356 ⁵,
2220 1289 2409 1365 quos
2434 1266 2585 1361 jam

452 1375 652 1452 aemsss
695 1403 739 1451 a
766 1379 1028 1478 praeliis
1056 1377 1448 1451 avocabat:
1477 1394 1849 1476 postremo
1878 1382 2272 1451 Priamum⁷
2303 1380 2544 1476 ipsum
2567 1429 2589 1464 ,

521 1611 744 1660 xxxn.
787 1625 831 1658 1.
871 1611 935 1656 In
975 1623 1125 1675 grege
1169 1623 1479 1659 canumet-er.

455 1693 638 1738 Forsan
665 1703 758 1752 ego
782 1703 910 1735 unns
939 1687 1002 1735 de
1037 1687 1203 1736 multis
1227 1703 1336 1736 snm
1350 1721 1366 1748 ,
1390 1688 1478 1753 qui

454 1779 774 1833 patronorum
808 1782 999 1831 gregem
1033 1767 1246 1826 faciuut3
1282 1777 1336 1814 tu
1363 1781 1480 1814 vero

457 1861 592 1894 nunc
630 1855 886 1894 aecusator
931 1854 1006 1894 sat
1045 1845 1210 1894 bonus
1249 1861 1302 1893 es
1317 1880 1334 1906 ,
1377 1859 1482 1890 non

457 1936 662 1992 propter
683 1925 1030 1989 eloquentiam,
1045 1925 1136 1974 sed
1159 1923 1274 1990 quia
1297 1923 1484 1990 periere

459 2015 763 2053 accusatores
788 2005 1026 2070 plerique.

533 2101 586 2134 a.
621 2088 800 2148 Pugna
845 2081 1124 2131 Cannensis.
1159 2067 1283 2130 Cum
1323 2097 1486 2146 pugna

463 2163 710 2212 Cannensi
748 2172 1059 2227 comparatur
1107 2161 1266 2210 cedes
1305 2160 1486 2208 Max-ia-

465 2257 644 2290 norum
669 2258 698 2290 a
723 2241 854 2290 Sulla
881 2241 1039 2299 facta,
1074 2255 1184 2304 qnae
1217 2241 1363 2288 etiam
1406 2254 1487 2285 ac-

469 2329 717 2368 cusatores
743 2318 924 2367 multos
951 2321 1003 2366 in
1022 2318 1130 2383 ipsa
1151 2329 1310 2383 strage
1327 2317 1489 2365 invol-

465 2399 554 2448 vit.
583 2397 1008 2464 Quemadmodum
1044 2399 1178 2446 enim
1205 2408 1322 2462 post
1355 2397 1488 2444 illam

469 2494 682 2546 pugnam
705 2488 904 2526 coactus
921 2487 992 2525 est
1011 2487 1206 2526 senatus
1233 2477 1368 2542 ipsos
1389 2491 1488 2524 ser-

467 2576 559 2608 vos
581 2575 792 2618 armare,
814 2567 1015 2621 propter
1040 2557 1220 2604 civium
1242 2556 1458 2619 inopiam
1473 2589 1490 2613 ,

467 2651 525 2689 nt
545 2649 620 2690 est
654 2635 783 2702 apud
815 2638 878 2685 Τ.
911 2636 1018 2685 Liv.
1055 2637 1238 2694 1111,
1286 2635 1349 2696 57
1373 2669 1388 2693 ,
1423 2634 1490 2682 ita

467 2720 613 2768 etiam
633 2727 748 2783 post
761 2715 1005 2764 Sullanam
1021 2725 1230 2779 stragem
1241 2713 1320 2762 vel
1339 2712 1493 2778 inepti

467 2798 694 2847 homines
749 2805 1004 2860 coeperunt
1049 2808 1298 2852 accusare,
1346 2799 1494 2858 atque

469 2875 638 2940 inopia
663 2871 910 2922 bonorum
931 2870 1085 2919 videri
1112 2869 1247 2919 boni.

548 2955 600 3003 3.
629 2951 718 3001 Aa
738 2951 1002 3001 Ser-vilitate.
1030 2951 1186 3013 Aqua
1215 2960 1497 3012 receptacu-

475 3034 580 3084 lum
611 3030 706 3079 fuit
736 3031 907 3080 Romae
940 3045 971 3077 a
995 3027 1250 3077 conditore
1289 3027 1499 3076 Servilio

479 3111 696 3168 dictum3
725 3107 787 3155 ad
811 3123 958 3171 quem
973 3107 1140 3155 locum
1159 3105 1368 3154 Sullanis
1387 3116 1501 3154 tem-

475 3189 684 3258 poribus
727 3185 992 3234 multorum
1026 3195 1304 3233 senatorum
1338 3186 1498 3250 mpita

477 3270 538 3319 ad
561 3264 940 3318 ostentationem
961 3264 1294 3312 immanissimi
1319 3264 1504 3312 facino-

476 3351 546 3400 ris
569 3345 925 3414 pependerunt.
947 3344 980 3390 J
983 3344 1050 3392 ul.
1075 3344 1225 3392 FIrm.
1250 3347 1293 3396 1.
1323 3345 1502 3392 Seneca

479 3438 641 3477 autem
663 3426 717 3473 in
735 3423 864 3472 libro
893 3421 954 3470 de
979 3424 1095 3471 Div.
1119 3423 1264 3472 Prov.
1283 3423 1340 3471 3:
1381 3442 1404 3466 ι
1423 3421 1504 3470 vi-

482 3509 628 3557 deant
664 3506 852 3568 largum
896 3503 948 3549 in
989 3501 1100 3550 foro
1135 3501 1416 3566 sanguinem
1453 3511 1505 3548 et

478 3602 624 3651 snpra
673 3581 991 3631 Servilianum
1035 3581 1193 3628 lacum
1242 3579 1329 3646 (id
1371 3578 1503 3627 enim

481 3662 852 3733 proscriptionis
871 3660 1080 3708 Sullanae
1107 3660 1388 3726 spoliarium
1410 3656 1503 3721 est)

485 3753 762 3793 senatorum
789 3739 972 3802 capita3
1000 3749 1051 3787 et
1073 3739 1504 3804 passim,vagantes

483 3837 575 3890 per
615 3817 800 3869 Urbem
841 3834 1181 3881 percussorum
1221 3833 1387 3882 greges
1401 3852 1417 3878 ,
1454 3825 1506 3864 et

485 3900 638 3949 multa
675 3895 823 3944 millia
865 3897 1050 3944 civium
1089 3913 1212 3946 rom.
1249 3913 1348 3945 nno
1389 3895 1505 3944 loco

483 3989 598 4046 post
615 3975 791 4033 fidem,
816 3974 914 4021 imo
937 3990 1026 4038 per
1048 3975 1202 4040 ipsam
1228 3973 1375 4024 fldem
1401 3985 1505 4025 tru-

482 4057 641 4107 cidata
655 4053 867 4103 „.--A1.
886 4051 1121 4111 vidimus,
1136 4055 1288 4120 facie.

1638 1617 1693 1667 4.
1714 1611 1865 1658 Ferro
1888 1606 2121 1675 Phrygis.
2139 1610 2324 1656 Versus
2344 1621 2408 1655 ex
2426 1615 2593 1656 vetere

1566 1687 1713 1738 Ennii
1736 1687 1998 1753 tragoedia‚
2024 1703 2125 1756 quo
2140 1697 2351 1742 ,excuan
2368 1703 2420 1734 se
2438 1685 2592 1750 Ulys-

1567 1783 1660 1825 ses,
1682 1767 1818 1831 quod
1838 1767 2119 1817 vnlneratus
2137 1783 2200 1816 ex
2222 1782 2388 1833 pugna
2415 1767 2595 1830 fugerit

1568 1847 1623 1894 in
1634 1845 1841 1896 Achillis
1858 1847 2139 1894 tentorium.
2157 1847 2312 1894 Porro
2326 1844 2595 1910 Phrygium

1568 1927 1731 1974 forsan
1758 1926 1813 1976 h.
1836 1925 1873 1974 l.
1901 1925 2082 1974 dicitur
2108 1924 2257 1974 Sullae
2284 1923 2499 1984 ferrum,
2534 1934 2598 1972 ut

1570 2021 1731 2053 mores
1773 2005 1877 2066 eius
1916 2015 2092 2068 notet;
2141 2003 2363 2069 Phryges
2408 2003 2598 2068 quippe

1572 2084 1751 2149 impuri
1780 2094 1829 2132 et
1852 2083 2100 2148 flagitiosi·

1646 2163 1695 2212 5.
1718 2163 1987 2212 Memmios.
2010 2163 2223 2212 Nomina
2240 2171 2598 2218 accusatorum,

1574 2241 1660 2305 qni
1701 2241 1763 2290 ad
1808 2241 1967 2290 lacum
2010 2240 2267 2290 Servilium
2308 2239 2423 2288 caesi
2458 2249 2601 2287 eunt.

1574 2321 1748 2370 Cicero
1774 2322 1825 2367 in
1844 2323 1981 2369 Brut.
2010 2321 2172 2369 -Tum
2198 2319 2345 2368 etiam
2378 2318 2439 2367 C.
2467 2330 2517 2366 et
2544 2321 2599 2366 1..

1573 2399 1795 2448 Memmii
1828 2399 2025 2448 fuerunt
2050 2409 2267 2447 oratores
2298 2397 2603 2456 mediocres,

1574 2489 1879 2528 accusatores
1900 2493 2037 2526 acres
2052 2487 2199 2542 atque
2223 2477 2415 2526 acerbi:
2436 2477 2607 2540 itaque

1574 2558 1631 2605 in
1666 2555 1909 2618 judicium
1951 2557 2126 2624 capitis
2164 2555 2349 2604 multos
2395 2571 2605 2604 vocave-

1577 2645 1713 2690 runt}
1744 2651 1836 2702 pro
1854 2635 1949 2682 reis
1964 2650 2069 2683 non
2088 2642 2217 2698 saep'e
2240 2634 2473 2682 dixerunt
2484 2656 2611 2682 u.—

1577 2714 1773 2778 Legitur
1804 2715 2077 2763 Mammas
2113 2713 2250 2777 apud
2278 2715 2609 2762 Hottomann.

1580 2793 1742 2844 GraeV.
1774 2793 1940 2842 Garat.
1964 2791 2063 2840 Sed
2089 2801 2261 2840 contra
2288 2791 2479 2842 faciunt
2500 2791 2607 2840 duo

1582 2869 1733 2919 codd.
1748 2869 1944 2919 Lallem.
1962 2880 2014 2918 et
2037 2869 2117 2919 ed.
2139 2871 2286 2928 1480.

1654 2951 1705 2998 6.
1733 2949 1891 3000 AEeas.
1910 2949 2013 3012 Qui
2036 2960 2242 3014 propter
2264 2958 2458 2998 aetatem
2475 2965 2613 2997 arma

1582 3029 1707 3076 feu-e
1752 3043 1851 3075 non
1894 3037 2123 3092 poterant
2138 3063 2155 3088 ,
2186 3037 2335 3091 atque
2382 3028 2453 3076 ita
2494 3043 2613 3076 cnm

1584 3105 1815 3155 Marianis
1850 3101 2072 3155 Sullanas
2110 3117 2273 3170 partes
2307 3121 2411 3154 non
2450 3107 2617 3172 impu-

1586 3195 1787 3250 gnaram
1804 3220 1819 3244 ‚
1852 3201 2011 3249 neque
2032 3185 2094 3232 ad
2119 3195 2283 3249 partes
2308 3185 2616 3234 adversario-

1586 3281 1693 3313 rum
1734 3263 2075 3329 pertinebant‚'
2106 3263 2223 3312 ideo
2261 3280 2381 3312 vero
2414 3265 2617 3313 occide-

1584 3345 1781 3404 bantur,
1799 3344 1913 3408 quia
1932 3355 2069 3395 erant
2089 3355 2407 3394 accusatores·

1662 3441 1709 3486 7.
1746 3423 2009 3471 Priamum.
2042 3423 2307 3488 comparat
2341 3423 2615 3471 Antistium

1586 3503 1804 3564 Priamo,
1836 3501 1948 3566 qnia
1982 3512 2040 3552 nt
2064 3501 2145 3550 ille
2184 3519 2300 3562 rex,
2327 3517 2513 3550 summa
2540 3518 2621 3550 se-

1586 3593 1802 3648 nectute,
1818 3580 1870 3632 in
1890 3596 2063 3648 magna
2074 3581 2399 3646 ‘bojanos-nm
2413 3597 2619 3630 suorum

1589 3671 1747 3726 strage
1774 3659 1965 3712 occisus
1995 3671 2098 3718 est3
2125 3659 2196 3708 sic
2222 3651 2467 3710 Antistius
2488 3663 2623 3710 inter

1588 3750 1891 3788 accusatores
1909 3739 2047 3802 quasi
2076 3754 2164 3786 rex
2186 3738 2385 3803 quidam
2402 3755 2461 3788 ac
2478 3741 2625 3803 prin·

1590 3834 1705 3882 ceps
1724 3854 1739 3881 ,
1792 3834 1941 3866 senex
1966 3817 2236 3865 admodum
2262 3817 2317 3864 in
2350 3817 2503 3864 multa
2537 3831 2625 3866 ac-

1592 3907 1867 3946 cusatorum
1909 3897 2041 3944 eaede
2081 3896 2329 3946 occubuit.
2370 3899 2519 3944 Hunc
2568 3899 2626 3944 in

1591 3977 1742 4026 Bruto
1758 4001 1781 4020 e·
1796 3977 2012 4024 rabulam
2034 3993 2149 4024 sane
2170 3976 2480 4041 probabilem
2492 3999 2517 4018 ··
2534 3995 2629 4026 vo-

1592 4067 1669 4106 cat
1696 4056 1886 4108 Cicero.
1913 4057 2063 4108 Gonf.
2093 4058 2237 4108 etiam
2264 4057 2369 4109 Pat.
2408 4061 2487 4121 11,
2529 4060 2623 4114 2⁵.
