2984 4684
674 359 813 429 DE
860 359 1375 430 PRAETORE
1425 311 2192 431 PROVINCIALIj
2360 359 2500 458 519

356 481 511 568 roni⁴
532 479 692 563 fuit,
726 481 801 545 P.
832 482 1083 546 Tettius
1101 511 1162 563 ι,
1188 481 1387 546 alium
1414 481 1746 565 ordinem,
1779 503 1978 570 quam
2005 481 2463 550 libertinorum
2483 535 2500 560 ‚

354 586 698 668 intellexit,
726 605 805 651 ut
830 587 913 651 ad
942 587 1125 654 hunc
1158 587 1381 654 locum
1409 581 1904 652 obser-&avimus
1929 632 1948 670 ‚
2003 589 2072 652 in
2112 588 2354 676 quibus
2372 636 2390 671 ,
2429 605 2504 654 ut

354 693 423 756 in
454 693 685 777 servis,
716 693 1047 784 frugalitas
1078 691 1603 759 commendatur.

440 797 813 888 Antequam
871 799 1213 890 horologia
1274 802 1499 866 Romae
1563 815 1780 866 essent
1801 847 1821 884 ,
1881 823 2307 866 accensorum
2371 802 2502 866 hoc

352 905 547 970 etiam
582 904 873 972 officium
908 908 1073 989 fuit,
1120 922 1197 972 ut
1226 908 1583 972 clamarent
1613 929 1754 972 esse
1780 907 2013 972 horam
2045 908 2300 972 tertiam
2323 957 2342 991 ,
2376 931 2502 972 me-

352 1011 579 1077 ridiem
602 1061 621 1095 ,
649 1029 715 1078 et
740 1035 1006 1080 nonam.
1032 1014 1241 1078 Varro
1274 1013 1357 1079 de
1384 1015 1571 1104 Ling.
1599 1015 1738 1080 Lat.
1765 1015 1878 1084 lib.
1896 1016 1978 1078 V.

438 1117 823 1185 Praeconum
853 1122 923 1184 in
950 1122 1205 1186 civitate
1237 1125 1403 1186 usus'
1428 1123 1552 1186 fuit
1581 1123 1796 1186 varius
1815 1171 1834 1205 ,
1885 1139 1951 1186 et
1979 1111 2367 1208 multiplex':
2430 1124 2498 1186 in

348 1225 801 1310 auctionibuS,
845 1244 919 1292 ut
946 1227 1029 1292 ad
1055 1229 1306 1294 hastam
1341 1246 1588 1294 starent
1607 1279 1624 1312 ,
1660 1246 1726 1294 et
1761 1230 1970 1318 pretia
1997 1229 2212 1292 oblata
2243 1229 2504 1292 nuntia·

348 1347 499 1396 rent
526 1353 545 1394 z
598 1333 667 1397 in
700 1334 1165 1416 concionibus»,
1200 1351 1277 1399 ut
1300 1333 1702 1400 audientiam
1728 1337 2016 1399 facerent
2047 1357 2063 1398 :
2119 1335 2188 1396 in
2221 1333 2504 1397 comitiis

348 1438 876 1529 magistratuum,
912 1457 990 1504 ut
1034 1439 1246 1505 tribus
1286 1440 1370 1506 ad
1417 1443 1725 1532 suffragia
1769 1439 2056 1506 incunda
2088 1440 2394 1521 citarent3
2436 1455 2504 1504 et

350 1567 493 1626 eos,
526 1546 643 1633 qui
684 1545 1001 1636 designati
1028 1564 1247 1629 erant,
1280 1549 1774 1612 renuntiarent:
1809 1548 1878 1611 in
1911 1545 2173 1627 judiciis
2191 1562 2289 1610 ‘et
2321 1568 2504 1638 quoe-

350 1650 707 1734 stionibuS,
740 1668 817 1716 ut
846 1651 1099 1732 judices
1122 1699 1141 1734 ,
1170 1675 1315 1718 reos
1336 1701 1355 1735 ,
1388 1669 1830 1735 accusatores,
1863 1651 2241 1717 defensores
2259 1698 2276 1733 ,
2307 1669 2504 1716 testes

349 1757 665 1823 citarent.
696 1759 765 1822 in
798 1759 1166 1846 suppliciis,
1196 1774 1273 1824 ut
1306 1781 1568 1825 causam
1601 1759 2043 1825 damnationis
2071 1758 2398 1825 dicerent:
2433 1759 2502 1824 in

350 1862 724 1945 funeribus,
762 1879 841 1928 ut
868 1863 952 1928 ad
988 1865 1321 1952 exsequias
1354 1881 1726 1930 evocarent.

437 1969 706 2035 Liberos
756 1971 959 2034 fuisse
1012 1992 1347 2059 praecones
1392 1973 1694 2060 exemplo
1743 1971 1825 2036 sit
1869 1969 2134 2037 Naevius
2198 1969 2342 2051 ille,
2391 1971 2502 2034 cui

348 2097 591 2164 «quum
640 2089 869 2140 natura
918 2072 1083 2140 nihil
1136 2077 1368 2142 melius
1426 2099 1626 2166 quam
1678 2097 1910 2142 vocem
1955 2075 2273 2156 dedisset,
2319 2091 2504 2163 pater

300 2173 303 2176 ’
351 2181 513 2250 nihil
544 2197 777 2269 praeter
802 2182 1167 2247 libertatem
1198 2181 1565 2273 reliquisset
1581 2231 1600 2266 ,
1630 2204 1860 2247 vocem
1888 2182 1956 2246 in
1989 2198 2314 2272 quaestum
2349 2203 2504 2244 con-

349 2287 534 2369 tulit,
581 2304 749 2353 etc.»
787 2285 1047 2370 Quibus
1078 2304 1299 2354 tamen
1328 2289 1546 2354 verbis
1571 2309 1726 2354 eum
1752 2287 2040 2354 libertini
2064 2287 2272 2352 filium
2307 2287 2506 2352 fuisso
2585 2307 2590 2312 ·

350 2393 575 2457 Cicero
614 2394 778 2457 mihi
817 2394 1011 2458 tacite
1042 2392 1304 2459 videtur
1330 2394 1648 2471 indicare,
1684 2417 1806 2484 pro
1841 2395 2072 2478 Quint.
2102 2416 2241 2482 cap.
2265 2391 2329 2458 3.

440 2499 777 2562 Praecones
809 2521 846 2562 a
888 2500 1271 2566 consulibus
1317 2523 1397 2565 ex
1440 2501 1696 2568 civibus
1737 2499 2028 2564 romanis
2074 2497 2499 2588 legebantur:

351 2624 583 2669 eorum
620 2605 844 2669 multae
876 2619 1061 2668 erant
1098 2603 1396 2670 decuriae.

361 2748 373 2758 ·
439 2712 727 2776 Lictores
754 2711 986 2775 Festus
1014 2708 1221 2775 dictos
1244 2727 1435 2799 putat
1454 2759 1473 2794 ,
1515 2709 1699 2798 quod
1743 2708 1947 2773 fasces
1979 2709 2308 2796 virgarum
2342 2707 2501 2798 liga-

352 2835 457 2884 tos
491 2819 783 2883 ferrent:
838 2815 1007 2881 male
1036 2839 1053 2880 ε
1110 2840 1147 2881 a
1173 2816 1449 2907 ligandis
1484 2818 1612 2881 reis
1646 2835 1890 2881 nomen
1921 2813 2317 2880 habuerunt.
2340 2815 2500 2879 Illo-

352 2947 502 2989 rum
528 2925 717 3014 origo
758 2947 796 2988 a
826 2921 1155 3006 Romulo;
1208 2922 1584 3012 exemplum
1617 2923 1701 2986 ab
1744 2921 2033 2986 Etruscis
2067 2920 2222 3004 fuit,
2257 2921 2394 2984 Liv.
2435 2923 2500 2996 1,

352 3053 487 3120 cap.
518 3029 580 3096 8.
609 3033 907 3096 Fuerunt
934 3029 1141 3094 liberi.
1174 3029 1599 3120 Eligebantur
1629 3029 2022 3122 plerumque
2058 3048 2139 3092 ex
2171 3027 2304 3090 ima
2343 3028 2504 3109 Qui-

349 3138 569 3202 ritium
605 3139 817 3227 plebe.
858 3135 1080 3220 Idem,
1118 3137 1217 3220 11,
1268 3135 1373 3203 55.
1422 3136 1552 3202 Sed
1589 3153 1756 3228 togae
1785 3135 1892 3216 jus
1928 3134 2052 3199 illis
2083 3134 2242 3217 fuit3
2299 3149 2498 3222 atque

352 3229 501 3308 ideo
532 3245 703 3308 cives
738 3246 1029 3310 fuerunt.
1065 3246 1141 3308 In
1164 3245 1381 3309 Pison.
1402 3267 1545 3334 cap.
1575 3243 1682 3310 23.

439 3349 799 3414 Lictoribus
854 3351 959 3414 usi
1013 3366 1172 3414 sunt
1218 3349 1606 3437 dictatores„
1661 3349 1995 3430 consules,
2041 3361 2350 3436 praetores
2371 3395 2390 3428 ,
2435 3363 2504 3410 et

352 3455 754 3542 quicumque
804 3457 1219 3544 magistratus
1270 3473 1698 3546 potestatem,
1749 3471 1816 3519 et
1863 3455 2210 3542 imperium
2250 3451 2500 3518 habue-

352 3577 529 3625 runt.
562 3562 733 3626 Nam
779 3561 1137 3626 viatoribus
1192 3579 1451 3628 tantum
1494 3563 1855 3627 utebantur
1894 3561 1975 3642 ii,
2029 3581 2314 3647 quorum
2365 3560 2501 3625 sola

351 3681 637 3755 potestas
672 3682 841 3747 erat,
895 3669 1035 3732 sine
1070 3668 1368 3756 imperio.
1410 3667 1784 3732 Lictoribus
1813 3665 2046 3755 viginti
2085 3681 2368 3754 quatuor
2399 3663 2500 3729 di-

352 3789 597 3840 ctator:
657 3772 1037 3857 duodecim,
1086 3775 1319 3840 consul
1362 3796 1564 3864 penes
1603 3797 1802 3862 quem
1843 3788 2030 3838 erant
2063 3775 2304 3855 fasces3
2341 3773 2500 3836 alter

350 3904 507 3946 vero
538 3881 799 3946 duobus
828 3903 845 3945 ε
887 3903 1031 3963 sex,
1064 3897 1305 3970 praetor
1329 3881 1654 3946 utebatur.

439 3988 775 4054 Lictorum
826 4011 1070 4052 munus
1116 4005 1254 4053 erat
1306 3987 1558 4076 triplex.
1616 3987 1810 4052 Ibant
1853 4001 2004 4050 ante
2049 3986 2496 4074 magistratum

358 4117 491 4160 non
520 4095 983 4186 gregatim,aut
1006 4111 1283 4180 temere,
1310 4095 1425 4161 sed
1448 4094 1720 4184 singuli,
1753 4093 2005 4174 ordine,
2033 4093 2122 4158 ita
2153 4107 2228 4156 ut
2259 4092 2496 4158 lineam
