2984 4684
721 411 832 480 IN
881 412 1322 482 VERREM
1371 417 1594 484 ACT.
1644 416 1755 500 11,
1805 416 1999 483 LIB.
2034 416 2132 482 II.
2352 415 2485 498 44¹

367 537 572 604 sisset
593 555 682 602 eo
703 547 1032 630 tempore
1047 539 1548 632 quaestionem,
1569 549 1736 632 post
1753 533 1889 604 illis
1908 532 2245 610 adhibitis
2254 534 2501 630 ⁴‚quos

366 642 761 740 ablegarat,
787 642 1200 716 absolutum
1234 649 1322 717 iri
1339 651 1723 742 Sopatrum
1742 641 2031 714 videbat
2062 671 2078 712 ε
2111 645 2222 713 sin
2255 656 2498 713 autem

365 750 1125 824 hominem-miserum
1158 769 1377 852 atque
1413 756 1882 826 innocentem
1910 753 2498 841 condemnasset,

368 887 598 962 quum
633 865 785 961 ipse
821 880 1088 962 praetor
1125 868 1278 937 sine
1317 866 1657 954 consilio,
1698 889 1866 936 reus
1906 877 2147 934 autem
2183 866 2337 935 sine
2370 885 2501 961 pa-

369 987 588 1044 trono
629 988 846 1070 atque
881 974 1243 1047 advocatis
1275 975 1563 1064 fuisset,
1606 974 2111 1072 judiciumque
2139 978 2215 1045 C.
2256 979 2503 1044 Sacer·
2558 1059 2571 1070 =

367 1081 562 1154 dotis
575 1083 1001 1173 rescidisset3
1018 1085 1358 1156 invidiam
1377 1111 1454 1158 se
1473 1089 1831 1158 sustinere
1840 1109 1993 1156 non
2010 1107 2220 1181 posse
2236 1097 2507 1153 tantam

368 1189 876 1264 arbitrabatur.
907 1199 1164 1292 Itaque
1191 1196 1539 1267 aestuabat
1562 1194 2051 1280 dubitatione3
2082 1191 2410 1265 versabat
2433 1215 2509 1262 se

369 1301 446 1370 in
479 1315 866 1399 utramque
899 1318 1210 1400 partem,
1241 1329 1392 1374 non
1421 1305 1658 1376 solum
1686 1317 1930 1375 mente
1953 1359 1972 1390 ,
2008 1327 2263 1374 verum
2291 1306 2507 1373 etiam

369 1431 676 1507 corpore
708 1437 724 1481 ε
765 1425 848 1482 ut
884 1435 1174 1501 omnes,
1208 1418 1336 1511 qui
1363 1414 1694 1502 aderant,
1732 1414 2137 1512 intelligere
2169 1427 2509 1510 possent,

370 1518 448 1588 in
483 1521 724 1589 animo
761 1521 920 1614 ejus
951 1537 1228 1593 metum
1255 1524 1874 1621 cupiditatemque
1894 1520 1925 1566 ⁵
1952 1547 2299 1622 pugnare.
2342 1527 2515 1594 Erat

370 1627 758 1701 hominum
804 1645 1203 1703 conventus
1246 1637 1643 1720 maximus,
1698 1657 2063 1704 summum
2107 1633 2511 1718 silentium,

373 1761 656 1810 summa
683 1745 1162 1838 exspectati0‚
1205 1767 1531 1840 quonam
1560 1760 1747 1814 esset
1782 1745 1938 1838 ejus
1974 1741 2330 1840 cupiditas
2356 1765 2516 1812 eru-

373 1864 590 1947 ptura
619 1852 938 1952 3‚crebro
979 1851 1448 1926 demittebat⁶
1493 1878 1571 1924 se
1608 1877 1952 1925 accensus
1989 1852 2077 1923 ad
2112 1875 2361 1923 aurem
2390 1852 2507 1921 Ti-

371 1960 799 2032 marchides.
849 1967 1035 2032 Tum
1076 1965 1260 2035 iste⁷
1305 1963 1734 2063 aliquando,
1786 1968 1973 2062 Age,
2028 1963 2189 2048 dic,
2247 1964 2507 2058 inquit.

372 2075 720 2169 Sopatrus
758 2073 1144 2171 implorare
1177 2075 1565 2147 hominum
1604 2092 1823 2174 atque
1854 2075 2074 2146 deum
2107 2071 2327 2143 fidem
2343 2069 2399 2158 ⁸,
2428 2085 2511 2142 ut

373 2205 542 2254 cum
595 2183 900 2254 consilio
956 2200 1442 2281 cognosceret.
1504 2193 1686 2258 Tum
1742 2200 2045 2284 repente
2102 2187 2237 2254 iste
2298 2197 2513 2254 testes

375 2292 576 2362 citari
612 2291 842 2386 jubet.
883 2295 1072 2364 Dicit
1103 2321 1293 2366 unus
1333 2310 1404 2366 et
1443 2298 1621 2367 alter
1656 2296 1975 2368 breviter
2014 2293 2251 2365 :·nihil
2290 2296 2515 2364 inter-

377 2415 674 2498 rogatur
712 2431 728 2471 :
772 2427 1008 2500 praeco
1045 2415 1356 2476 DIXISSE9
1391 2407 1836 2502 pronuntiat.
1879 2409 2061 2492 Iste,
2098 2405 2307 2499 quasi
2356 2427 2507 2472 me·

375 2525 643 2600 tueret,
684 2537 776 2582 ne
813 2511 1140 2599 Petilius,
1178 2517 1457 2610 privato
1500 2514 1624 2584 illo
1660 2514 1933 2609 judicio
1979 2526 2341 2582 transacto
2388 2525 2513 2580 aut

377 2619 633 2709 dilato,
671 2645 836 2692 cum
875 2623 1130 2692 ceteris
1161 2623 1238 2691 iu
1268 2623 1651 2712 consilium
1689 2637 2195 2708 reverteretur,
2227 2622 2322 2690 ita
2351 2643 2522 2718 pro-

377 2755 639 2828 perans
693 2731 786 2804 de
849 2733 1021 2804 sella
1069 2731 1357 2804 exsiluit
1397 2757 1413 2800 ε
1458 2732 1833 2804 hominem
1886 2733 2349 2802 innocentem
2380 2785 2399 2818 ‚
2470 2753 2513 2800 a

379 2845 457 2911 C.
487 2841 872 2912 Sacerdote
916 2842 1365 2930 absolutum,
1413 2841 1682 2912 indicta
1724 2865 1971 2929 causa,
2015 2840 2107 2912 de
2154 2840 2511 2912 sententia

381 2950 670 3033 scribae,
713 2953 1014 3043 medici,
1052 2955 1544 3052 aruspicisque
1584 2951 2112 3024 condemnavit.

479 3065 735 3133 XXXI.
797 3065 1164 3150 Retinete,
1217 3065 1527 3136 retinete
1587 3062 1963 3134 hominem
1986 3073 2005 3106 ¹
2064 3065 2141 3131 in
2196 3062 2511 3144 civitate,

460 3343 512 3390 4.
539 3333 802 3383 ΑᾰΙιίὂίιίε.
825 3338 980 3383 'Vetus
1004 3335 1150 3384 iubet
1175 3333 1408 3382 adhibi·
1496 3334 1813 3391 obsecrat-eo,
1847 3347 1991 3398 quam
2030 3331 2325 3380 Gar-tonius
2359 3329 2521 3378 lectio-
2564 3355 2576 3368 .

385 3413 452 3462 ti·
479 3416 532 3460 in
559 3411 818 3460 eonsilium
835 3433 879 3459 ι.
1499 3427 1611 3461 nem
1636 3413 1873 3462 defendit.
2190 3411 2197 3419 ’

459 3491 508 3540 5.
539 3490 974 3555 cupiditatemque.
1006 3492 1188 3540 Nomii
1223 3503 1274 3541 et
1303 3495 1412 3542 Me-
1570 3505 1623 3554 9.
1660 3493 1872 3540 Dixisse.
1899 3489 2115 3538 Verbum
2143 3489 2362 3537 solemne
2383 3487 2439 3536 in*
2456 3490 2530 3549 ju·-

387 3569 492 3619 nni
509 3570 697 3629 eodem,
713 3579 932 3618 «metum
956 3585 1068 3618 cnm
1089 3571 1410 3635 eupiditate».
1504 3571 1665 3628 dictu,
1710 3571 1848 3636 quod
1894 3585 1984 3635 per
2029 3583 2305 3633 praeconem
2321 3601 2335 3621 ,
2384 3582 2525 3615 eausa

459 3650 512 3696 6.
541 3648 674 3697 olim
695 3669 720 3688 ο·
735 3648 1010 3698 dimittebat
1023 3671 1067 3699 ο.
1089 3651 1208 3698 Jure
1225 3651 1414 3716 optimo
1504 3653 1749 3714 utrimque
1768 3659 2010 3714 perorato,
2032 3646 2527 3712 pronuntiabam-‚ut

387 3727 574 3793 recepit
609 3727 808 3777 Lallem.
845 3727 1226 3777 emendationem
1271 3733 1412 3798 me-
1499 3733 1553 3778 in
1601 3729 1859 3778 eonsilium
1910 3728 2102 3790 judiees
2147 3727 2525 3775 dimitterentur.

388 3806 514 3856 bini.
538 3807 670 3856 J.v.
699 3809 757 3856 1..
1500 3807 1618 3858 vid.
1640 3809 1856 3858 Brisson.
1876 3811 2113 3866 Form.V‚
2146 3823 2197 3872 p.
2229 3807 2348 3862 534.

465 3902 516 3947 7.
549 3889 670 3934 Tem·
695 3887 798 3934 im.
825 3887 1040 3935 Tandem
1059 3889 1234 3934 Verres
1259 3889 1414 3952 Sopn-
1570 3891 1765 3936 xxxl.
1796 3905 1840 3936 1.
1877 3888 2095 3935 Retinere
2120 3887 2380 3936 hominem.
2400 3885 2531 3934 mad

393 3973 523 4012 trum
539 3965 680 4030 loqui
697 3965 855 4026 iubet.
1508 3985 1537 4016 a
1574 3967 1813 4016 Cicerone
1852 3967 2053 4015 verbum
2094 3965 2371 4022 adhibetur,
2408 3980 2532 4029 quo-

465 4045 514 4092 8.
549 4045 730 4092 Fidem.
761 4043 948 4094 Metell.
971 4055 1020 4094 et
1039 4044 1228 4094 Fabi-ic.
1257 4047 1420 4094 codex
1508 4049 1639 4094 nium
1700 4049 1787 4111 qui
1846 4045 2223 4112 repetundorum
2279 4045 2534 4102 damnatus

394 4133 508 4185 pont
523 4124 622 4172 boe
641 4125 840 4174 verbum
858 4123 1040 4174 habent
1065 4138 1260 4188 «orare,
1272 4137 1420 4189 atque
1508 4127 1696 4185 fuerat,
1743 4127 1917 4176 exsilio
1972 4125 2167 4174 multari
2221 4124 2416 4172 soleret.
2464 4149 2535 4160 —-
