2984 4684
975 383 1733 454 ARGUMENTUM.
2070 385 2087 396 “
2376 385 2417 458 5

271 501 281 521 ’
363 508 446 562 Μ.
476 503 687 564 ,lunius
715 502 998 576 dixisset,
1034 504 1322 582 legatione
1357 517 1553 563 autem
1592 503 1903 583 impeditus
1932 517 2085 563 esset
2110 506 2423 582 quominus

367 593 699 682 perorarem
736 605 943 664 Cicero
975 619 1212 682 rogatus
1243 627 1278 664 a
1306 606 1533 679 Quintii
1556 606 1782 679 amicis,
1818 607 1881 664 in
1916 606 2117 685 primis
2140 627 2174 664 s
2202 611 2275 680 Q.
2293 612 2421 667 Ro-

367 701 488 759 scio
519 700 812 774 comoedo,
854 721 1088 760 causam
1109 703 1234 780 ejus
1256 703 1537 781 suscepit,
1579 703 1899 782 habuitque
1926 702 2077 762 banc
2099 703 2422 762 orationem

371 799 432 856 in
467 799 708 858 comitio
742 797 866 879 (qui
891 799 1052 858 locus
1081 812 1208 859 erat
1240 800 1302 859 in
1330 801 1491 873 sore,
1531 799 1634 858 ubi
1655 802 1885 880 privata
1905 800 2158 879 judicia,
2179 802 2303 861 sive
2322 801 2425 880 ju-

371 894 520 954 dicia
567 895 643 954 de
688 897 1100 955 controversiis
1140 897 1396 957 subortis
1433 898 1588 956 inter
1631 899 1917 974 privatos,
1950 897 2427 978 exercebantur),

372 997 456 1051 Μ.
479 993 674 1055 Tullio
701 994 922 1054 Decula
938 1036 956 1066 ,
977 995 1087 1052 Cn.
1114 995 1387 1054 Cornelio
1415 994 1720 1056 Dolabella
1749 1015 1898 1054 coss.
1928 1015 2083 1056 anno
2108 997 2223 1071 672
2241 1045 2259 1075 ‚
2289 997 2427 1058 Sul-

371 1093 520 1152 lanae
550 1090 850 1150 dictaturae
880 1093 1071 1171 primo
1085 1133 1104 1166 ,
1147 1093 1441 1152 Ciceronis
1471 1093 1751 1172 vigesimo
1781 1105 1969 1152 sext0.

457 1187 647 1248 Multa
673 1201 842 1246 erant
863 1188 922 1250 in
949 1187 1062 1247 hac
1087 1209 1258 1248 causa
1281 1211 1412 1268 quae
1435 1189 1661 1264 Quintii
1694 1203 2007 1268 patronum
2035 1188 2426 1264 deterrerent;

374 1283 778 1364 nempeNaevii
799 1287 1002 1363 gratia,
1024 1287 1146 1364 qui,
1157 1287 1322 1346 malis
1344 1286 1563 1346 ditatus
1586 1286 1829 1360 artibus,
1845 1287 2245 1347 Marianarum
2265 1289 2427 1364 olim,

375 1403 530 1440 nunc
558 1402 704 1440 vero
729 1384 1098 1443 Sullanarum
1125 1385 1382 1461 partium
1415 1385 1628 1457 fautor,
1654 1383 1881 1444 nobiles
1913 1385 2223 1464 plerosque
2248 1385 2431 1444 advo-

345 1477 536 1538 catos
553 1478 840 1551 habehim
884 1493 1006 1538 tum
1027 1495 1348 1559 praetorum
1371 1481 1556 1552 favor,
1590 1481 1691 1559 qui
1707 1482 1831 1560 jam
1860 1482 2166 1556 Quintium
2190 1481 2431 1541 damna-

375 1589 582 1635 verant
597 1619 616 1649 ,
667 1589 791 1636 tum
833 1577 1078 1635 maxime
1121 1577 1421 1636 Hortensii
1465 1577 1797 1656 eloquentia
1812 1621 1829 1649 ,
1872 1597 2048 1656 quem
2094 1577 2354 1637 nondum
2394 1599 2430 1637 a

355 1673 488 1747 fiiri
506 1695 676 1750 regno
702 1673 908 1733 Cicero
939 1672 1244 1752 dejecerat.
1269 1679 1404 1734 Non
1429 1693 1571 1733 vero
1601 1674 1896 1734 dubitavit
1922 1690 2120 1735 noster
2148 1688 2347 1754 aperte
2369 1676 2429 1734 in

374 1769 642 1830 Naevium
659 1769 878 1842 invehi,
907 1783 1224 1849 praetorum
1241 1771 1547 1830 Burrbieni
1568 1792 1635 1831 ac
1653 1770 1970 1832 Dolabellae
1986 1771 2227 1851 injurias
2245 1773 2433 1851 queri,

375 1866 456 1926 ita
483 1881 551 1926 ut
577 1887 700 1926 non
727 1867 1086 1928 fortitudinis
1114 1871 1306 1930 minus
1340 1871 1402 1928 in
1428 1870 1541 1929 hac
1573 1871 1856 1930 concione
1884 1891 2059 1950 quam
2088 1871 2433 1950 eloquentiae

379 1962 802 2023 nobilissimum
827 1964 1120 2044 specimen
1145 1964 1412 2025 ediderit.

459 2066 714 2121 Eventus
743 2061 854 2122 fuit
888 2063 1042 2122 felix.
1072 2062 1344 2123 Liberato
1380 2065 1657 2139 Quintio,
1690 2067 1825 2126 tulit
1852 2067 2057 2127 Cicero
2086 2065 2433 2144 eloquentiae

375 2178 500 2218 suae
521 2159 792 2233 fructum,
815 2172 884 2218 ut
907 2160 1108 2220 scribit
1131 2165 1202 2222 A.
1231 2162 1474 2238 Gellius,
1503 2166 1633 2239 XV,
1663 2163 1756 2221 28.

1119 2364 1623 2434 SYNOPSIS.

373 2531 596 2595 Quaestio
619 2541 694 2580 est
719 2531 774 2578 in
797 2546 972 2596 genere
991 2530 1213 2594 judiciali
1235 2545 1249 2577 :
1271 2547 1334 2578 an
1359 2533 1471 2580 Sex.
1496 2531 1693 2580 Naevius
1716 2529 1989 2596 possederit
2014 2533 2145 2580 bona
2170 2534 2227 2582 Ρ.
2240 2531 2437 2596 Quintil

304 2636 364 2669 ex
390 2620 555 2669 edicto
579 2621 823 2685 praetoris.

375 2710 543 2758 Partes
577 2709 813 2758 orationis
846 2709 1068 2773 quinque
1095 2720 1242 2759 suntt
1273 2707 1545 2789 Exffl'dium
1561 2743 1578 2768 ,
1614 2725 1669 2769 ι,
1697 2725 1748 2760 2.
1774 2710 2029 2770 Narratio,
2064 2709 2174 2780 379.
2201 2703 2435 2766 Pau-titio,

311 2813 391 2846 so.
417 2795 715 2859 contentio,
747 2811 924 2858 11-29.
951 2796 1224 2856 Peroratio,
1265 2795 1360 2858 30,
1380 2791 1468 2846 31.

371 2887 435 2934 In
460 2887 697 2934 Exoamo
727 2885 900 2934 Cicero
925 2885 1104 2934 fatetur
1135 2901 1188 2932 se
1214 2885 1269 2932 in
1291 2884 1384 2933 hac
1408 2900 1553 2933 causa
1578 2883 1757 2949 partim
1782 2884 2113 2949 eloquentiam
2136 2884 2201 2948 Q.
2221 2887 2436 2934 Horten-

303 2973 396 3032 sii,
413 2973 502 3037 qui
525 2973 751 3022 Naevium
773 2972 1062 3022 defendebat
1076 3007 1092 3034 ,
1127 2974 1285 3022 vereri
1303 3007 1320 3034 ,
1353 2973 1531 3038 partim
1557 2971 1711 3036 ipsius
1738 2972 1898 3021 Naevii
1926 2987 2070 3038 opes,
2096 2972 2229 3038 apud
2253 2971 2443 3022 multos

303 3060 499 3109 nobiles
523 3059 830 3108 Sullanarum
853 3061 1067 3126 partium
1091 3062 1320 3126 gratiosi,
1357 3060 1687 3110 extimescere.
1714 3059 1839 3109 Inde
1871 3061 1943 3110 M.
1976 3061 2115 3111 Junii
2141 3061 2405 3110 absentiam
2420 3095 2437 3120 ,

303 3149 532 3212 praetoris
563 3148 870 3211 iniquitatem
904 3148 1141 3214 queritur,
1171 3150 1258 3214 qni
1287 3165 1423 3198 reum
1449 3150 1606 3213 priori
1638 3149 1753 3199 loco
1788 3149 1928 3214 loqui
1945 3149 2172 3212 jusserit3
2200 3144 2439 3214 rogatque

305 3237 364 3288 C.
385 3236 678 3302 Aquinium,
704 3253 887 3301 eosque
913 3238 1000 3301 qui
1025 3238 1070 3286 ei
1111 3238 1166 3286 iu
1200 3237 1408 3286 consilio
1444 3237 1668 3296 aderaut,
1700 3250 1755 3287 ut
1778 3239 1971 3301 Quintii
1995 3237 2251 3286 solitudini
2289 3247 2437 3301 atque

307 3319 488 3391 inopie
532 3337 702 3374 eontra
734 3328 835 3373 vim
878 3335 928 3373 et
961 3326 1164 3394 gratiam
1198 3325 1459 3374 adversarii
1498 3336 1783 3375 succurrant
1796 3359 1813 3386 ,
1840 3341 1863 3374 r
1884 3361 1899 3386 ,
1940 3341 1990 3376 α.
2019 3327 2097 3376 Sic
2129 3325 2193 3374 ab
2218 3324 2439 3374 Exordio

303 3415 422 3476 jacit
446 3423 614 3462 orator
637 3414 792 3478 prima
817 3413 1079 3461 affectuum
1104 3413 1284 3462 semine
1303 3447 1318 3472 ,
1353 3414 1406 3461 in
1425 3413 1680 3476 Quintium
1708 3412 2169 3472 commiserationis,
2187 3422 2237 3460 et
2256 3409 2361 3458 odii
2384 3411 2440 3458 in

309 3504 562 3566 Naevium,
596 3513 882 3566 ceterosque
907 3501 1224 3572 adversarios.

378 3593 610 3656 Sequitur
627 3591 928 3650 Nuus-10,
957 3605 1066 3652 quse
1091 3589 1230 3654 quasi
1251 3590 1307 3636 in
1330 3587 1452 3636 duas
1475 3599 1638 3654 partes
1664 3587 1999 3638 distribuitur:
2024 3585 2078 3634 ι’
2102 3589 2163 3636 In
2182 3585 2440 3651 quemdam

310 3681 718 3744 praeparationem
733 3713 749 3738 ,
771 3694 869 3742 qua
887 3688 1052 3726 orator
1067 3687 1332 3726 anteactam
1348 3677 1511 3728 Naevii
1528 3678 1677 3725 vitam
1694 3663 1841 3725 refert
1853 3710 1868 3735 ,
1883 3675 2021 3739 quod
2042 3675 2145 3736 ejus
2160 3676 2408 3740 ingenium
2424 3712 2441 3736 ,

311 3783 454 3832 quam
479 3767 739 3831 multiplex
765 3777 816 3814 et
838 3777 1132 3829 tortuosum,
1155 3777 1252 3814 etc.
1280 3766 1308 3812 3
1323 3799 1338 3825 ,
1359 3772 1408 3820 4.
1443 3759 1499 3812 2⁰
1521 3767 1579 3812 In
1602 3765 1718 3812 facti
1746 3765 2071 3812 narrationem
2086 3797 2103 3824 ,
2138 3779 2314 3829 nempe
2336 3779 2440 3828 quo
2504 3751 2511 3758 ⁵

313 3854 461 3904 modo
487 3855 838 3904 dissimulatam
868 3852 1122 3918 perfidiam
1145 3853 1396 3915 indicans,
1423 3849 1681 3916 Quintium
1709 3851 1907 3901 Naevius
1950 3850 2141 3900 insidiis
2176 3851 2443 3900 circumve-

312 3945 460 4002 nerit,
489 3945 600 4007 5-9.
619 3945 782 4005 Quam
809 3943 1064 3991 concludit
1086 3943 1222 3992 brevi
1250 3941 1449 3990 invidiae
1470 3941 1652 3990 affectu
1669 3943 1723 3990 in
1740 3940 2069 4002 adversarios,
2097 3940 2185 4006 qni
2206 3939 2440 4004 eloquen-

313 4032 380 4078 tia
403 4041 451 4079 et
475 4031 698 4097 potentia
725 4029 790 4078 ad
814 4030 1038 4091 injuriam
1058 4030 1342 4089 abutuntur,
1363 4045 1413 4094 9.

381 4121 506 4169 Tum
530 4119 725 4170 accedit
747 4131 922 4168 auctor
947 4119 1011 4168 ad
1032 4121 1398 4169 Pus-monn
1413 4153 1427 4178 ,
1461 4133 1539 4166 ιο.
1570 4117 1932 4182 Denuntiatque
1953 4133 2005 4166 se
2031 4127 2366 4166 ostensurum:
