2984 4684
448 334 591 407 310
1042 338 1141 405 M.
1194 337 1273 403 Τ.
1328 336 1902 405 CICERONIS

441 482 571 529 ¹ros
599 482 747 529 xvn
768 480 1115 529 nmmos:
1144 480 1435 539 ammom
1458 480 1756 527 anuum
1781 479 1906 527 11·s
1927 478 2288 527 suctu-ra
2313 482 2589 533 natu.

442 573 599 639 Hoc
637 583 747 640 est
780 572 1095 639 rationes
1131 564 1450 671 referre?
1486 566 1632 638 hoc
1665 564 1891 637 modo
1929 582 2059 638 aut
2095 564 2306 664 ego⁶,
2347 585 2474 643 aut
2507 586 2594 644 tu

442 679 823 760 Hortensi,
862 692 987 749 aut
1030 679 1417 775 quisquam
1450 676 1838 747 hominum
1887 676 2177 748 retulit?
2213 678 2411 768 Quid
2449 679 2594 753 hoc

446 788 607 861 est?
641 812 803 887 quae
840 786 1334 887 impudentia?
1365 812 1528 885 quae
1561 786 1903 858 audacia?
1939 786 2144 883 quod
2172 789 2592 886 exemplum

446 925 537 971 ex
562 913 673 973 tot
703 899 1087 971 hominum
1116 896 1526 970 rationibus
1552 897 1792 969 relatis
1829 896 2250 991 hujusmodi
2283 899 2432 971 est?
2463 898 2594 971 Illa

440 1024 687 1083 tamen
714 1015 863 1081 H·S
902 1022 1241 1081 sexcenta
1277 1009 1500 1080 millia
1521 1062 1544 1097 ‚
1588 1032 1752 1106 quae
1787 1032 1882 1079 ne
1921 1004 2102 1079 falso
2131 1007 2428 1105 quidem
2463 1034 2596 1107 po·

441 1121 619 1207 tuit,
670 1118 939 1217 quibus
976 1117 1144 1191 data
1181 1134 1447 1207 essent,
1483 1116 1936 1204 describere,
1963 1143 2127 1214 quae
2165 1142 2242 1189 se
2283 1120 2595 1191 Arimini

446 1228 697 1301 scribit
721 1228 1121 1327 reliquisse,
1150 1254 1313 1327 quae
1340 1231 1498 1328 ipsa
1525 1233 1674 1301 H·S
1700 1244 2040 1301 sexcenta
2069 1229 2288 1301 millia
2314 1229 2598 1327 reliqua

448 1338 633 1411 facta
668 1353 875 1429 sunt,
922 1364 1166 1437 neque
1212 1338 1451 1411 Carbo
1503 1340 1782 1438 attigit,
1841 1364 2084 1437 neque
2129 1340 2328 1413 Sulla
2372 1340 2598 1429 vidit,
2701 1419 2717 1431 „

448 1475 689 1547 neque
748 1453 828 1521 in
864 1451 1199 1521 aerarium
1236 1449 1461 1531 relata
1513 1466 1707 1522 sunt.
1766 1450 2146 1548 Oppidum
2197 1450 2337 1521 sibi
2383 1449 2600 1549 elegit

450 1566 857 1635 Ariminum
876 1616 897 1646 ‚
936 1560 1141 1660 quod
1180 1577 1373 1651 tum,
1406 1586 1641 1658 quum
1673 1562 1806 1633 iste
1846 1562 2164 1635 rationes
2197 1558 2602 1649 referebat,

450 1684 925 1773 oppressum⁷
962 1673 1483 1772 direptumque
1517 1688 1714 1745 erat:
1755 1696 1908 1743 non
1943 1670 2444 1770 suspicabatur
2487 1672 2600 1759 id,

450 1782 653 1880 quod
682 1808 881 1855 nunc
914 1788 1217 1870 sentiet,
1250 1784 1419 1857 satis
1446 1783 1722 1855 multos
1749 1808 1840 1853 ex
1865 1783 1990 1855 illa
2019 1784 2421 1855 calamitate
2449 1786 2601 1855 Ari-

451 1896 895 1965 minensium
936 1908 1152 1967 testes
1203 1894 1421 1967 nobis
1460 1897 1542 1965 in
1591 1894 1780 1965 hanc
1833 1920 1989 1967 rem
2038 1894 2364 1993 reliquos
2417 1918 2600 1965 esse.

450 2006 699 2075 Recita
733 2004 979 2076 denuo
1006 2034 1022 2075 ε
1049 2010 1123 2077 Ρ.
1164 2008 1506 2077 Lam-uno
1527 2002 1583 2093 ⁸,
1614 2008 2060 2093 LTruuuo,
2099 2027 2604 2090 Qufflsromnus

450 2144 779 2209 numum,
814 2146 937 2192 ans
966 2145 1351 2193 lta-nonum
1386 2143 1852 2191 nummum.
1883 2121 2173 2192 Recita:
2211 2146 2298 2191 ι-ῑῑ.
2319 2143 2376 2191 s,
2407 2145 2470 2193 c.
2503 2123 2604 2191 Ut

446 2233 593 2305 hoc
619 2248 833 2332 pacto
856 2238 1215 2307 rationem
1240 2232 1511 2307 referre
1533 2235 1804 2321 liceret,
1827 2258 1916 2307 eo
1936 2234 2276 2307 Sullanus
2299 2248 2604 2333 repente

447 2342 679 2416 factus
722 2359 831 2417 est
852 2404 872 2431 ,
918 2372 1073 2417 non
1112 2361 1199 2417 ut
1232 2346 1472 2417 honos
1521 2359 1594 2417 et
1632 2344 1942 2442 dignitas
1979 2344 2344 2417 nobilitati
2393 2346 2600 2415 resti·

450 2468 802 2526 tueretur.
837 2456 1055 2547 Quod
1084 2458 1145 2528 si
1173 2457 1371 2527 illinc
1402 2456 1640 2527 inanis
1671 2454 2155 2555 profugisseS‚
2187 2470 2430 2527 tamen
2469 2460 2604 2525 ista

450 2580 577 2636 tua
616 2563 784 2664 fuga
828 2565 1133 2654 nefaria,
1168 2564 1491 2667 proditio
1529 2566 1852 2638 consulis
1887 2570 1995 2637 tui
2029 2566 2374 2639 scelerata
2404 2564 2604 2661 judi-

450 2691 757 2747 caretur.
778 2676 1011 2748 Malus
1030 2682 1235 2765 civis,
1256 2676 1642 2774 improbus
1665 2676 1943 2764 consul,
1971 2676 2354 2749 seditiosus
2377 2677 2603 2748 homo

446 2790 579 2856 Cn.
604 2786 854 2857 -Carbo
874 2797 907 2845 9
936 2785 1099 2857 fuit.
1130 2789 1374 2858 Fuerit
1400 2787 1598 2858 aliis:
1633 2786 1767 2858 tihi
1801 2787 2100 2884 quando
2137 2810 2292 2859 esse
2325 2786 2604 2885 coepit?

446 2910 924 2994 posteaquam
980 2896 1114 2969 tibi
1166 2900 1591 2995 pecuniam,
1639 2922 1796 2969 rem
1845 2894 2435 2985 frumentariam,
2497 2920 2606 2967 ra-

450 3007 689 3079 tiones
738 3032 995 3079 omnes
1050 3031 1217 3079 suas
1272 3011 1818 3104 exercitumque
1861 3008 2244 3078 commisit.
2309 3010 2493 3077 Nam
2543 3011 2604 3077 si

450 3114 583 3187 tibi
609 3132 821 3190 antea
840 3117 1326 3218 displicuisset
1348 3143 1368 3205 ;
1392 3117 1590 3190 idem
1617 3116 1944 3207 fecisses,
1973 3117 2178 3216 quod
2209 3142 2408 3190 anno
2439 3133 2608 3217 post

520 3362 575 3409 6.
613 3364 755 3428 Ego,
802 3375 893 3411 aue
936 3374 1006 3411 tu.
1054 3364 1231 3411 Fuerat
1278 3372 1485 3428 uterque

448 3452 697 3503 quaestor;
725 3442 899 3492 Cicero
924 3442 975 3489 iu
1000 3442 1185 3501 Sicilia,
1199 3458 1331 3491 anno
1350 3444 1484 3503 6783

450 3522 743 3568 Hortensius
767 3537 901 3569 anno
927 3522 1029 3583 673
1046 3557 1063 3583 ,
1095 3536 1193 3585 qua
1230 3522 1485 3587 provincia

452 3598 711 3648 incertum.

526 3694 573 3736 7.
614 3678 927 3742 Oppressum.
965 3680 1010 3725 A
1050 3676 1215 3737 Sulln3
1242 3678 1485 3743 prodente

450 3754 573 3803 illud
598 3757 941 3816 Albinovano,
970 3757 1095 3806 duce
1112 3758 1360 3807 Mariano.

526 3838 574 3882 8.
604 3839 660 3883 Ρ.
694 3837 911 3884 Lentulo.
928 3836 1124 3885 Titulus
1147 3848 1219 3885 est
1236 3838 1485 3886 rationum

453 3914 639 3961 Verris.
672 3915 861 3979 Nempe
888 3919 953 3965 A.
988 3918 1052 3964 U.
1092 3917 1194 3975 672
1220 3927 1486 3979 quaestores

452 4004 591 4041 erant
618 3994 675 4042 1³.
706 3996 941 4044 Lentulus
956 3998 1079 4044 Sura
1102 4006 1152 4043 et
1182 3997 1239 4043 L.
1260 3995 1486 4043 Valerius

454 4073 693 4131 Triarius,
727 4074 789 4121 ad
831 4091 959 4138 quos
998 4075 1209 4123 ratione-
1256 4076 1489 4124 retulerat

1574 3364 1770 3410 Verres.
1788 3360 1954 3409 'Verba
1985 3376 2051 3409 ea:
2089 3358 2215 3409 SCto
2249 3360 2424 3409 harum
2450 3360 2607 3425 prima

1573 3450 1689 3488 sunt
1717 3438 1884 3489 verba.
1911 3466 1984 3476 —
2011 3440 2122 3488 Res.
2153 3438 2282 3489 Gan.
2311 3440 2431 3487 έιατ.
2463 3442 2527 3487 Et
2566 3440 2610 3489 is

1573 3530 1648 3567 est
1667 3519 1842 3577 iudex,
1875 3536 1962 3567 eeu
1990 3518 2177 3567 codicis
2205 3520 2465 3585 inscriptio
2481 3554 2496 3580 ,
2521 3536 2606 3567 seu

1571 3598 1728 3647 literae
1751 3598 1932 3663 quibus
1965 3602 2266 3663 consignata·
2297 3610 2434 3647 erant
2459 3600 2609 3649 ratio-

1576 3694 1661 3725 nes
1683 3680 1904 3727 omnium
1921 3714 1936 3737 ‚
1955 3678 2032 3726 his
2057 3678 2386 3743 questui-ibus
2411 3679 2610 3726 urbanis

1575 3758 1836 3805 relatarum
1863 3774 2044 3806 rerum.

1647 3852 1696 3901 9.
1721 3838 1808 3885 Cn.
1831 3838 2006 3887 Carbo.
2027 3838 2138 3885 Hoc
2164 3853 2228 3884 ex
2248 3838 2398 3885 animi
2415 3849 2611 3885 senteu-

1577 3918 1646 3965 tin
1669 3916 1840 3964 scribit
1865 3916 2070 3978 Cicero,
2088 3917 2176 3981 qui
2197 3914 2263 3964 ad
2290 3916 2404 3965 Div.
2426 3918 2520 3975 lx,
2542 3932 2570 3962 a
2585 3932 2604 3963 ε

1575 3996 1638 4043 de
1661 3996 1756 4043 hoc
1783 3996 2008 4045 Carbone
2033 3997 2276 4061 loquens:
2302 4018 2328 4037 α
2347 3996 2485 4053 Hoc,
2523 3997 2610 4059 qui

1576 4076 1784 4142 Lilybaei
1815 4093 1842 4124 a
1880 4076 2121 4140 Pompeio
2159 4086 2332 4123 nostro
2361 4084 2435 4122 est
2463 4074 2613 4123 inter-
