2984 4684
444 398 585 470 300
942 474 947 478 ,
1084 397 1181 464 Μ.
1232 396 1312 463 Τ.
1364 394 1926 465 CICERONIS

436 518 657 591 fidem
684 530 995 589 vestram
1032 530 1108 587 et
1136 514 1566 611 religionem
1605 540 1756 587 non
1785 516 2170 616 potueritis
2189 568 2210 603 ,
2241 538 2334 587 eo
2367 515 2580 588 vobis

431 626 807 727 judicandi
844 640 1163 727 potestas
1197 640 1447 725 erepta
1483 629 1578 697 sit
1609 653 1626 696 :
1667 624 1932 697 deinde
1971 630 2190 697 etiam
2232 625 2414 697 illud
2449 650 2574 698 co-

436 744 688 839 gitate,
717 752 995 837 quanto
1016 735 1341 835 periculo
1360 732 1391 779 ⁸
1416 740 1706 808 venturi
1739 740 1966 807 simus
1993 736 2082 807 ad
2117 762 2244 809 eos
2271 735 2576 832 judiceS,

440 876 627 950 quos
654 864 958 949 propter
986 847 1239 920 odium
1266 850 1483 919 vestri
1519 848 1838 946 populus
1861 872 2210 918 romanus
2241 845 2332 917 de
2365 846 2578 918 vobis

435 960 751 1033 voluerit
778 956 1125 1055 judicare.
1162 960 1435 1027 Verum
1462 956 1676 1029 vobis
1702 957 1940 1030 dicam
1972 956 2048 1029 id
2071 1012 2092 1041 ,
2129 956 2334 1055 quod
2361 956 2576 1028 intel-

436 1077 579 1148 lexi
604 1130 625 1163 ,
678 1073 959 1171 judices
994 1100 1011 1143 :
1052 1071 1387 1144 homines
1430 1075 1686 1145 scitote
1741 1096 1898 1145 esse
1938 1071 2336 1171 quosdam,
2385 1094 2578 1169 quos

438 1202 721 1259 tantum
765 1184 1017 1258 odium
1068 1186 1286 1255 vestri
1332 1182 1612 1255 ordinis
1667 1196 1950 1271 teneat,
2013 1198 2096 1253 ut
2145 1181 2290 1254 hoc
2339 1182 2575 1281 paiam

431 1298 581 1395 jam
622 1294 996 1381 dictitent,
1042 1318 1118 1365 se
1156 1296 1415 1379 istum,
1455 1316 1682 1391 quem
1725 1296 1956 1364 sciant
2009 1316 2164 1365 esse
2199 1293 2578 1364 hominem

434 1407 1055 1509 improbissimum
1071 1459 1091 1493 ,
1116 1404 1261 1477 hoe
1282 1428 1435 1475 uno
1462 1406 1763 1474 nomine
1793 1401 2070 1474 absolvi
2108 1401 2326 1488 velle,
2368 1416 2454 1473 ut
2481 1399 2578 1471 ab

436 1534 695 1593 senatu
722 1518 995 1615 judicia
1020 1540 1155 1615 per
1172 1518 1649 1615 ignominiam
1673 1514 2356 1612 turpitudinemque
2383 1510 2578 1585 aufe-

436 1643 716 1702 rantur.
756 1634 971 1699 Haec9
1008 1650 1153 1714 me,
1176 1625 1494 1722 judieeS,
1535 1622 1873 1724 pluribus
1917 1624 2160 1697 verbis
2197 1625 2577 1697 vobiscum

444 1763 657 1836 agere
694 1741 934 1835 coegit
974 1761 1125 1809 non
1164 1740 1385 1809 timor
1416 1758 1624 1806 meus
1657 1733 1751 1806 de
1780 1748 2014 1807 vestra
2039 1734 2220 1821 fide,
2245 1732 2372 1805 sed
2413 1758 2580 1832 spes

442 1850 737 1922 illorum
760 1860 824 1893 ¹⁰
860 1871 1047 1919 nova
1074 1874 1093 1934 ς
1132 1872 1295 1946 quae
1323 1872 1557 1944 quum
1574 1850 1878 1918 Verrem
1911 1872 1950 1917 a
1977 1862 2188 1945 porta
2219 1846 2463 1918 subito
2489 1844 2580 1918 ad

433 1959 793 2056 judicium
820 1961 1231 2030 retraxisset
1248 2012 1268 2045 ,
1298 1956 1635 2028 nonnulii
1659 1960 2003 2055 suspicati
2023 1970 2228 2045 sunt,
2247 1983 2402 2030 non
2423 1960 2580 2029 sine

438 2100 650 2147 causa
686 2074 879 2145 iuius
916 2074 1303 2145 consilium
1331 2086 1483 2144 tam
1517 2087 1823 2172 repente
1853 2096 2012 2145 esse
2041 2088 2429 2143 mutatum.

531 2190 655 2255 IX.
692 2190 946 2273 Nunc,
988 2210 1085 2256 ne
1124 2195 1362 2256 novo¹
1401 2187 1876 2282 querimoniae
1902 2208 2168 2281 genere
2205 2187 2312 2254 uti
2351 2187 2584 2281 possit

437 2298 899 2383 Hortensius,
926 2310 1001 2366 et
1017 2306 1149 2366 ea²
1170 2294 1445 2383 dicere,
1478 2296 1800 2392 opprimi
1816 2318 2028 2365 reum
2049 2348 2068 2383 ,
2105 2291 2196 2365 de
2220 2317 2372 2390 quo
2399 2292 2580 2363 nihil

435 2406 627 2479 dicat
658 2419 1073 2493 accusator3
1116 2404 1300 2476 nihil
1334 2428 1489 2479 esse
1525 2420 1672 2475 tam
1717 2402 2212 2503 periculosum
2262 2402 2582 2475 fortunis

435 2519 979 2606 innocentium,
1018 2542 1241 2614 quam
1268 2529 1508 2587 tacere
1539 2513 2025 2603 adversarios;
2067 2530 2140 2587 et
2169 2540 2265 2587 ne
2301 2515 2512 2587 aliter
2525 2512 2582 2602 ³,

438 2654 661 2728 quam
694 2652 829 2724 ego
847 2626 1061 2697 velim
1083 2680 1103 2711 ‚
1128 2650 1373 2697 meum
1395 2623 1642 2697 laudet
1669 2628 2080 2723 ingenium,
2109 2650 2342 2723 quum
2368 2625 2584 2711 dicat,

438 2765 580 2826 me,
600 2742 659 2809 si
680 2737 907 2808 multa
927 2736 1264 2808 dixissem
1282 2792 1303 2825 ,
1324 2734 1873 2807 sublevaturum
1901 2734 2122 2808 fuisse
2142 2761 2338 2823 eum,
2357 2760 2584 2834 quem
2629 2746 2634 2751 “

438 2862 695 2921 contra
722 2844 1077 2934 dicerem3
1108 2848 1279 2943 quia
1303 2870 1455 2917 non
1480 2844 1810 2931 dixerim,
1832 2846 2270 2945 perdidisse:
2299 2871 2582 2918 morem

440 2959 545 3031 illi
592 2980 871 3057 geram3
911 2970 1074 3027 utar
1128 2958 1461 3027 oratione
1513 2969 1870 3054 perpetua
1911 2984 1928 3027 ε
1968 2962 2172 3028 non⁴
2229 2960 2582 3056 quoniam

508 3190 561 3239 8.
584 3190 783 3252 Quanto
794 3187 1031 3252 periculo.
1054 3190 1207 3251 Quin,
1232 3188 1370 3253 quod
1388 3190 1464 3236 in-

440 3270 567 3334 tegri
592 3280 707 3317 sunt
732 3269 919 3332 equites
952 3279 1002 3317 et
1026 3269 1216 3317 inimici
1244 3270 1467 3319 nohilita-

442 3351 535 3411 ὼ,
574 3364 728 3413 quum
758 3348 987 3395 translata
1021 3358 1163 3396 erunt
1181 3365 1210 3397 ι
1234 3350 1375 3397 vohis
1401 3350 1466 3397 ad

439 3444 525 3477 eoo
557 3428 765 3491 judicu,
792 3426 853 3474 de
883 3438 1039 3474 vestra
1070 3427 1271 3476 infamia
1298 3440 1347 3477 et
1370 3428 1467 3477 ini-

441 3509 626 3573 quitate
649 3522 813 3555 severe
835 3505 1145 3567 iudicabunt.

510 3574 563 3651 ⁸9.
583 3588 715 3635 Hoee.
738 3586 935 3651 Mitigat
960 3588 1225 3652 superioris
1245 3586 1468 3637 admoni-

444 3666 595 3717 tionis
620 3665 949 3715 acerbitntem.

520 3762 600 3795 ιο.
630 3745 854 3795 Illomm.
874 3744 1043 3793 Verris
1072 3747 1357 3796 amicorum.
1394 3774 1469 3785 -—

444 3827 494 3874 A
508 3836 678 3891 porta.
711 3824 823 3887 Qua
850 3824 902 3872 in
928 3824 1153 3873 exsilium
1185 3824 1469 3891 pmfieieee-

441 3905 604 3955 batur.
760 3904 767 3909 ’

512 3985 605 4031 Ix.
642 3996 685 4027 r.
721 3978 871 4029 Novo.
915 3982 1145 4033 Imudito
1182 4000 1197 4033 :
1238 3983 1466 4036 ridiculo.

443 4064 569 4127 Quis
590 4060 721 4110 enim
740 4076 971 4125 umqum
990 4062 1059 4110 rei
1087 4074 1323 4128 patronus
1344 4082 1469 4130 peu-

446 4144 578 4191 cion
604 4140 667 4189 ab
686 4149 970 4189 coenatore
993 4140 1093 4190 dici
1118 4154 1321 4207 questus
1354 4156 1430 4194 est
1444 4147 1467 4192 Ρ

1554 3188 1749 3239 Ironiee
1773 3190 2030 3240 Hortensii
2064 3189 2314 3255 querelam
2345 3188 2586 3255 proponit

1555 3280 1740 3319 orator.

1628 3364 1680 3398 a.
1709 3350 1959 3411 Quor-mn
1991 3353 2092 3396 ea?
2117 3349 2324 3407 Vereor,
2359 3364 2422 3396 ne
2449 3364 2512 3397 ex
2535 3360 2588 3397 et

1555 3438 1720 3477 ortum
1747 3430 1828 3477 eit.
1859 3432 2006 3477 Forte
2027 3428 2172 3476 etiam
2196 3428 2293 3476 fuit
2317 3426 2416 3489 ita,
2445 3428 2586 3493 quod

1557 3518 1682 3555 esset
1701 3507 1998 3572 elegantium
2031 3518 2082 3556 et
2112 3507 2186 3556 ita
2217 3524 2346 3573 sepe
2367 3508 2440 3555 sie
2471 3524 2584 3556 eum

1556 3587 1712 3635 ver-ho
1759 3586 1922 3635 dicere
1969 3598 2044 3635 est
2091 3585 2228 3651 apud
2277 3589 2584 3637 Ciceronem.

1555 3670 1749 3717 Ernest.
1769 3668 1819 3715 J.
1838 3668 1906 3716 V.
1937 3668 1994 3716 1..
2029 3695 2104 3704 —
2141 3665 2239 3716 sed
2269 3682 2332 3714 ea
2357 3665 2488 3714 idem
2513 3677 2588 3715 eet

1555 3746 1610 3794 h.
1629 3746 1666 3795 1.
1690 3763 1750 3794 ac
1779 3747 1886 3795 hoee
1910 3758 1962 3794 et
1981 3746 2138 3805 talia,
2179 3757 2228 3795 et
2247 3745 2438 3810 optime
2467 3762 2589 3794 eon-

1557 3828 1704 3889 gesti·
1743 3828 1994 3876 Hortensii
2043 3826 2363 3891 querimoniis
2395 3842 2592 3875 necom-

1555 3906 1798 3954 nodatur.

1629 3986 1772 4036 &Ne
1787 3985 1948 4035 aliter.
1973 3986 2206 4034 Astutnm
2230 4000 2309 4033 me
2333 3984 2520 4033 scilieet
2537 3996 2590 4033 et

1555 4065 1784 4115 collidam
1813 4064 2082 4129 appellans.

1629 4154 1680 4202 4.
1711 4146 1826 4193 Non
1863 4144 2116 4209 quoniam.
2155 4144 2282 4193 Nam
2321 4158 2383 4192 ex
2423 4142 2589 4209 priore
