2984 4684
590 375 732 464 450
940 465 947 473 .
1216 368 1309 442 M.
1362 377 1439 443 Τ.
1494 373 2070 444 CICERONIS

588 500 813 570 literis
857 493 1163 592 publicis
1196 497 1554 592 corruptis
1579 549 1598 582 ,
1653 495 1998 592 ejusque‘·
2031 495 2138 566 rei
2169 495 2448 592 legibus
2475 497 2708 572 Ther·

590 611 1024 680 mitanorum
1070 607 1257 677 actio
1304 592 1435 691 sit3
1483 629 1712 702 quum
1749 619 2038 676 senatus
2083 604 2546 704 populusque
2585 633 2712 682 ro·

590 743 847 791 manus
870 716 1345 789 Thermitanis
1365 767 1384 800 ‚
1424 716 1628 814 quod
1661 739 1946 814 semper
1971 717 2050 786 in
2075 718 2382 790 amicitia
2417 715 2710 815 fideque

594 830 1036 915 mansissent,
1066 825 1325 898 urbem
1339 821 1390 914 ⁵,
1428 851 1664 924 εει-οε,
1689 825 2026 924 legesque
2053 849 2218 898 suas
2249 826 2709 914 reddidisset;

586 938 1031 1036 Publiusque
1051 937 1377 1034 Rupilius
1400 949 1652 1034 postea
1679 937 1872 1032 leges
1887 937 1986 1008 ita
2005 935 2260 1008 Siculis
2281 961 2374 1008 ex
2393 953 2712 1010 senatus-

586 1051 919 1124 consulto
942 1105 961 1138 ‚
998 1049 1089 1120 de
1126 1049 1375 1120 decem
1404 1048 1804 1145 legatorum
1839 1049 2224 1132 sententia,
2251 1044 2599 1135 dedisset,
2631 1063 2712 1118 ut

586 1165 775 1234 cives
808 1163 998 1233 inter
1036 1185 1111 1230 se
1147 1156 1427 1256 legibus
1470 1161 1620 1228 suis
1655 1172 1982 1254 agerent3
2021 1155 2364 1254 idemque
2400 1156 2543 1228 hoc
2579 1157 2712 1231 hae-

585 1271 829 1342 buerit
852 1274 1111 1342 Verres
1137 1270 1381 1366 ipsein
1412 1265 1650 1338 edicto
1673 1293 1688 1336 ε
1709 1281 1795 1338 ut
1811 1263 1846 1312 ⁶
1869 1265 1962 1338 de
1985 1265 2096 1338 his
2121 1265 2459 1338 omnibus
2477 1271 2714 1340 oeusis

584 1407 661 1454 se
697 1380 787 1452 ad
814 1381 1007 1477 leges
1036 1379 1384 1472 rejiceret.
1426 1383 1604 1464 Iste,
1628 1377 1852 1450 homo
1877 1379 2208 1448 omnium
2235 1379 2713 1475 aequissimus,

580 1508 797 1590 atque
823 1515 865 1560 a
899 1487 1328 1588 cupiditate⁷
1360 1489 1915 1574 remotissimuS,
1949 1509 2026 1558 se
2062 1488 2521 1584 cogniturum
2555 1513 2712 1560 esse

584 1599 965 1673 confirmat
1000 1625 1016 1666 z
1054 1612 1383 1696 paratum
1410 1595 1502 1668 ad
1527 1621 1812 1670 causam
1843 1596 2226 1668 dicendam
2253 1599 2501 1670 venire
2528 1597 2714 1672 hora

547 1695 879 1784 ‘octavass
913 1708 1144 1806 jubet.
1204 1711 1371 1779 Non
1408 1721 1562 1778 erat
1612 1705 2043 1794 obscurum,
2087 1707 2266 1804 quid
2307 1707 2533 1779 homo
2575 1712 2710 1778 im·

580 1817 856 1920 probus
892 1843 972 1890 ac
1019 1816 1330 1890 nefarius
1366 1819 1759 1914 cogitaret:
1800 1840 2044 1912 neque
2093 1817 2286 1886 enim
2337 1819 2492 1914 ipse
2543 1819 2714 1892 satis

582 1929 1011 2016 occultarat3
1036 1953 1171 1999 nec
1196 1927 1488 1999 muliero
1515 1942 1748 2000 tacere
1769 1941 2070 2025 poterat.
2089 1926 2548 2000 Intellectum
2581 1945 2716 2015 est,

576 2038 657 2142 ‚id
684 2043 973 2109 istum¹⁰
1001 2061 1245 2134 agere,
1286 2051 1401 2125 ut,
1431 2061 1665 2134 quum
1689 2037 2090 2125 Sthenium,
2119 2039 2272 2110 sine
2310 2038 2462 2110 ullo
2495 2063 2712 2138 argu-

584 2161 833 2217 mento
854 2200 873 2234 ‚
902 2171 985 2217 ac
1020 2147 1173 2217 sine
1208 2161 1419 2230 teste,
1463 2145 1909 2233 damnasset,
1941 2161 2096 2218 tum
2137 2147 2362 2220 homo
2399 2146 2713 2222 nefarius

584 2259 677 2329 de
718 2257 1015 2328 homine
1056 2255 1328 2344 nobili,
1390 2269 1610 2354 atque
1645 2256 1722 2327 id
1753 2259 2011 2344 aetatis,
2065 2281 2348 2354 suoque
2385 2256 2714 2355 hospite,

586 2369 799 2465 virgis
838 2365 1271 2464 supplicium
1310 2366 2178 2439 crudelissime'sumeret.
2218 2368 2437 2460 Quod
2481 2393 2713 2466 quum

582 2491 769 2549 esset
793 2478 1292 2574 perspicuum
1322 2475 1413 2547 de
1440 2479 1835 2548 amicorum
1867 2471 2383 2575 hospitumque
2415 2501 2713 2551 suorum

584 2590 973 2674 sententia,
1008 2587 1336 2658 Thermis
1372 2585 1714 2658 Sthenius
1751 2591 2054 2658 Romam
2091 2585 2436 2685 profugit.
2481 2588 2714 2660 Hiemi

586 2721 739 2768 sese
767 2694 1255 2792 fluctibusque
1283 2699 1736 2767 committere
1767 2695 2056 2784 maluit,
2080 2721 2297 2793 quam
2327 2723 2476 2768 non
2505 2699 2710 2768 istam

588 2827 1051 2876 communem
1090 2805 1496 2876 Siculorum
1540 2819 2038 2906 tempestatem
2093 2807 2713 2907 calamitatemque

588 2921 835 2986 vitare.
918 2995 923 3000 ⁸

683 3028 1083 3119 XXXVIII..
1117 3030 1260 3097 Iste
1298 3025 1524 3096 homo
1551 3041 1794 3098 certus
1835 3040 1910 3099 et
1941 3025 2286 3124 diligens,
2321 3025 2416 3098 ad
2458 3027 2710 3100 horam

591 3149 913 3205 octavam
972 3147 1236 3232 praesto
1290 3147 1418 3206 est.
1484 3135 1865 3208 Sthenium
1922 3139 2123 3208 citari
2169 3136 2380 3234 jubet
2419 3163 2436 3207 t
2493 3161 2712 3236 quem

591 3301 900 3366 pecunias-ina,
927 3313 1010 3350 eut
1042 3301 1202 3366 aliqua
1228 3305 1280 3350 in
1308 3317 1490 3368 corpus
1523 3319 1606 3351 co·
1696 3319 1803 3351 rum
1842 3301 2206 3352 accusationum
2242 3321 2432 3369 geuene.
2479 3305 2616 3354 Idem
2652 3321 2714 3354 ex

592 3382 762 3430 ercitio
788 3379 947 3446 poenus
978 3393 1051 3430 est
1068 3403 1113 3431 u.
1647 3401 1663 3415 -
1697 3383 1961 3447 Wyttenh.
1994 3381 2121 3431 Bibl.
2153 3385 2274 3434 crit.
2307 3387 2356 3441 1,
2395 3399 2458 3444 a,
2490 3400 2580 3440 zo,
2601 3397 2708 3429 suas

664 3472 714 3519 4.
738 3461 838 3509 Alii
854 3495 868 3521 ,
904 3461 1097 3522 «eiusce
1116 3460 1187 3508 rei
1198 3481 1237 3507 n.
1262 3461 1386 3510 LV.
1414 3463 1467 3509 1..
1699 3472 1809 3509 unte
1835 3463 1960 3527 leges
1983 3461 2189 3511 eddidit.

666 3541 714 3588 5.
748 3540 876 3601 Alii,
904 3539 1087 3588 «urbes
1105 3560 1149 3588 ι.
1188 3539 1413 3588 Correxit
1451 3555 1480 3586 e
1523 3539 1612 3589 MS
1773 3557 1820 3602 7.
1848 3541 1978 3600 Alit,
2017 3557 2078 3590 ιιι
2100 3540 2368 3605 cupiditate
2393 3538 2612 3588 omnium
2637 3555 2708 3587 re-

590 3619 749 3667 Nenn.
768 3636 881 3667 cum
909 3621 1072 3668 Graev.
1093 3621 1281 3669 Ernest.
1699 3619 2042 3668 notissimus..
2068 3624 2101 3670 J
2105 3655 2118 3667 .
2137 3623 2204 3670 V.
2227 3623 2281 3668 L.

660 3699 713 3746 6.
762 3699 843 3748 Ue.
879 3697 1102 3746 Postulat
1138 3697 1391 3758 Sthenius,
1428 3708 1510 3757 ut,
1547 3711 1607 3747 ex
1768 3699 1818 3748 ⁸.
1843 3699 1972 3758 Alii,
2009 3715 2162 3748 nona.
2183 3697 2352 3746 Paullo
2373 3697 2499 3745 infru
2525 3699 2706 3746 Eruett.

588 3773 815 3824 omnibus
833 3793 980 3841 snpra
1002 3777 1293 3825 enumeratis
1314 3777 1471 3824 causis
1489 3791 1605 3841 pro-
1693 3779 1914 3842 quamvis
1955 3779 2037 3826 hic
2075 3789 2251 3827 octava
2291 3777 2557 3843 receperit,
2589 3776 2708 3824 mele

586 3863 695 3916 pter
721 3853 807 3902 has
839 3871 1009 3902 omnes
1040 3855 1278 3917 rationes,
1313 3871 1365 3903 se
1388 3855 1451 3903 ad
1476 3855 1606 3920 leges
1693 3858 1888 3924 reliquit
1908 3873 2107 3907 nonam.

584 3930 771 3979 Siculas
812 3933 1043 3981 remittat.
1088 3935 1259 3981 Errare
1301 3932 1351 3981 h.
1389 3935 1422 3983 Ι.
1458 3935 1608 3982 Erne-
1765 3951 1815 3998 9.
1841 3939 1946 3985 Nec
1963 3937 2152 3988 melier.
2175 3935 2456 3998 Callidum,
2475 3935 2706 3985 Dorothei

586 4009 728 4056 stium
757 4009 1097 4060 animadvertit
1112 4011 1483 4077 Sehiitzim,qui
1503 4035 1528 4056 α
1545 4013 1607 4062 de
1694 4031 1820 4062 uxor
1847 4016 2050 4064 Sthenio
2077 4015 2280 4064 inimici.

586 4087 811 4136 omnibus
837 4089 1025 4136 causis»
1052 4091 1231 4156 accipit
1260 4091 1320 4137 de
1357 4093 1489 4139 omui
1527 4093 1604 4140 ba·
1771 4109 1850 4144 10.
1872 4093 1992 4154 Alii,
2018 4094 2191 4158 ipsum.
2209 4097 2264 4144 J.
2285 4096 2342 4144 V.
2373 4097 2430 4145 1..
