2984 4684
671 371 779 443 IN
830 363 1270 442 VERREM
1314 373 1533 442 ACT.
1586 375 1699 456 11,
1750 373 1933 443 Lm.
1987 355 2135 441 η’
2305 363 2447 468 4ὸ9

329 489 620 590 quidam
640 545 660 578 ,
685 493 892 566 istius
907 517 1248 564 excursor
1278 509 1351 564 et
1378 490 1850 583 emissariusss,
1876 494 2099 566 homo
2120 495 2449 564 omnium

330 602 568 673 exilio
599 619 966 674 conventu
993 605 1637 702 quadruplatorum
1672 604 2097 677 deterrimus
2111 617 2167 692 ⁷,
2208 609 2287 676 C.
2326 609 2448 676 Sa-

327 711 619 783 cerdote
677 727 978 811 praetore
1033 713 1559 785 condemnatus
1606 714 2029 808 injuriarum
2056 709 2109 783 ⁸.
2164 715 2447 784 Etenim

327 837 481 893 erat
521 823 872 918 ejusmodi
907 848 1154 912 causa,
1191 813 1275 894 ut
1313 823 1466 921 ipse
1508 838 1795 922 praetor,
1831 848 2061 920 quum
2097 837 2451 920 quaereret

327 931 916 1004 calumniatorem
941 987 960 1022 ‚
1005 933 1246 1031 paullo
1289 948 1535 1005 tamen
1576 934 2203 1004 consideratiorem
2240 957 2451 1031 repe-

326 1045 470 1114 rire
511 1066 664 1112 non
703 1059 966 1142 posset.
1005 1049 1218 1115 Hunc
1259 1043 1683 1114 hominem9
1715 1045 2060 1116 Veneri⁸0
2105 1041 2451 1128 absolvit,

326 1149 464 1222 sibi
505 1151 942 1224 condemnat
989 1184 1004 1225 :
1049 1155 1300 1225 maluit
1347 1154 1678 1225 videlicet
1730 1154 2063 1224 homines
2118 1175 2455 1250 peccare,

327 1285 546 1358 quam
573 1261 783 1350 deos3
807 1287 882 1334 se
903 1265 1144 1360 potius
1161 1288 1202 1334 a
1219 1267 1454 1335 Dione
1471 1317 1491 1349 ,
1514 1263 1717 1361 quod
1738 1288 1887 1335 non
1907 1262 2169 1335 licebat
2185 1316 2204 1349 ,
2234 1285 2453 1359 quam

323 1373 678 1442 Venerem
701 1425 720 1460 ,
745 1372 946 1469 quod
976 1397 1122 1443 non
1153 1371 1582 1461 debebatur,
1619 1370 1923 1444 auferre.
1950 1370 2147 1462 Quid
2172 1395 2308 1468 ego
2333 1369 2453 1440 hic

325 1505 524 1552 nunc
553 1485 740 1552 Sext.
793 1484 1110 1579 Pompeii
1145 1481 1392 1554 Chlori
1425 1482 1923 1554 testimonium
1956 1485 2251 1552 recitem
2272 1536 2290 1566 ,
2323 1482 2453 1576 qui

324 1613 608 1663 causam
637 1593 784 1687 egit
817 1592 1073 1662 Dionis
1092 1645 1112 1678 ,
1148 1595 1276 1688 qui
1309 1591 1653 1664 omnibus
1680 1591 1899 1664 rebus
1936 1589 2298 1677 interfuit,
2328 1588 2455 1659 ho-

324 1702 540 1770 minis
587 1701 1113 1789 honestissimi,
1183 1704 1466 1774 tametsi
1528 1705 1702 1773 civis
1760 1725 2109 1773 romanus
2172 1701 2455 1770 virtutis

324 1835 534 1882 causa
555 1810 836 1906 jamdiu
867 1826 1011 1900 est,
1041 1825 1284 1883 tamen
1317 1814 1645 1884 omnium
1680 1811 2087 1883 Siculorum
2124 1810 2339 1907 primi
2369 1833 2455 1879 ac

325 1918 804 1991 nobilissimi?
849 1921 1043 2011 Quid
1073 1923 1298 2019 ipsius
1324 1926 1414 2012 Q.
1441 1923 1701 1993 Caecilii
1738 1924 1997 1993 Dionis
2022 1931 2107 2008 ¹¹,
2140 1920 2455 1990 hominis

322 2027 806 2127 probatissimi
841 2055 928 2102 ac
969 2032 1559 2130 prudentissimi?
1598 2031 1793 2122 Quid
1837 2033 1917 2102 L.
1938 2031 2294 2102 Vetecillii
2332 2031 2453 2101 Li-

323 2140 552 2235 guris,
576 2144 652 2209 T.
675 2141 955 2230 Manlii,
990 2146 1067 2212 L.
1103 2142 1396 2214 Caleni?
1421 2167 1737 2240 quorum
1772 2143 2099 2214 omnium
2129 2145 2453 2212 testimo-

321 2249 462 2320 niis
491 2249 584 2320 de
607 2249 740 2322 hac
773 2253 1028 2322 Dionis
1063 2255 1368 2351 pecunia
1395 2251 1901 2324 confirmatum
1930 2265 2057 2322 est.
2090 2251 2287 2322 Dixit
2313 2250 2454 2322 hoc

321 2355 512 2428 idem
553 2363 651 2428 M.
681 2360 1068 2448 LuculluS,
1109 2385 1186 2432 se
1221 2361 1314 2432 de
1353 2361 1466 2432 his
1502 2364 1756 2433 Dionis
1796 2359 2277 2432 incommodis
2318 2385 2453 2457 pro

323 2465 641 2564 hospitio
664 2522 683 2555 ,
717 2467 914 2564 quod
953 2468 1090 2540 sibi
1124 2493 1292 2540 cum
1330 2495 1419 2542 eo
1456 2485 1679 2560 esset,
1704 2472 1851 2564 jam
1878 2486 2047 2541 ante
2081 2493 2449 2566 cognosse.

325 2577 567 2665 Quid?
595 2577 942 2649 Lucullus
961 2633 980 2666 ,
1008 2581 1138 2676 qui
1163 2594 1322 2651 tum
1355 2581 1432 2650 in
1459 2579 1878 2651 Macedonia
1899 2591 1957 2624 ¹²
1990 2579 2165 2666 fuit,
2202 2579 2454 2649 melius

391 2823 445 2869 6.
470 2823 724 2870 Exeat-sor
747 2833 796 2870 ee
816 2821 1104 2870 emissarius.
1124 2821 1346 2870 Transla-
1433 2823 1613 2886 igitur,
1657 2821 1983 2886 ambiguitatis
2031 2817 2240 2870 vitanda
2288 2835 2451 2879 mma,

323 2901 396 2950 tio
438 2911 514 2949 eet
546 2918 576 2949 a
613 2903 808 2960 militia,
841 2903 894 2948 in
929 2919 1026 2965 qua
1065 2919 1346 2952 excursores
1435 2923 1460 2944 a·
1481 2904 1582 2951 late
1600 2901 1809 2950 Dionem
1826 2919 1975 2950 ma.»
1997 2899 2220 2948 Feliciter
2238 2898 2452 2964 quidem,

321 2981 741 3046 praemittebantur
776 2981 1066 3046 explorandi
1106 2982 1348 3031 tentandi-

322 3075 420 3123 que
437 3059 603 3124 gratia,
614 3059 746 3108 unde
767 3077 894 3126 saepe
911 3061 1091 3126 praedae
1107 3062 1343 3125 ingentes.

323 3142 500 3188 Verres
517 3141 685 3205 igitur,
713 3157 774 3190 ex
799 3141 1092 3205 quibu-dnm
1109 3143 1246 3204 quasi
1265 3157 1344 3189 ca-

323 3219 436 3266 etris
463 3229 622 3266 certos
647 3221 867 3268 homines
894 3221 1144 3271 emittebat
1166 3221 1344 3286 praedae

325 3313 495 3356 oanan
530 3297 682 3361 hique
723 3299 909 3362 optime
949 3316 1232 3350 excursores
1269 3301 1344 3348 di-

325 3386 520 3422 cuntur.

397 3467 448 3513 ⁸7.
473 3453 781 3502 Decet-rimus.
807 3459 1007 3505 Hotom.
1037 3468 1086 3506 et
1112 3457 1342 3506 Gulielm.

321 3531 582 3596 legendum
607 3533 866 3582 censebant
887 3536 1174 3584 teterrimus.

398 3614 446 3660 8.
473 3611 787 3677 bafia-iarum.
810 3614 958 3662 Actio
989 3615 1070 3662 iila
1107 3617 1344 3680 competit

321 3693 375 3740 in
417 3708 528 3740 eum
573 3693 657 3755 qui
705 3691 911 3756 aliquem
959 3694 1246 3759 pulsaverit,
1291 3697 1344 3744 in

323 3771 530 3820 alienam
557 3772 758 3820 domum
784 3769 832 3818 vi
857 3773 1126 3832 introierit,
1143 3787 1241 3822 etc.

395 3868 443 3914 9.
464 3853 608 3900 Hune
628 3851 884 3901 hoeninem.
911 3853 1144 3902 Diouem.
1172 3853 1344 3903 Aduo-

325 3940 396 3978 tat
418 3929 597 3980 Schiitz
627 3929 870 3979 bominem
897 3931 1064 3978 referri
1096 3932 1252 3980 videri
1283 3933 1346 3980 ad

325 4009 550 4058 Navium
567 4013 881 4075 Turpionem,
899 4010 984 4073 qui
1003 4011 1226 4076 proxime
1247 4022 1348 4059 erat

328 4109 352 4127 -
365 4087 514 4136 homo
531 4093 804 4139 teterrimus
819 4112 844 4132 ι·
861 4089 1146 4155 appellatus.
1169 4091 1348 4139 Scribit

1434 2983 1521 3030 sed
1544 2981 1647 3030 eine
1674 2981 1816 3029 Mss,
1844 2983 2071 3030 Ceterum
2101 2995 2268 3026 aeneus
2295 2993 2383 3041 per
2402 2993 2454 3022 se

1432 3064 1547 3111 satis
1565 3070 1716 3126 patet.

1509 3157 1591 3190 xo.
1618 3139 1791 3188 Veneri
1810 3138 2032 3188 absolvit.
2044 3137 2196 3200 Quod
2216 3136 2281 3184 ad
2296 3136 2455 3182 Vene-

1432 3237 1533 3268 rem
1557 3222 1758 3278 attinet,
1782 3233 1893 3267 eum
1918 3218 2131 3266 absolvit
2148 3251 2163 3275 ,
2196 3227 2245 3264 et
2270 3213 2453 3262 indicat

1431 3300 1565 3348 illam
1586 3298 1901 3347 hereditatem
1920 3315 1951 3345 a
1972 3298 2133 3345 Dione
2148 3294 2331 3343 Veneri
2350 3307 2451 3340 non

1433 3379 1627 3440 deberi3
1656 3379 1744 3427 aed
1770 3377 1889 3433 sibi,
1924 3379 1961 3425 i.
1986 3394 2033 3426 e.
2054 3374 2191 3440 quod
2225 3373 2291 3421 ad
2319 3387 2455 3419 mam

1433 3458 1691 3506 utilitatem
1720 3467 1908 3521 spectat
1926 3489 1941 3516 ,
1982 3471 2095 3504 eum
2130 3451 2451 3506 condemnat,

1430 3535 1529 3584 eibi
1557 3536 1806 3597 adjudicat
1838 3535 1969 3584 illam
2002 3534 2279 3599 pecuniam,
2316 3528 2454 3592 quod

1431 3625 1533 3663 erat
1556 3615 1683 3662 idem
1708 3631 1767 3661 ac
1782 3615 1825 3662 ai
1844 3615 2051 3662 Dionem
2066 3610 2450 3659 condemnasset.

1510 3709 1591 3742 n.
1632 3695 1691 3755 Q.
1726 3692 1907 3740 Caenei
1939 3689 2127 3740 Dionis.
2164 3687 2311 3736 Illum
2354 3687 2453 3735 hoo

1432 3783 1577 3821 ornat
1590 3771 1913 3836 praenomiue,
1935 3769 2071 3833 quod
2084 3768 2209 3828 Dio,
2234 3778 2287 3814 ut
2304 3781 2449 3830 supra

1432 3863 1535 3908 est,
1574 3852 1629 3898 iu
1674 3851 1916 3899 civitatem
1954 3851 2019 3911 Q.
2046 3846 2227 3897 Caecilii
2263 3845 2451 3894 Metelli

1433 3929 1673 3979 beneflcio
1710 3928 1923 3976 adscitus
1937 3963 1951 3986 ,
1988 3927 2030 3988 ej
2038 3943 2093 3975 ua
2136 3939 2314 3974 nomen
2359 3939 2451 3972 auo

1435 4009 1623 4058 nomini
1647 4008 1949 4070 adjunxerat.

1516 4105 1595 4135 ια.
1638 4090 1693 4136 In
1742 4087 2051 4138 Macedonia.
2098 4087 2173 4152 nt.
2197 4081 2453 4133 'seleutius

2961 3101 2964 3108 .
2960 3065 2964 3070 .
2956 2839 2965 3049 ————4-
2958 2789 2965 2822 --
