2984 4684
645 390 785 458 DE
834 388 1349 458 PRAETORE
1398 388 2140 460 PROVINCIALI.
2331 383 2466 484 527

328 509 729 602 significatur
758 509 860 591 id,
888 510 1072 599 quod
1098 511 1164 574 in
1190 511 1524 598 provincia
1557 531 1673 599 per
1705 509 2158 598 magistratum
2191 509 2474 597 aliquem

328 618 759 680 constitutum
786 633 901 681 est.
924 617 1027 681 Sic
1046 617 1253 706 legem
1277 617 1603 705 Rupiliam
1626 614 1903 704 appellat
1922 615 2153 680 Cicero
2179 614 2268 696 id,
2288 615 2470 703 quod

328 723 628 811 Rupilius
658 723 725 786 in
764 721 973 787 Sicilia
994 769 1014 804 ,
1064 737 1295 786 senatu
1330 720 1822 810 comprobante,
1855 721 2217 785 constituit.
2261 721 2326 786 si
2363 743 2466 785 res
2529 733 2534 738 “

328 851 408 893 ex
442 829 582 918 lege
620 844 955 917 gereretur
974 876 992 910 ,
1029 827 1228 891 moris
1250 843 1392 890 erat
1412 843 1489 890 ut
1524 826 1798 908 acti-onis
1819 824 2018 889 editio
2048 825 2472 915 praecederet,

328 957 468 1018 seu,
493 934 651 998 dicae
680 934 945 1023 scriptio
960 981 979 1016 ,
1008 949 1085 998 ut
1110 933 1199 997 ait
1221 933 1447 997 Cicero
1475 933 1853 997 Graecorum
1873 932 2091 1021 lingua
2115 928 2197 998 de
2219 933 2470 1015 Siculis,

329 1043 482 1130 quia
514 1064 717 1130 graece
762 1040 1231 1128 loquebantur..
1270 1038 1477 1104 Scribi
1512 1039 1656 1104 dica
1691 1038 2030 1122 dicebatur
2059 1055 2234 1120 tum,
2267 1061 2474 1128 quum

327 1149 405 1212 lis
438 1147 922 1229 intendebatur,
954 1146 1020 1211 id
1059 1164 1193 1227 est,
1215 1167 1422 1234 quum
1450 1144 1774 1226 judicium
1806 1144 2275 1233 postulabatur.
2301 1147 2478 1210 Dicae

327 1255 747 1343 scriptionem
792 1253 1188 1341 sequebatur
1232 1252 1487 1316 sortitio
1531 1249 1967 1340 [interpositis
2013 1252 2328 1314 nimirum
2361 1252 2477 1314 tri-

326 1363 505 1451 ginta
529 1361 759 1427 diebus
776 1409 794 1444 ,
823 1383 902 1425 ex
927 1362 1069 1450 lege
1094 1360 1381 1449 Rupilia3
1413 1375 1490 1423 ut
1523 1359 1782 1422 interim
1805 1357 2193 1422 deliberaret
2218 1379 2368 1422 reus
2391 1381 2475 1422 an

326 1467 590 1542 cedere,
619 1467 721 1532 vel
741 1466 1141 1532 contendere
1175 1466 1479 1555 deberet]
1501 1516 1519 1548 ,
1549 1489 1666 1529 seu
1690 1464 1868 1530 datio
1885 1464 2182 1546 judicum
2211 1487 2290 1528 ex
2312 1488 2478 1530 urna

327 1589 503 1638 sorte
524 1571 941 1638 eductorum.
958 1573 1135 1636 Dicae
1152 1571 1236 1636 ab
1260 1572 1593 1652 omnibus,
1613 1571 1726 1659 qui
1751 1592 1938 1661 agere
1965 1569 2292 1652 volebant,
2310 1592 2476 1657 quo-

326 1681 482 1744 libet
518 1679 623 1744 die
660 1703 739 1745 ex
775 1678 1043 1744 arbitrio
1074 1679 1530 1744 scribebantur
1561 1702 1576 1742 :
1613 1677 1991 1742 edicebatur
2021 1695 2238 1742 certus
2269 1675 2406 1742 dies
2438 1701 2476 1742 a

324 1802 621 1875 praetore,
656 1809 791 1873 quo
824 1808 931 1850 eas
970 1801 1139 1849 esset
1172 1783 1540 1871 sortiturus.
1576 1784 1642 1849 Si
1671 1807 1752 1849 eo
1779 1783 1886 1850 die
1918 1779 2174 1849 sortitio
2205 1783 2480 1866 alicujus

325 1891 521 1975 dicae,
573 1909 840 1982 propter
876 1890 1141 1981 triginta
1171 1889 1309 1956 dies
1344 1889 1648 1955 nondum
1683 1892 1966 1978 elapsos,
2006 1888 2146 1954 fieri
2183 1911 2316 1954 non
2353 1913 2478 1978 po-

326 1999 584 2080 tuisset,
628 2021 702 2062 ea
733 1999 923 2062 aliam
962 1996 1044 2063 ad
1076 1997 1489 2062 sortitionem
1532 2019 1651 2086 per
1683 1995 1859 2060 aliud
1891 1995 2179 2061 edictum
2227 1997 2473 2060 facien-

326 2101 477 2168 dam
511 2100 954 2169 differebatur.
1010 2101 1163 2167 Haec
1195 2102 1414 2166 omnia
1446 2123 1528 2166 ex
1552 2100 1802 2183 judicio
1833 2098 2146 2182 Heraclii,
2181 2101 2466 2166 hominis

324 2211 521 2275 Siculi
549 2227 1061 2301 cognoscuntur,
1088 2209 1265 2298 apud
1299 2210 1506 2274 Cicer.
1541 2209 1839 2273 Accusat.
1875 2203 1990 2272 lib.
2023 2209 2128 2288 11,
2157 2229 2298 2296 cap.
2329 2207 2430 2273 15.

413 2317 511 2382 Ex
532 2315 747 2381 edicto
764 2339 871 2381 res
894 2315 1441 2405 agebatur-,quum
1462 2315 1898 2404 litigatoribus
1911 2313 2113 2394 judex
2141 2335 2335 2396 unus,
2359 2331 2472 2380 aut

326 2441 457 2488 tres
490 2438 981 2510 recuperatores
1018 2420 1375 2502 dabantur,
1426 2436 1628 2507 prout
1668 2435 1910 2509 praetor
1957 2419 2026 2482 in
2081 2417 2296 2484 edicto
2352 2443 2476 2484 suo

325 2540 633 2613 posuerat
664 2545 735 2588 se
761 2523 844 2587 de
870 2521 993 2586 illis
1010 2567 1029 2602 ,
1056 2537 1173 2586 aut
1196 2521 1321 2584 illis
1348 2519 1546 2594 rebus
1564 2568 1582 2596 ‚
1609 2518 1934 2602 judicem,
1973 2536 2089 2584 aut
2123 2541 2470 2608 recupera·

327 2649 501 2697 tores
550 2629 878 2695 daturum.
915 2627 1151 2692 Iudicii
1192 2625 1391 2690 dandi
1440 2626 1722 2689 formula
1749 2625 1889 2689 haec
1919 2640 2094 2689 erat:
2143 2625 2252 2689 «Si
2289 2647 2478 2715 pare—

326 2757 448 2822 ret,
472 2756 599 2803 etc.
616 2771 641 2794 ι·
674 2737 936 2812 Cicero,
976 2733 1423 2799 Accusationis
1450 2733 1620 2797 libro
1644 2733 1838 2797 tertio
1855 2779 1874 2814 ,
1902 2755 2045 2820 cap.
2067 2753 2188 2797 22:
2221 2763 2248 2789 ι
2265 2733 2486 2798 Dabat·

328 2847 451 2910 iste
490 2843 809 2925 judicium
849 2842 902 2906 si
935 2857 1191 2930 pareret
1222 2839 1451 2927 jugera
1498 2836 1818 2918 ejusmodi
1849 2837 2042 2902 fundi
2075 2859 2218 2904 esse
2249 2837 2432 2927 plura
2455 2887 2478 2920 ,

303 2975 529 3039 ‘quam
564 2949 843 3015 colonus
874 2963 1041 3012 esset
1069 2945 1435 3035 professus3
1466 2961 1610 3008 tum
1633 2946 1826 3008 Xeno
1849 2943 2272 3009 damnaretur
2288 2975 2336 3010 ιι.

424 3060 611 3141 Quos
650 3055 1084 3146 litigatoribus
1120 3075 1357 3142 proeses
1386 3051 1638 3132 judices
1682 3067 1798 3116 aut
1829 3069 2320 3141 recuperatores
2361 3052 2478 3118 da-

332 3165 475 3246 bat,
510 3187 621 3229 eos
666 3187 747 3228 ex
780 3177 1150 3242 conventu,
1207 3176 1273 3224 et
1302 3158 1451 3224 foro
1486 3158 1600 3222 illo
1624 3206 1644 3237 ,
1699 3157 1768 3221 in
1809 3181 1948 3245 quo
1981 3181 2086 3222 res
2131 3159 2476 3248 agebatur,

328 3271 555 3348 dabat3
604 3268 675 3333 id
706 3285 836 3349 est,
877 3289 957 3331 ex
994 3267 1072 3330 iis
1114 3265 1363 3330 civibus
1412 3263 1720 3344 romanis,
1760 3263 2030 3327 sociisve
2052 3311 2071 3339 ‚
2133 3265 2250 3353 qui
2295 3263 2364 3328 in
2397 3265 2476 3330 iis

332 3373 588 3465 oppidis
622 3398 767 3463 quae
800 3373 883 3439 ad
914 3372 986 3438 id
1026 3373 1243 3438 forum
1286 3371 1692 3460 pertinerent
1711 3417 1728 3452 ‚
1765 3371 2212 3436 versabantur.
2251 3373 2480 3460 ltaque

333 3485 504 3546 inter
538 3497 747 3545 cetera
782 3479 911 3544 hoc
942 3501 1211 3567 quoque
1244 3478 1500 3542 crimini
1532 3477 1728 3542 vertit
1761 3476 1994 3541 Cicero
2029 3477 2215 3541 Verri
2257 3479 2476 3544 multis

331 3586 781 3655 Accusationis
804 3587 871 3648 in
896 3585 1087 3665 locis,
1107 3582 1287 3670 quod
1312 3606 1449 3649 nou
1472 3582 1556 3647 de
1579 3599 1944 3664 conventu,
1965 3581 2080 3646 sed
2103 3580 2186 3647 de
2208 3585 2480 3650 cohorte

331 3719 481 3776 sua,
516 3707 1007 3781 recuperatores
1036 3688 1339 3754 dedisset.
1386 3691 1477 3753 Ut
1518 3689 1586 3752 in
1627 3688 1808 3752 Urbe
1829 3737 1846 3770 ,
1881 3687 1973 3751 sic
2004 3687 2074 3750 in
2107 3690 2436 3777 provincia
2455 3741 2476 3774 ,

331 3801 591 3883 rejectio
638 3797 832 3864 fiebat
874 3819 1107 3862 eorum
1131 3795 1429 3877 judicum
1453 3844 1473 3876 ,
1511 3819 1626 3859 seu
1673 3809 2208 3882 recuperatorum
2233 3844 2252 3874 ,
2308 3820 2476 3884 quos

330 3925 609 3995 uterque
638 3905 921 3994 litigator
966 3902 1089 3967 sibi
1144 3899 1602 3966 incommodos
1650 3899 1794 3964 fore
1843 3898 2284 3967 arbitraretur.
2305 3902 2472 3968 Vide

330 4017 515 4105 plura
546 4015 613 4078 in
643 4010 943 4103 Append.
976 4009 1057 4074 de
1086 4007 1431 4075 ordinand.
1457 4006 1658 4088 judic.
1693 4007 1776 4072 ad
1807 4006 1963 4072 calc.
1995 4005 2132 4087 huj.
2159 4009 2403 4075 volum.

419 4118 709 4214 Quod‘si
754 4140 887 4182 non
926 4130 1413 4205 recuperatores
1448 4131 1578 4179 tres
1599 4161 1619 4193 ,
1678 4112 1792 4180 sed
1823 4109 2026 4193 judex
2061 4135 2236 4180 unus
2283 4115 2476 4182 datus
