2984 4684
525 366 661 465 196
1155 368 1252 435 Μ.
1303 368 1380 435 Τ.
1433 368 1997 449 CICERONIS

515 487 983 560 vehementer
1031 508 1186 557 esse
1225 486 1533 584 petitum
1554 539 1576 576 ,
1632 502 1719 559 ut
1760 502 1887 559 aut
1924 512 2139 561 causa
2182 490 2365 563 mihi
2416 498 2641 567 susci-

511 600 778 698 pienda
801 596 1019 671 fuerit
1037 651 1056 686 ,
1085 611 1210 670 aut
1235 594 1561 669 officium
1583 608 1641 643 ²¹
1671 600 2219 673 necessitudinis
2250 606 2643 702 repudian-

511 710 712 783 dum.
749 707 891 782 Sed
918 706 1096 807 quid
1131 732 1267 805 ego
1303 708 1416 779 his
1449 706 1755 781 testibus
1790 723 1982 796 utor,
2019 712 2228 807 quasi
2262 736 2379 785 res
2418 713 2643 787 dubia

510 836 639 893 aut
689 819 1002 893 obscura
1057 818 1198 890 sit?
1249 816 1536 891 Adsunt
1582 818 1919 923 immines
1954 844 2042 893 ex
2080 834 2236 893 tota
2272 826 2641 920 provincia

507 930 972 1017 nobilissimi,
1006 927 1138 1026 qui
1165 943 1547 1027 praesentes
1578 954 1707 1001 vos
1734 946 1947 1002 orant
1968 945 2189 1029 atque
2210 932 2637 1025 obsecrant,

497 1040 805 1137 judiceS,
861 1052 946 1110 ut
991 1039 1070 1109 in
1113 1052 1358 1111 actore
1400 1062 1629 1111 causae
1678 1064 1822 1111 suae
1872 1038 2255 1139 deligendo
2314 1060 2639 1117 vestrum

496 1149 854 1249 judicium
895 1148 987 1220 ab
1024 1172 1160 1220 suo
1187 1146 1469 1245 judicio
1510 1174 1605 1221 ne
1644 1147 2026 1249 discrepet.
2063 1152 2416 1223 Omnium
2459 1154 2637 1224 civi-

501 1276 737 1334 tatum
790 1260 1010 1331 totius
1058 1258 1307 1331 Siciliae
1350 1258 1743 1355 legationes
1786 1256 2097 1345 adsunt,
2142 1275 2407 1359 praeter
2447 1259 2637 1333 duas

500 1372 822 1445 civitates
845 1380 906 1415 ¹²
932 1396 950 1439 τ
979 1393 1291 1466 quarum
1315 1367 1663 1458 duarum,
1684 1370 1745 1441 si
1768 1368 2134 1459 adessent,
2161 1369 2311 1442 duo
2336 1371 2638 1444 crimina

497 1483 616 1555 vel
674 1482 984 1552 maxima
1041 1480 1582 1567 minuerentur,
1626 1505 1787 1577 quae
1842 1504 2011 1552 cum
2059 1479 2169 1552 his
2226 1482 2636 1556 civitatibus

497 1597 580 1665 C.
611 1593 820 1664 Verri
853 1591 1382 1663 communicata
1415 1604 1609 1663 sunt.
1650 1597 1741 1661 At
1782 1592 1979 1662 enim
2021 1616 2154 1663 cur
2187 1617 2229 1664 a
2270 1616 2388 1663 me
2416 1598 2637 1690 potis·

495 1704 762 1775 simum
798 1700 943 1772 hoc
979 1697 1394 1798 praesidium
1435 1698 1897 1797 petiverunt?
1937 1702 2011 1771 Si
2053 1716 2241 1773 esset
2283 1701 2593 1774 dubium
2612 1756 2635 1789 ,

495 1812 850 1909 petissent
873 1834 914 1881 a
952 1832 1072 1881 me
1111 1806 1557 1907 praesidium,
1602 1833 1866 1898 necne,
1912 1808 2225 1883 dicerem
2249 1865 2269 1900 ‚
2316 1837 2447 1883 cur
2500 1838 2632 1911 pe-

499 1922 773 1993 tissent.
819 1924 1032 1993 Nunc
1063 1943 1284 2005 vero,
1329 1942 1561 2015 quum
1606 1919 1683 1989 id
1725 1920 1824 1990 ita
1862 1925 2328 2019 perspicuum
2364 1924 2455 1994 sit
2476 1976 2497 2012 ,
2550 1938 2635 1995 ut

496 2026 800 2102 oculis¹³
825 2028 1151 2125 judicare
1195 2028 1521 2125 possitis3
1566 2029 1813 2099 nescio
1852 2053 1985 2100 cur
2028 2029 2169 2102 hoc
2197 2031 2377 2102 mihi
2407 2030 2633 2105 detri-

493 2154 744 2211 mento
781 2162 935 2211 esse
966 2136 1264 2224 debeat,
1299 2138 1361 2208 si
1409 2135 1482 2208 id
1524 2137 1703 2233 mihi
1739 2137 2143 2235 objiciatur,
2179 2164 2297 2213 me
2338 2143 2630 2240 potissi-

491 2272 698 2319 mum
724 2270 879 2319 esse
907 2244 1286 2318 delectum.
1309 2250 1581 2317 Verum
1605 2245 1680 2317 id
1706 2246 1887 2318 mihi
1906 2274 2057 2321 non
2080 2274 2315 2340 sumo,
2324 2252 2629 2347 judice-⁰„

495 2374 569 2431 et
600 2358 742 2431 hoc
777 2381 930 2428 non
965 2356 1192 2427 modo
1227 2358 1301 2427 in
1339 2359 1669 2429 oratione
1705 2381 1866 2430 mea
1902 2384 2055 2431 non
2090 2384 2325 2459 pono,
2370 2362 2498 2435 sed
2533 2387 2630 2435 ne

492 2476 572 2542 in
595 2468 944 2567 opinione
967 2466 1262 2565 quidem
1287 2468 1401 2560 cuj
1411 2490 1717 2563 usquam
1743 2468 2079 2565 relinquo
2102 2524 2122 2559 ,
2142 2494 2264 2543 me
2288 2470 2629 2543 omuibus

495 2580 823 2680 patronis
859 2602 1013 2650 esse
1049 2579 1539 2675 praepositum.
1576 2580 1643 2647 N
1643 2601 1739 2647 on
1779 2582 1879 2649 ita
1915 2593 2059 2665 est;
2108 2578 2237 2651 sed
2278 2582 2627 2654 uniuscu-

495 2690 760 2787 jusque
779 2687 1234 2785 temporis14,
1257 2683 1697 2773 valitudinis,
1725 2684 2085 2759 facultatis
2114 2686 2205 2759 ad
2233 2689 2625 2787 agendum,

499 2797 718 2869 ducta
751 2800 934 2867 ratio
971 2809 1098 2867 est.
1165 2798 1328 2865 Mea
1363 2793 1503 2865 fuit
1536 2820 1822 2894 semper
1874 2795 2023 2869 haec
2069 2798 2146 2869 in
2197 2798 2335 2871 hac
2370 2824 2450 2873 re
2490 2826 2621 2873 vo·—

494 2907 736 2978 luntas
793 2919 869 2977 et
909 2909 1306 2991 sententia,
1343 2906 1671 3003 quemvis
1714 2920 1798 2977 ut
1845 2906 1989 2979 hoc
2023 2908 2313 2982 mallem
2354 2909 2445 2981 de
2499 2913 2624 3001 iis,

487 3017 625 3113 'qui
653 3029 892 3088 essent
931 3013 1217 3102 idonei,
1267 3017 1662 3113 suscipere,
1704 3040 1925 3114 quam
1960 3038 2119 3109 me3
2159 3042 2275 3091 me
2321 3033 2405 3091 ut
2442 3021 2621 3093 mal-

492 3126 679 3214 lem,
712 3147 932 3221 quam
974 3124 1362 3195 neminem.
1451 3142 1456 3147 ·

569 3378 590 3411 1
603 3378 648 3411 1.
707 3358 949 3428 Officium.
998 3361 1090 3410 ,ἴω
1140 3358 1513 3409 necessitudinis
1596 3361 1803 3425 potentin
1824 3360 1916 3409 hac
1945 3360 2007 3411 de
2033 3378 2087 3411 re
2110 3363 2435 3429 intemgm,
2456 3375 2626 3415 utrum

489 3443 632 3511 quale
660 3452 734 3490 est
755 3442 884 3489 inter
905 3448 1166 3505 patronum
1179 3473 1196 3499 ,
1237 3438 1439 3489 clientes
1462 3452 1515 3489 ct
1599 3457 1770 3490 verum
1798 3440 2025 3489 dixerim.

486 3519 720 3587 hospita.
1673 3536 1693 3567 1
1704 3528 1752 3577 4.
1780 3520 2040 3585 Temporis.
2064 3518 2182 3569 Non
2196 3532 2529 3587 contempsere
2542 3524 2625 3571 Si-

569 3616 647 3647 u.
677 3602 816 3647 Duas
841 3594 1067 3647 civita-ees.
1096 3596 1436 3645 Mamertinam
1461 3608 1511 3646 et
1598 3598 1699 3647 culi
1716 3610 1898 3648 veteres
1914 3616 2029 3649 suos
2046 3611 2307 3664 pau-onon
2332 3600 2419 3650 ned
2440 3612 2626 3665 θεωρο-

493 3676 859 3742 Syracunnam.
908 3678 1028 3725 Hoec
1071 3676 1314 3724 furconam
1346 3677 1513 3725 Verri·
1600 3677 1668 3725 ris
1706 3677 1983 3727 habuerunt
2018 3680 2255 3728 rationem
2268 3713 2285 3739 ‚
2329 3682 2445 3744 quia
2482 3681 2627 3728 Mar·

492 3756 731 3817 adjutrix,
765 3756 848 3804 iun
873 3756 1116 3819 receptrix
1149 3754 1260 3803 fnit.
1279 3748 1398 3803 vid.
1424 3755 1515 3805 inf.
1602 3754 1754 3804 cellas
1786 3757 1943 3818 iudex
1976 3767 2077 3817 ειη
2119 3758 2413 3807 valitudinis
2430 3793 2446 3818 ,
2480 3758 2627 3823 quod

491 3834 546 3885 in
563 3835 780 3883 verrinis
803 3846 932 3883 orat.
950 3836 1146 3900 passim.
1165 3836 1283 3883 Haec
1300 3844 1413 3883 nunt
1431 3851 1511 3885 ca-
1596 3834 1838 3884 infirmior
1852 3853 2063 3902 corpore
2080 3849 2156 3887 eut
2168 3836 2510 3897 Marcellinum
2527 3837 2621 3897 ta-

489 3929 598 3961 mm
623 3913 870 3961 civitatum
889 3914 1097 3963 maxima
1117 3913 1336 3963 crimina.
1598 3914 1813 3975 cultam,
1829 3916 1967 3979 quod
1990 3932 2093 3965 non
2120 3927 2196 3965 est
2222 3916 2279 3965 in
2306 3917 2459 3967 altero
2482 3920 2623 3967 Mar·

565 3994 646 4041 13.
677 3990 858 4041 Oculis.
879 3992 1074 4043 Siculos
1091 3994 1253 4054 enim,
1286 3992 1372 4057 qui
1397 3988 1451 4041 id
1476 4010 1507 4041 a
1598 3994 1723 4043 cello
1770 3994 1973 4045 facultas
2015 3997 2262 4059 oraton-iu
2306 3996 2431 4059 iuris
2484 3996 2621 4046 enim

473 4071 626 4142 *vobis
667 4080 844 4136 petunt
858 4104 874 4131 ,
912 4082 1171 4137 praecum
1209 4072 1384 4122 vidctis
1397 4104 1413 4133 ,
1457 4078 1507 4121 et
1595 4073 1863 4123 studiooior
1876 4085 1978 4127 erat
1996 4074 2079 4125 illc
2100 4090 2245 4141 quam
2268 4074 2580 4140 eloquentia.
