2984 4684
582 371 720 453 [μα
1219 375 1317 441 M.
1359 373 1436 440 T.
1489 373 2049 442 CICERONIS

579 515 836 562 manus
871 507 994 562 tua
1032 490 1464 590 putabatur3
1502 491 1763 564 cohors
1800 505 1949 564 tota
1968 490 2102 562 -illa
2142 505 2304 581 tua,
2348 517 2507 590 quae
2534 493 2703 592 plus

580 601 752 669 mali
783 601 1028 671 Siciliae
1061 600 1294 690 dedit,
1331 626 1551 698 quam
1585 603 1644 672 si
1678 615 1967 672 centum
2003 600 2337 673 cohortes
2362 601 2703 699 fugitivo·

577 733 744 780 rum
759 703 792 754 ⁸
815 709 1143 801 fuissent,
1171 727 1294 783 tua
1317 735 1575 783 manus
1597 716 1751 783 sine
1778 716 2262 784 controversia
2281 711 2437 783 fuit.
2466 713 2699 804 Quid-

577 817 752 913 quid
795 817 886 890 ab
929 819 1190 891 horum
1231 823 1578 918 quopiam
1622 836 1914 918 captum
1961 835 2106 909 est,
2151 820 2226 892 id
2270 846 2420 892 non
2470 823 2697 894 modo

578 925 707 997 tibi
733 921 981 1000 datum
997 983 1018 1018 ,
1043 930 1171 1002 sed
1203 946 1326 1002 tua
1351 956 1572 1003 manu
1598 945 2056 1002 numeratum
2078 930 2385 1025 judicari
2402 957 2695 1004 necesse

576 1052 704 1108 est.
749 1043 964 1128 Nam,
989 1043 1047 1113 si
1095 1041 1282 1112 hanc
1324 1039 1819 1114 defensionem
1854 1041 2286 1139 probabitis,
2320 1073 2354 1107 «
2374 1046 2540 1113 Non
2572 1069 2693 1115 ac·

570 1177 604 1212 «
634 1150 824 1246 cepit
857 1155 1044 1248 ipse3
1070 1152 1303 1222 »licet
1339 1153 1583 1222 omnia
1620 1149 1711 1222 de
1748 1153 2073 1249 pecuniis
2112 1151 2535 1248 repetundis
2571 1156 2692 1250 ju—

569 1257 754 1330 dicia
797 1259 1080 1331 tollatis.
1121 1263 1348 1332 Nemo
1391 1285 1739 1356 umquam
1780 1275 1925 1330 tam
1967 1284 2133 1330 reus
2156 1313 2177 1346 ,
2232 1275 2379 1330 tam
2421 1284 2695 1331 nocens

570 1367 992 1456 adducetur,
1031 1371 1159 1467 qui
1191 1372 1323 1441 ista
1360 1369 1776 1442 defensione
1804 1393 1953 1439 non
1984 1371 2211 1467 possit
2240 1371 2367 1438 uti.
2404 1372 2692 1440 Etenim

569 1503 800 1575 quum
825 1485 1086 1551 Verres
1121 1495 1401 1568 utatur;
1429 1481 1593 1577 quis
1620 1481 1759 1550 erit
1794 1503 2145 1574 umquam
2186 1478 2485 1574 posthac
2522 1503 2693 1550 reus

565 1603 712 1660 tam
749 1590 1110 1688 perditus,
1153 1592 1280 1686 qui
1315 1615 1466 1661 non
1504 1589 1595 1660 ad
1623 1593 1711 1680 Q.
1744 1589 1965 1658 Mucii
1988 1597 2021 1644 9
2051 1589 2538 1658 innocentiam
2574 1613 2691 1658 re·-

565 1697 862 1788 feratur,
887 1702 1137 1771 sicum
1166 1702 1304 1772 isto
1339 1697 1793 1770 conferatur?
1826 1701 2080 1794 Neque
2112 1721 2309 1766 nunc
2334 1709 2481 1766 tam
2512 1695 2695 1765 mihi

563 1808 683 1880 isti
707 1815 1001 1882 Verrem
1028 1808 1414 1880 defendere
1443 1809 1803 1890 videntur,
1834 1831 2053 1904 quam
2082 1809 2159 1876 in
2190 1807 2415 1876 Verre
2445 1803 2694 1876 defen-

565 1920 786 1989 sionis
827 1933 1102 1990 tentare
1138 1922 1595 1990 rationem¹⁰.
1637 1922 1799 2009 Qua
1836 1916 1927 1988 de
1964 1942 2044 1987 re
2070 1969 2089 2004 ,
2134 1915 2449 2010 judiceS,
2480 1914 2693 1985 vobis

564 2051 1004 2125 magnopere
1049 2027 1572 2127 providendum
1618 2042 1725 2099 est
1768 2053 1785 2095 ε
1829 2029 2143 2124 pertinet
2176 2024 2321 2095 hoc
2355 2023 2447 2094 ad
2494 2047 2693 2093 sum-

563 2162 757 2207 mam
789 2139 1238 2236 reipublicae,
1275 2153 1347 2210 et
1389 2138 1481 2210 ad
1522 2139 2125 2231 existimationem
2160 2133 2433 2204 ordinis
2456 2144 2543 2218 ¹¹,
2576 2159 2689 2204 sa-

561 2249 936 2345 lutemque
963 2251 1347 2321 sociorum.
1380 2252 1452 2320 Si
1475 2253 1669 2320 enim
1704 2249 2130 2318 innocentes
2152 2245 2537 2316 existimari
2564 2269 2694 2315 vo-

559 2357 836 2447 lumus„
868 2385 1018 2430 non
1044 2360 1280 2431 solum
1309 2385 1446 2432 nos
1467 2359 1913 2430 abstinentes
1935 2410 1955 2445 ,
1990 2355 2115 2428 sed
2153 2359 2367 2428 etiam
2401 2368 2693 2426 nostros

559 2469 859 2539 comites
895 2483 1230 2566 praestare
1269 2467 1642 2540 debemus,

653 2581 772 2648 XI.
844 2579 1167 2649 Primum
1227 2581 1555 2650 omnium
1610 2601 1835 2675 opera
1862 2573 2133 2658 danda
2180 2587 2355 2662 est¹,
2422 2589 2507 2645 ut
2564 2599 2691 2647 eos

514 2771 520 2778 ·
555 2685 934 2758 nobiscum
977 2689 1359 2778 ducamus,
1391 2691 1523 2786 qui
1560 2703 1821 2758 nostrae
1864 2685 2070 2758 famae
2112 2688 2469 2784 capitique
2514 2711 2691 2757 con-

559 2793 798 2906 sulant
838 2822 853 2864 τ
897 2795 1192 2884 deinde,
1245 2801 1304 2868 si
1355 2801 1433 2868 in
1473 2796 1895 2868 hominibus
1938 2796 2283 2894 eligendis
2335 2821 2469 2867 nos
2520 2821 2689 2894 spes

556 2904 882 2977 amicitiae
919 2905 1283 2996 fefellerit,
1327 2923 1412 2978 ut
1451 2894 1897 2978 vindicemus
1914 2918 1968 2995 ²,
2002 2911 2261 2978 missos
2306 2904 2687 2992 faciamus,

559 3038 844 3112 semper
887 3017 984 3087 ita
1041 3019 1400 3106 vivamus,
1439 3034 1523 3090 ut
1574 3019 1929 3088 rationem
1981 3015 2418 3088 reddendam
2472 3015 2686 3088 nobis

563 3122 1014 3197 arbitremur.
1047 3125 1410 3200 Africani-³
1455 3143 1565 3200 est
1614 3127 1791 3214 hoc,
1840 3127 2157 3198 hominis
2211 3125 2685 3197 liberalissimi

627 3373 678 3420 8.
721 3373 839 3420 Post
857 3370 1180 3436 flgitivorum
1195 3407 1209 3427 ‚
1247 3374 1471 3422 Ernestio
1506 3375 1573 3422 vi-
1656 3373 1710 3420 in
1746 3387 1807 3420 eo
1860 3371 2170 3420 defendendo
2216 3373 2527 3436 experiantur
2562 3388 2683 3420 num

555 3450 763 3499 debatur
779 3451 941 3498 deesse
958 3462 1043 3498 aut
1071 3452 1122 3499 in
1140 3452 1334 3512 Sicilia,
1366 3464 1450 3501 aut
1469 3453 1566 3508 ibi,
1658 3452 1869 3515 aliquam
1900 3451 2021 3510 eibi,
2053 3467 2117 3500 >ex
2146 3451 2463 3500 similitudine
2492 3465 2683 3508 cause,

553 3541 637 3578 aut
655 3530 811 3578 simile
839 3530 977 3594 quid.
1005 3531 1120 3579 Sine
1144 3546 1304 3582 causa.
1331 3535 1380 3581 J.
1399 3535 1460 3580 V.
1478 3537 1533 3582 L.
1658 3531 1988 3580 defensionem
2014 3545 2293 3595 comparare
2315 3530 2523 3595 possint.

617 3623 667 3670 9.
699 3611 758 3672 Q.
777 3611 943 3658 Mucii.
961 3611 1036 3658 De
1060 3611 1230 3658 Mucio
1257 3614 1398 3672 cujus
1416 3612 1567 3660 abeti-
1730 3625 1751 3657 1
1766 3625 1809 3658 1.
1856 3609 2066 3658 Ordimk.
2116 3609 2333 3657 Lambin.
2378 3625 2443 3656 ex
2486 3604 2675 3655 Mezen.

547 3686 711 3735 nentia
750 3688 804 3734 in
833 3689 1147 3753 proverbium
1183 3701 1416 3750 cesserat,
1455 3691 1567 3738 vide
1656 3711 1681 3732 ιι
1694 3690 1817 3738 tanti
1840 3689 2029 3736 ordinis
2042 3709 2083 3736 ιο.

546 3765 660 3812 Div.
685 3781 764 3824 ¹⁶7·
1726 3771 1817 3816 11.
1846 3785 1893 3816 1.
1924 3771 2087 3832 Opera
2110 3779 2256 3816 tanta
2282 3766 2457 3814 danda
2480 3775 2569 3812 est.
2598 3764 2679 3812 Sic

623 3859 701 3891 ιο.
723 3845 995 3896 Rationem,
1019 3850 1142 3911 Quae
1165 3865 1338 3912 nempe
1360 3847 1426 3896 >ad
1453 3863 1561 3896 om·
1654 3847 1793 3896 multi
1810 3847 1962 3896 codd.
1984 3859 2031 3894 et
2054 3847 2170 3896 edd.
2194 3861 2271 3910 pr.
2298 3849 2425 3896 LV.
2446 3847 2502 3892 L.

547 3936 634 3968 ue·
655 3935 764 3968 reos
778 3925 1034 3985 pertineat.
1061 3927 1245 3976 Odiose
1263 3928 1360 3975 hoc
1377 3927 1430 3974 in
1445 3927 1565 3974 Ver-
1722 3943 1775 3975 2.
1812 3928 2137 3976 Viadioemus.
2165 3927 2231 3974 ld
2258 3937 2363 3984 est,
2402 3923 2679 3988 puniamus·

549 4001 616 4047 rin
631 3999 906 4050 ‹infensos-es
923 4003 1257 4070 &citui-,quasi
1273 4007 1360 4070 qui
1375 4005 1563 4063 iisdem,
1726 4008 1775 4055 3.
1812 4007 2047 4070 Africani.
2084 4007 2311 4054 Minoris.
2355 4005 2481 4053 Nam
2526 4017 2677 4064 quum

551 4078 731 4144 quibu·
757 4081 813 4129 C.
831 4083 1030 4144 Vei-rea,
1063 4085 1346 4134 criminibus
1371 4083 1563 4146 affines,
1654 4085 1775 4134 nihil
1803 4087 2001 4135 additur
2040 4097 2155 4148 post
2184 4099 2359 4134 vocem
2386 4081 2673 4146 Africanus,
