2984 4684
734 409 841 476 IN
894 408 1327 476 VERREM
1376 365 1592 476 AcT.
1647 411 1756 492 Π,
1807 411 1993 479 LIB.
2047 412 2142 479 11.
2357 415 2490 496 401

384 545 511 598 vos
562 530 809 598 vestris
864 525 1143 625 praediis
1194 528 1502 598 maxime
1547 525 2032 616 delectamini;
2079 531 2180 601 sic
2223 534 2500 630 populo

382 661 683 708 romano
712 635 1034 731 jucunda
1069 635 1579 708 suburbanitas
1607 651 1716 708 est
1749 636 2052 732 hujusce
2090 641 2496 736 provinciae.

378 752 534 818 Jam
579 771 748 818 vero
793 745 1171 818 hominum
1216 745 1582 844 ipsorum,
1630 745 1948 840 judices,
1999 771 2082 818 ea
2125 750 2502 845 patientia,

380 858 639 939 vir-tm,
668 853 1174 954 frugalitasque
1200 868 1307 925 est
1326 909 1346 942 ‚
1376 869 1461 925 ut
1486 857 1816 953 proxime
1843 854 1933 926 ad
1957 871 2274 928 nostram
2297 856 2506 930 disci-

379 965 649 1062 plinam
680 964 869 1036 illam
896 977 1209 1036 veterem
1226 1019 1246 1052 ‚
1264 989 1413 1036 non
1442 965 1534 1036 ad
1562 966 1786 1051 hanc,
1816 991 1976 1064 quae
2005 992 2201 1038 nunc
2221 971 2252 1020 4
2283 969 2506 1042 incre·

376 1073 605 1163 bruit,
633 1074 1011 1146 videantur
1029 1074 1389 1148 accedere.
1408 1073 1608 1148 Nihil
1633 1091 2040 1146 ceterorum
2070 1075 2297 1148 simile
2319 1082 2505 1148 Grae-

380 1208 630 1254 corum
663 1211 679 1253 ε
717 1183 913 1254 nulla
950 1183 1249 1274 desidia,
1292 1184 1508 1256 nulla·
1533 1184 1848 1272 luxuria3
1879 1199 2134 1256 contra
2179 1211 2506 1260 summus

378 1292 585 1364 labor
614 1295 687 1364 in
728 1292 1033 1391 publicis
1066 1295 1510 1392 privatisque
1541 1293 1788 1381 rebus,
1835 1318 2114 1364 summa
2147 1295 2506 1392 parcimo-

380 1404 519 1491 nia,
542 1427 822 1473 summa
853 1400 1240 1502 diligentia.
1263 1405 1377 1474 Sic
1410 1427 1636 1501 porro
1661 1417 1948 1475 nostros
1985 1403 2313 1475 homines
2346 1405 2506 1476 dili-

376 1528 579 1610 gunt,
598 1528 679 1584 nt
699 1512 809 1584 his
835 1515 1003 1584 solis
1031 1538 1270 1611 neque
1296 1509 1790 1612 publicanus⁵‚
1814 1510 2085 1610 neque⁶
2102 1517 2508 1609 negotiator

377 1621 548 1692 odio
586 1623 695 1692 sit.
736 1624 1283 1720 Magistratuum
1330 1637 1572 1694 autem
1619 1635 2038 1694 nostrorum
2078 1623 2371 1718 injurias
2414 1629 2510 1696 ita

375 1731 773 1803 multorum
820 1733 1181 1820 tulerunt,
1232 1749 1315 1804 ut
1356 1757 1760 1829 numquam
1803 1747 1970 1803 ante
2022 1731 2161 1802 hoc
2220 1747 2509 1831 tempus
2567 1769 2578 1786 ·

376 1841 463 1912 ad
496 1866 691 1912 aram
719 1843 959 1940 legum
978 1855 1031 1932 ⁷,
1056 1843 1615 1942 praesidiumque
1649 1858 1966 1914 vestrum
2001 1837 2294 1939 publico
2333 1869 2509 1918 con-

376 1951 533 2021 silio
572 1952 1077 2049 confugerint:
1117 1957 1401 2025 tametsi
1446 1968 1518 2026 et
1564 1950 1812 2024 illum⁸
1866 1977 2138 2024 annum
2187 1953 2508 2051 pertule-

374 2077 575 2150 rant,
611 2065 739 2160 qui
764 2065 865 2136 sic
901 2089 1025 2136 eos
1050 2062 1427 2151 afflixerat,
1464 2079 1549 2136 ut
1579 2063 1750 2136 salvi
1786 2087 1941 2134 esse
1979 2087 2132 2132 non
2167 2079 2464 2161 possent
2486 2119 2507 2152 ‚

377 2173 511 2242 nisi
548 2177 627 2244 C.
654 2175 1035 2246 Marcellus
1071 2178 1279 2272 quasi
1307 2173 1553 2271 aliquo
1591 2171 1738 2244 fato
1768 2174 2108 2260 venisset,
2148 2186 2229 2244 ut
2255 2172 2372 2245 bis
2417 2200 2506 2245 ex

378 2281 627 2354 eadem
678 2281 939 2354 familia
991 2285 1181 2356 salus
1224 2285 1473 2356 Siciliae
1519 2283 2106 2371 constitueretur,
2171 2296 2244 2353 et
2305 2298 2505 2381 post-

376 2417 457 2463 ea
502 2397 599 2464 M.
640 2396 985 2464 Antonii9
1034 2391 1399 2464 infinitum
1450 2389 1630 2462 illud
1677 2393 2064 2488 imperium
2110 2407 2504 2462 senserant.

1478 2603 1706 2666 gentarii,
1746 2603 1925 2666 quibus
1951 2601 2116 2650 liberte
2143 2603 2410 2665 legationes
2442 2601 2507 2651 ad

1476 2683 1672 2745 negotis
1696 2681 1920 2728 obeunda
1948 2681 2292 2728 decernuntur.

374 2617 543 2654 contra
556 2605 608 2652 in
627 2605 799 2653 ceteris
815 2605 1105 2669 provinciis,
1127 2606 1390 2670 pra-sertin!

374 2685 600 2732 Asiaticis
622 2685 689 2731 ita
724 2683 998 2745 eveniebat,
1024 2695 1081 2731 ut
1110 2695 1280 2747 postea
1297 2683 1391 2730 Ju-

372 2763 468 2812 lius
486 2767 647 2814 Caesnr
661 2764 932 2811 necessuio
952 2762 1149 2810 duxerit
1166 2762 1280 2810 istas
1304 2777 1389 2827 pe·

370 2843 721 2908 regrinationes
752 2857 999 2900 coercere,
1034 2851 1125 2889 «ut
1144 2841 1391 2890 exhaustoe

374 2923 499 2970 Urbi
523 2921 792 2986 frequentia
814 2931 1093 2986 suppeteret
1111 2943 1156 2968 υ.
1190 2923 1390 2969 Sueten.

374 3001 428 3049 in
446 3005 479 3050 J
482 3002 545 3050 ul.
563 3011 649 3057 4⁸²·
782 3005 795 3032 ¹

446 3091 501 3137 4.
546 3080 665 3143 Qnoe
701 3097 848 3128 nunc.
882 3081 1005 3144 Quae
1048 3091 1211 3127 severa
1246 3077 1388 3134 olim,

376 3175 505 3206 nunc
552 3160 789 3210 dissoluta
830 3169 1110 3224 usurpatur.
1166 3159 1392 3210 Ceterum

374 3253 483 3301 quae
508 3239 561 3288 h.
592 3237 627 3286 l.
655 3239 719 3287 de
742 3239 915 3288 Siculis
948 3239 1218 3295 traduntur,
1241 3234 1392 3283 ambi·

376 3318 497 3364 tiose
539 3319 689 3382 magis
736 3335 793 3366 ac
836 3319 1066 3376 oratorie,
1106 3333 1251 3382 quam
1284 3331 1393 3364 vere

376 3395 504 3443 dicta
547 3413 649 3444 esse
686 3396 927 3446 videntur.
967 3398 1251 3459 Reli-agatur
1287 3395 1393 3458 ipse

372 3473 467 3522 sibi
489 3474 595 3525 Cic.
614 3476 759 3538 Tusc.
778 3477 961 3536 Quoest.
979 3475 1046 3532 V,
1072 3470 1171 3534 35;
1199 3474 1261 3520 de
1282 3474 1389 3520 Fin.

374 3553 496 3602 bon.
520 3564 569 3600 et
594 3552 706 3602 mal.
728 3554 807 3610 11,
834 3554 917 3601 28.
946 3555 1008 3601 Et
1030 3563 1163 3617 patet
1188 3569 1250 3599 ex
1275 3551 1393 3617 ipsis

374 3631 523 3691 locis,
551 3631 639 3679 ubi
679 3641 1019 3680 enumerantur
1064 3647 1139 3678 res
1177 3647 1204 3678 a
1240 3635 1393 3678 Verre

374 3711 574 3772 ablatae,
600 3721 780 3774 quante
806 3710 953 3758 fuerit
969 3725 1137 3758 eorum
1155 3709 1361 3757 luxuria.

448 3791 499 3840 5.
524 3790 831 3838 publicanus.
852 3791 962 3837 Hoc
987 3788 1207 3847 nomine,
1230 3799 1280 3836 et
1306 3803 1394 3853 pe-

378 3870 525 3918 cuarii
540 3881 589 3918 et
602 3868 866 3934 portitores
881 3867 1233 3931 intelliguntur.
1244 3869 1393 3914 Erant

377 3946 429 3994 hi
455 3965 645 4008 onmes,
684 3958 886 4014 propter
910 3947 1215 4010 vectigalium
1243 3946 1392 3994 ratio-

380 4043 512 4086 nem,
540 4027 766 4076 omnibus
790 4027 909 4075 odio
929 4025 1222 4074 nationibus.

454 4107 501 4153 6.
532 4109 702 4172 Neque
724 4124 831 4172 neg.
852 4107 1017 4153 Veluti
1044 4116 1283 4164 aratores,
1322 4121 1395 4152 ar·

577 4197 627 4262 Ι.
686 4211 773 4255 sie.
791 4225 903 4269 pars
924 4208 1133 4256 secunda.

1554 2779 1600 2822 7.
1639 2763 1798 2808 Amm
1835 2761 2010 2824 legum.
2051 2759 2279 2806 Praetoris
2319 2760 2504 2810 scilicet

1476 2838 1694 2888 tribunal
1721 2855 1777 2886 ac
1805 2837 2030 2886 subsellia
2051 2837 2291 2898 iudicum.

1555 2921 1603 2966 8.
1635 2917 1784 2966 Illum
1804 2933 1988 2964 anntam
2008 2917 2108 2976 673
2139 2931 2239 2979 quo
2268 2917 2338 2964 M.
2363 2917 2506 2980 Lepi-

1480 2997 1571 3045 dus
1591 2996 1800 3043 Siciliam
1813 3032 1828 3056 ,
1845 3007 1989 3058 quam
2013 3005 2198 3059 pretor
2217 2994 2472 3043 obtinebat
2485 3031 2500 3052 ‚

1475 3091 1620 3123 avam
1635 3087 1684 3123 et
1701 3075 1964 3140 crudeliter
1980 3073 2350 3122 administravit.
2373 3075 2504 3123 Huic

1478 3155 1710 3203 successit
1728 3157 1784 3204 C.
1803 3153 2064 3202 Marcellus
2091 3157 2156 3200 Α.
2176 3154 2240 3201 U.
2261 3155 2381 3214 675.
2402 3155 2504 3202 Re-

1478 3233 1806 3300 petundarum
1835 3249 1945 3281 reus
1985 3234 2142 3280 sactus
2175 3242 2250 3279 est
2287 3231 2499 3296 Lepidus

1478 3330 1610 3364 anno
1637 3315 1766 3374 674,
1788 3311 2128 3362 accusantibus
2163 3309 2356 3360 duobus
2389 3313 2499 3360 Me-

1478 3395 1607 3444 tellis
1643 3394 1809 3443 Celere
1843 3405 1892 3442 et
1917 3393 2114 3462 Nepote
2131 3427 2148 3453 ,
2191 3392 2276 3456 qui
2307 3404 2468 3460 tamen
2485 3425 2500 3449 ,

1477 3475 1600 3523 victi
1635 3474 1740 3534 ejus
1777 3474 1911 3538 apud
1945 3472 2187 3540 populum
2209 3473 2389 3536 gratis,
2417 3471 2503 3519 de·

1479 3555 1723 3603 stiterunt.

1551 3647 1600 3694 9.
1618 3629 1689 3678 M.
1712 3630 1930 3679 Antonii.
1956 3632 2056 3693 Qui
2078 3646 2209 3679 anno
2230 3631 2334 3694 679
2349 3629 2504 3693 impe-

1478 3711 1605 3758 rium
1631 3721 1804 3756 metus
1825 3709 2100 3758 faventibus
2130 3711 2274 3758 Cotta
2301 3709 2502 3757 consule

1479 3800 1528 3837 et
1571 3786 1787 3850 Cethego
1821 3788 1875 3834 in
1907 3803 2073 3836 omnes
2099 3788 2362 3835 maritimas
2392 3803 2504 3835 oras

1479 3878 1529 3917 et
1553 3875 1840 3930 potestatem
1864 3867 2201 3930 proconsulari
2229 3883 2414 3930 aequam
2447 3867 2502 3915 in

1479 3946 1706 3994 omnibus
1726 3945 1991 4009 provinciis
2011 3961 2161 4010 usque
2182 3945 2242 3993 nd
2267 3947 2504 4010 quinqua·

1482 4025 1714 4088 gesimam
1744 4022 2022 4070 milliarium
2055 4041 2081 4072 a
2112 4025 2260 4080 mari,
2291 4025 2504 4071 Siciliam

1487 4102 1830 4168 depopulatus.
1854 4101 1972 4150 Vid.
1999 4103 2166 4150 Divin.
2189 4118 2266 4162 ¹7·

2236 4185 2324 4252 26
