2984 4684
456 370 597 446 358
1096 375 1193 440 Μ.
1246 373 1324 438 T.
1378 368 1957 440 CICERONIS

452 496 693 572 solum
728 491 1071 580 fortunae,
1114 491 1245 563 sed
1286 491 1504 564 etiam
1549 487 2063 587 ingenuitatis?
2095 489 2474 577 Miramur,
2503 489 2598 562 ad

452 631 653 680 arma
692 619 945 678 contra
982 604 1209 674 istum
1246 602 1624 676 hominem
1663 605 2195 698 Lampsacenos
2233 600 2418 672 isse?
2457 604 2598 670 mi-

452 711 702 791 rainur
722 717 943 788 istum
980 713 1074 786 de
1108 715 1485 812 provincia
1511 710 1990 784 decedentem
2022 709 2204 782 clam
2231 714 2598 808 Syracusis

454 827 857 928 profugisse
876 821 955 894 ⁵?
996 849 1141 896 -nos
1170 825 1233 895 si
1262 823 1570 895 alienam
1603 825 1838 894 vicem
1873 846 2012 920 pro
2049 834 2298 892 nostra
2333 819 2598 914 injuria

448 939 861 1012 doleremus
876 991 897 1026 ,
920 935 1302 1033 vestigium
1318 937 1528 1006 istius
1545 937 1620 1004 in
1643 931 1806 1005 foro
1837 957 1992 1004 non
2019 945 2212 1004 esset
2235 931 2596 1003 relictum.

378 1091 387 1106 ·
454 1055 665 1122 Pater
696 1045 824 1118 dat
854 1043 1017 1116 ffliae
1048 1072 1066 1116 ε
1103 1042 1472 1142 prohibes.
1509 1049 1738 1142 Leges
1773 1046 2067 1115 sinunt:
2099 1057 2342 1114 tamen
2371 1056 2446 1114 te
2481 1043 2596 1114 in-

452 1159 803 1258 terponis.
842 1161 953 1229 De
990 1157 1140 1229 suis
1166 1155 1387 1227 bonis
1412 1157 1516 1226 ita
1543 1153 1664 1226 dat
1681 1209 1702 1243 ,
1729 1167 1813 1226 ut
1837 1153 1932 1232 ab
1954 1155 2120 1252 jure
2153 1177 2304 1224 non
2341 1152 2552 1225 abeat
2575 1181 2596 1225 t

449 1267 629 1368 quid
664 1267 931 1356 hahes,
965 1264 1169 1365 quod
1200 1264 1732 1366 reprehendas?
1767 1265 1950 1337 nihil
1971 1320 1992 1356 ,
2017 1265 2305 1364 opinor.
2335 1267 2432 1336 At
2461 1289 2604 1364 ego

448 1377 773 1454 concedo
806 1407 823 1450 ε
873 1375 1183 1476 prohibe
1200 1433 1223 1468 ,
1258 1379 1321 1449 si
1356 1392 1609 1476 potes;
1645 1379 1706 1450 si
1746 1376 1970 1450 habes
1991 1431 2012 1464 ‚
2043 1377 2271 1475 quite
2305 1375 2598 1466 audiat3

452 1497 513 1562 si
546 1504 789 1588 potest
820 1488 955 1561 tibi
993 1487 1189 1560 dicto
1224 1487 1525 1560 audiens
1559 1513 1713 1560 esse
1749 1489 2159 1586 quisquam.
2199 1488 2478 1585 Eripias
2511 1501 2598 1559 tu

331 1637 341 1646 ·
450 1602 901 1672 voluntatem
936 1599 1287 1687 mortuis,
1330 1597 1532 1670 bona
1581 1600 1800 1687 vivis,
1837 1599 1958 1694 jus
2007 1594 2404 1670 omnibus?
2440 1601 2600 1669 Hoc

448 1709 769 1809 populus
806 1731 1151 1781 romanus
1182 1733 1337 1780 non
1381 1734 1608 1781 manu
1639 1708 2104 1798 vindicasset,
2142 1709 2282 1780 nisi
2315 1722 2388 1779 te
2427 1707 2600 1780 huic

450 1820 763 1918 tempori
795 1831 1013 1916 atque
1042 1817 1217 1890 huic
1237 1817 1516 1915 judicio
1541 1819 2016 1892 reservasset?

545 1925 1074 2028 Posteaquam⁶
1101 1929 1221 2026 jus
1261 1932 1682 2028 praetorium
1721 1931 2200 2004 constitutum
2233 1941 2344 2001 est
2369 1983 2391 2018 ‚
2425 1953 2609 2000 sem·

448 2065 583 2140 per
610 2038 753 2110 hoc
776 2039 941 2134 jure
960 2041 1069 2110 usi
1094 2062 1345 2112 sumus
1378 2067 1396 2110 ε
1434 2040 1493 2112 si
1523 2040 1788 2113 tabula:
1811 2041 2218 2114 testamenti
2248 2065 2400 2111 non
2429 2065 2597 2138 pro-

452 2149 839 2238 ferrentur,
872 2164 1033 2220 tum
1052 2205 1075 2238 ‚
1105 2154 1213 2221 uti
1254 2153 1672 2250 proximum
1716 2178 2086 2251 quemque
2135 2153 2596 2250 potissimum

450 2257 795 2332 heredem
830 2283 983 2332 esse
1020 2273 1452 2359 oporteret⁷‚
1472 2263 1572 2334 ita
1607 2262 2010 2337 secundum
2039 2288 2208 2336 eum
2239 2265 2597 2362 possessio

454 2369 769 2442 daretur.
801 2372 1042 2461 Quare
1077 2371 1221 2444 hoc
1247 2374 1339 2444 sit
1364 2375 1856 2470 aequissimum
1879 2429 1898 2461 ‚
1925 2371 2130 2446 facile
2157 2387 2268 2445 est
2289 2371 2594 2444 docere:

450 2479 577 2554 sed
618 2485 697 2552 in
740 2507 819 2553 re
868 2497 1015 2553 tam
1051 2485 1315 2556 usitata
1351 2486 1520 2556 satis
1565 2501 1672 2557 est
1711 2482 2091 2558 ostendere
2111 2537 2131 2573 ,
2177 2507 2434 2556 omnes
2466 2507 2597 2554 an-

452 2605 569 2662 tea
610 2593 733 2687 jus
774 2596 873 2664 ita
914 2593 1217 2684 dixisse,
1270 2610 1344 2666 et
1387 2595 1533 2669 hoc
1566 2613 1776 2668 vetus
1815 2595 2138 2668 edictum
2157 2589 2190 2640 ⁸
2237 2593 2594 2666 translati-

446 2705 778 2799 tiumque
808 2728 983 2776 esse.

542 2816 760 2883 XLV.
817 2813 1249 2912 cognoscite
1286 2815 1483 2887 aliud
1531 2817 1851 2889 hominis
1887 2821 1960 2888 in
2003 2842 2084 2888 re
2119 2827 2406 2889 vetere¹
2447 2814 2597 2887 edi-

446 2936 649 2994 ctum
668 2948 971 3014 novum3
994 2938 1066 2996 et
1084 2925 1325 3017 simul,
1346 2925 1522 2998 dum
1545 2943 1654 3001 est
1671 2927 1868 3000 unde
1881 2928 2002 3023 jus
2025 2929 2234 3002 civile
2253 2926 2596 3018 discatur,

446 3030 931 3104 adolescentes
958 3035 1024 3104 ei
1064 3037 1141 3106 in
1174 3033 1630 3136 disciplinam
1669 3037 1930 3111 tradite
1965 3065 1984 3108 ε
2026 3041 2292 3110 mirum
2321 3053 2433 3112 est
2455 3039 2594 3110 ho-

440 3315 675 3380 insignia3
698 3323 749 3362 et
770 3327 1110 3364 ornamentum
1122 3313 1353 3381 fhmmoe
1372 3335 1477 3368 esse
1566 3319 1719 3368 sessio
1744 3336 1771 3368 s
1799 3331 2012 3384 praetore
2037 3318 2252 3368 daretur.
2277 3317 2410 3367 Vide
2435 3319 2594 3366 Instit-

439 3394 627 3443 bullem
648 3409 841 3442 auream
856 3427 872 3454 ,
901 3407 1241 3446 ornamentum
1262 3397 1479 3466 ingenui·
1565 3401 1669 3459 111,
1691 3415 1743 3448 2.

442 3475 559 3522 eatis
575 3485 742 3538 togam
762 3483 1067 3537 praetextam.
1090 3477 1167 3526 Cf.
1188 3493 1233 3526 c.
1252 3479 1334 3526 58.
1639 3495 1689 3539 7.
1710 3479 1990 3544 oporteret,
2009 3478 2056 3526 εἰ
2069 3476 2112 3526 is
2129 3477 2360 3526 &testato
2383 3487 2594 3526 mortuus

516 3555 565 3603 5.
590 3549 885 3618 Pmsugisse.
902 3556 1012 3602 Hoc
1039 3563 1146 3604 non
1168 3555 1367 3605 memini
1392 3573 1471 3605 me
1565 3570 1713 3617 esset,
1745 3559 1818 3606 ita
1836 3575 1874 3606 s.
1892 3557 2091 3608 Glossa.
2118 3559 2237 3608 JJV.
2255 3561 2313 3607 L.

442 3633 561 3682 nubi
584 3633 760 3697 legere.
1635 3639 1684 3686 8.
1721 3637 2112 3686 Translaeieium.
2143 3641 2254 3687 Hoc
2279 3639 2482 3686 nomine
2505 3651 2596 3700 sp-

512 3715 565 3760 6.
586 3716 931 3778 Posteaquam.
961 3714 1035 3762 Ex
1066 3729 1169 3778 quo
1198 3716 1280 3777 jus
1314 3713 1441 3762 illud
1458 3749 1472 3773 ‚
1561 3711 1852 3782 pellabatur
1870 3717 2084 3766 edictum
2101 3753 2118 3780 ,
2163 3717 2301 3780 qnod
2325 3725 2506 3782 praetor
2532 3731 2596 3764 ex

440 3793 577 3858 quod
612 3809 704 3859 per
739 3809 995 3861 praetorem
1021 3810 1301 3856 exercetur,
1336 3797 1475 3845 insti·
1562 3798 1868 3863 superiorum
1895 3809 2164 3862 praetorum
2188 3796 2364 3846 edictis
2383 3805 2596 3844 transtu-

440 3883 600 3922 tutum
634 3884 709 3923 est
726 3909 742 3934 ‚
784 3893 837 3926 ea
872 3877 969 3926 fust
1006 3895 1197 3943 semper
1222 3875 1355 3942 apud
1382 3893 1476 3925 nos
1563 3877 1686 3926 lerat
1711 3878 1766 3926 in
1791 3893 1948 3926 snum.

434 3951 561 4013 juris
605 3954 773 4019 regula
793 3989 809 4016 ,
846 3965 905 4004 ut
946 3959 1087 4018 cnjus
1130 3965 1473 4004 testamentum
1633 3957 1790 4005 va.
1819 3973 1865 4004 1.
1907 3961 2092 4006 Vetere.
2125 3957 2250 4019 Quae
2275 3951 2518 4004 veteribus
2546 3964 2596 4000 et

438 4047 541 4079 non
559 4045 843 4098 appareret,
865 4035 970 4095 ejus
986 4035 1127 4083 heres
1152 4045 1279 4082 esset
1301 4035 1471 4100 proxi·
1561 4035 1753 4102 pridem
1785 4037 1978 4087 usitatis
2009 4037 2131 4099 juris
2164 4035 2385 4085 formulis
2412 4033 2594 4096 dijudi-

438 4126 546 4161 mus
568 4123 802 4178 agnatus,
835 4123 980 4177 atque
1012 4112 1059 4162 ei
1083 4113 1333 4162 bonorum
1360 4131 1474 4179 pos-
1563 4115 1719 4164 canda
1740 4127 1861 4165 erat.
