2984 4684
491 309 644 420 313'
709 359 714 364 ·
1135 345 1234 414 Μ.
1283 347 1361 414 Τ.
1417 347 1983 417 CICERONIS

488 473 565 542 in
596 471 834 542 Asiam
879 472 1094 539 Samo
1129 471 1534 556 venissent3
1567 475 1996 565 responsum
2036 466 2397 556 tulerunt,
2435 468 2636 563 ejus-

491 580 693 654 modi
747 579 1274 678 querimonias,
1311 603 1472 675 quae
1538 577 1629 650 ad
1670 579 1988 676 legatum
2045 577 2305 675 populi
2345 579 2635 648 romani

491 693 976 790 pertinerent,
1009 713 1162 760 non
1213 687 1306 759 ad
1359 704 1773 787 praetorem,
1812 687 1942 762 sed
1976 683 2331 758 Romam⁶
2369 685 2634 758 deferri

491 814 856 900 oportere.
919 801 1080 888 Qua
1135 797 1226 870 de
1265 811 1388 869 re⁷
1441 798 1955 871 Charidemum
1998 797 2261 869 Chium
2303 802 2631 870 testimo·

493 915 697 983 nium
727 915 969 1008 priore
993 909 1276 980 actione
1305 907 1545 980 dicere
1574 907 1873 980 audistis
1904 935 1921 978 t
1962 929 2152 997 sese,
2188 933 2417 1005 quum
2447 922 2634 979 esset

493 1021 931 1094 trierarchus
952 1075 973 1108 ,
1001 1034 1074 1091 et
1091 1024 1394 1092 Verrem
1430 1045 1523 1091 ex
1551 1020 1715 1090 Asia
1744 1017 2217 1090 decedentem
2246 1035 2634 1117 proseque-

493 1146 721 1220 retur,
742 1131 949 1226 jussu
972 1128 1374 1202 Dolabellae
1402 1128 1626 1202 fuisse
1654 1153 1801 1200 una
1827 1153 1995 1201 cum
2024 1130 2165 1200 isto
2188 1133 2413 1218 Sami;
2443 1153 2633 1200 sese·
2685 1223 2691 1228 ἱ

492 1267 640 1340 que
655 1257 814 1314 tum
835 1242 1016 1312 scire
1030 1241 1416 1337 spoliatum
1433 1265 1588 1312 esse
1606 1238 1857 1311 fanum
1868 1246 1905 1310 J
1908 1243 2174 1311 unonis
2192 1254 2265 1312 et
2279 1239 2632 1339 oppidum

491 1358 823 1440 Samum;
862 1363 1262 1448 posteaque
1291 1376 1366 1422 se
1385 1375 1673 1422 causam
1696 1349 1893 1448 apud
1928 1349 2182 1440 Chios,
2214 1353 2403 1422 cives
2428 1375 2595 1422 suos
2613 1406 2634 1439 ,

491 1465 742 1536 Samiis
783 1461 1290 1536 accusantibus
1335 1460 1663 1560 publice,
1713 1460 2014 1547 dixisse3
2069 1484 2305 1558 eoque
2356 1485 2435 1532 se
2483 1481 2671 1532 esse·

467 1575 950 1661 absolutum,
988 1570 1188 1670 quod
1221 1572 1521 1670 planum
1551 1569 1874 1658 fecisset,
1913 1595 2033 1660 ea,
2075 1596 2237 1669 quae
2265 1572 2481 1669 legati
2512 1575 2635 1642 Sa-

495 1689 812 1758 miorum
855 1683 1218 1772 dicerent,
1266 1683 1357 1755 ad
1387 1687 1692 1756 Verrem
1711 1736 1730 1769 ,
1781 1707 1934 1754 non
1992 1683 2083 1754 ad
2124 1707 2201 1754 se
2244 1684 2631 1780 pertinere.

493 1798 692 1886 Quas
731 1795 862 1866 iste
899 1792 1177 1864 tabulas
1217 1793 1458 1882 illinc,
1497 1818 1659 1890 quae
1696 1796 1895 1892 signa
1938 1792 2273 1865 sustulit?
2310 1817 2475 1890 quae
2512 1817 2635 1865 co-

497 1906 719 2004 gnovi
775 1917 1065 2002 egomet
1120 1903 1315 2002 apud
1371 1906 1591 1975 istum
1631 1907 1709 1974 in
1748 1903 2029 1976 aedibus
2090 1929 2353 2003 nuper,
2406 1914 2639 2003 quum

495 2013 929 2114 obsignandi
947 2008 978 2060 ⁸
1004 2016 1230 2111 gratia
1249 2015 1630 2102 venissem.
1659 2019 1839 2107 Quae
1863 2017 2067 2113 signa
2092 2038 2316 2102 nunc,
2340 2017 2601 2086 Verres
2618 2069 2639 2101 ,

497 2125 628 2198 ubi
663 2127 878 2197 sunt?
932 2123 1054 2197 illa
1093 2149 1380 2221 quaero,
1427 2149 1591 2223 quae
1634 2125 1832 2226 apud
1872 2141 1943 2198 te
1982 2149 2221 2224 nuper
2256 2124 2347 2197 ad
2384 2148 2639 2196 omnes

496 2235 913 2321 columnas,
967 2233 1314 2305 omnibus
1352 2235 1570 2306 etiam
1613 2236 2233 2326 intercolumniis,
2280 2236 2413 2305 inv
2462 2234 2643 2306 silva

500 2345 818 2443 denique
855 2344 1206 2444 disposita
1239 2343 1378 2418 sub
1413 2345 1586 2417 divo
1606 2347 1938 2420 vidimus.
1966 2351 2116 2419 Cur
2145 2371 2260 2436 ea,
2290 2343 2644 2444 quamdiu

494 2456 718 2530 alium
763 2469 1151 2553 praetorem
1173 2467 1236 2501 ¹⁰
1262 2481 1434 2528 cum
1467 2457 1555 2530 iis
1584 2456 1955 2553 judicibus
1978 2511 1999 2546 ,
2041 2482 2229 2556 quos
2264 2459 2342 2527 in
2374 2455 2645 2528 horum

495 2569 736 2641 locum
771 2565 1362 2638 subsortiturus¹¹
1396 2577 1591 2656 eras,
1618 2567 1711 2640 de
1742 2582 1815 2639 te
1843 2571 1917 2639 in
1952 2566 2333 2639 consilium
2364 2568 2641 2638 iturum

496 2677 799 2778 putasti,
858 2677 1140 2748 tamdiu
1195 2677 1394 2750 domi
1452 2676 1799 2750 fuerunt?
1845 2693 2322 2778 posteaquam
2372 2679 2644 2749 nostris

497 2787 802 2862 testibus
828 2813 964 2859 nos
981 2842 1001 2875 ‚
1029 2811 1249 2886 quam
1279 2789 1478 2862 horis
1516 2791 1663 2863 tuis
1680 2800 1773 2878 ¹²,
1804 2790 1914 2861 uti
1938 2788 2153 2861 malle
2178 2788 2449 2876 vidisti3
2477 2788 2645 2860 nul-

569 3043 626 3091 6.
645 3044 866 3090 Romam.
886 3045 1084 3091 Poterat
1108 3043 1309 3108 quidem
1337 3055 1527 3110 prator

497 3123 562 3172 de
593 3121 742 3170 rebus
775 3121 1160 3186 provincialibus
1198 3139 1525 3187 cognoscere,

499 3201 588 3252 sed
605 3201 789 3249 nonita
812 3212 868 3250 ut
883 3201 1093 3266 legatum
1120 3201 1319 3251 alteriue
1343 3215 1529 3268 prato-

497 3285 566 3331 ris
583 3284 814 3348 castigare
829 3293 997 3346 posset
1015 3295 1028 3330 τ
1055 3284 1194 3345 cujus
1219 3283 1290 3332 rei
1305 3284 1527 3349 cogniti«)

499 3362 566 3411 ad
600 3373 824 3411 senatum
853 3361 1152 3426 pertinebat,
1183 3374 1268 3412 aut
1301 3365 1450 3412 etiam
1482 3363 1525 3412 ei

501 3441 626 3506 quid
659 3443 851 3506 gravius
887 3443 1200 3490 commissum
1237 3455 1368 3504 erat,
1397 3443 1526 3493 illud

497 3522 878 3570 animadvertere
897 3531 999 3570 crat
1016 3521 1192 3587 populi
1216 3539 1345 3572 rom·

576 3618 624 3664 7.
649 3603 768 3650 Haec
784 3635 802 3662 ,
833 3617 988 3666 usque
1024 3603 1090 3650 nd
1117 3603 1266 3651 verba
1287 3618 1428 3650 anon
1458 3602 1524 3651 nd

503 3697 554 3730 ne
574 3683 816 3746 pertinere
831 3703 856 3724 υ
871 3715 888 3742 ,
915 3693 1030 3730 sunt
1061 3683 1116 3731 in
1137 3683 1254 3732 edd.
1279 3683 1390 3732 aliis
1407 3693 1527 3748 poet

502 3782 528 3801 α
543 3772 874 3824 sectoremque
898 3779 1118 3828 pugnare
1133 3783 1158 3807 a
1171 3799 1186 3812 .
1213 3765 1404 3812 Erneet.
1423 3765 1529 3828 pri·-

505 3855 614 3888 mus
641 3841 900 3890 transtulit.
932 3844 983 3891 J.
1006 3845 1072 3892 V.
1097 3846 1154 3892 L.

579 3921 628 3968 8.
657 3919 976 3984 Obseknandc‘.
1001 3923 1159 3971 Moris
1187 3923 1282 3971 fnit
1301 3933 1358 3971 ut
1383 3939 1527 3972 accu-

504 4007 639 4048 sator
672 3996 950 4061 obsignant
985 3999 1184 4049 domum
1206 4035 1221 4062 ,
1270 4015 1320 4050 et
1357 4004 1525 4052 claun

506 4087 687 4126 teneret
707 4077 868 4126 omnia
892 4077 1025 4128 illius
1047 4095 1190 4143 quem
1211 4093 1527 4132 accusaturus

1612 3056 1740 3105 erat,
1767 3061 1831 3093 ne
1859 3060 1957 3110 qna
1985 3047 2232 3094 furtorum
2260 3043 2445 3094 indicia
2467 3045 2523 3093 in
2538 3045 2647 3094 lite·

1614 3124 1681 3172 ris
1728 3125 1992 3174 constituta
2035 3124 2099 3173 ab
2146 3139 2208 3173 co
2255 3135 2644 3174 removerentur.

1613 3208 1809 3257 Ascon.
1824 3231 1895 3242 -
1921 3208 1997 3254 Ex
2014 3222 2151 3269 seqq.
2170 3215 2374 3269 apparet
2407 3220 2515 3253 non
2536 3219 2643 3252 eam

1614 3284 2006 3349 obsignationem
2055 3284 2119 3332 nd
2177 3285 2314 3348 signa
2358 3283 2646 3348 tabulaeque

1612 3365 1767 3428 pictae
1785 3375 1949 3430 patere
1960 3399 1976 3423 ,
2002 3379 2155 3428 quum
2173 3380 2227 3412 en
2245 3364 2425 3412 abhinc
2442 3379 2470 3412 a
2489 3367 2645 3414 Verre

1612 3443 1763 3491 celata
1788 3455 1838 3492 et
1868 3445 1923 3492 in
1948 3443 2065 3492 alias
2093 3443 2269 3494 domos
2290 3453 2458 3504 avecta
2480 3460 2647 3508 quera-

1612 3535 1693 3572 tur
1716 3525 1913 3574 Cicero.

1682 3621 1735 3668 9.
1756 3608 1818 3655 In
1835 3604 1973 3654 silva.
1998 3605 2213 3665 Silvula,
2248 3603 2501 3652 viridario.

1688 3699 1771 3734 ιο.
1810 3685 1979 3734 Alium
1994 3697 2278 3749 pret-eorem.
2305 3683 2642 3733 Metellum.—

1612 3768 1817 3816 Horum.
1842 3769 1945 3832 Qui
1966 3782 2099 3815 nunc
2120 3767 2315 3816 adsunt.

1690 3861 1713 3895 1
1727 3862 1748 3894 1
1760 3883 1775 3896 .
1793 3847 1895 3895 Alii
1910 3883 1925 3908 ,
1961 3847 2265 3896 subsortitus.
2290 3848 2342 3896 J.
2358 3847 2423 3894 V.
2442 3847 2501 3895 L.

1690 3939 1771 3974 12.
1804 3925 1932 3974 Tuis.
1960 3925 2074 3974 Tibi
2117 3927 2283 3990 potius
2327 3939 2476 3989 quam
2520 3921 2641 3970 mihi

1613 4005 1915 4064 commodis,
1948 4023 2126 4072 nempe
2161 4003 2487 4066 adjudicium
2522 4019 2641 4067 pro-

1612 4085 1919 4135 trahendum.
1938 4086 2060 4140 vid.
2082 4101 2199 4150 sup.
2224 4103 2285 4158 9,
2301 4094 2353 4134 et
2368 4085 2483 4132 Aet.
2504 4085 2560 4144 1,
2592 4083 2644 4132 8.
