2984 4684
518 351 662 423 606
1314 354 1856 422 APPENDIX

518 474 805 555 sortiti03
852 475 1082 554 altera,
1130 475 1510 540 subsortitio
1560 475 1909 540 dicebatur.
1969 475 2226 538 Peracta
2276 477 2618 540 sortitione
2639 527 2656 557 ,

520 601 585 646 et
618 581 1115 660 subsortitione,
1138 580 1387 660 judices
1413 581 1562 646 lecti
1585 580 1969 660 citabantur,
1995 581 2240 668 quique
2265 581 2486 645 adesse
2519 607 2654 646 non

517 706 803 778 poterat,
836 689 1315 752 excusationem
1350 689 1681 753 afferebat.

606 793 865 858 Iudices
905 793 1210 872 jurabant
1246 797 1315 857 in
1358 796 1530 882 leges
1551 844 1568 874 ,
1614 809 1688 858 ut
1733 794 2026 858 obstricti
2063 793 2378 883 religione
2409 793 2655 874 judica-

515 917 697 980 rent3
732 921 870 962 non
889 898 1151 978 jurabat
1188 915 1446 986 praetor,
1484 899 1725 987 quippe
1758 919 1956 986 quem
1981 899 2198 978 jurare
2233 921 2370 961 non
2399 921 2652 962 necesse

514 1023 716 1087 esset,
760 1021 989 1092 utpote
1032 1005 1381 1068 sententias
1426 1003 1838 1094 colligentem
1864 1053 1881 1083 ‚
1937 1027 2072 1066 non
2121 1025 2278 1067 vero
2317 1003 2650 1068 ferentem.

514 1114 743 1195 Quum
786 1111 1111 1190 jurassent
1156 1133 1385 1174 omnes
1436 1127 1668 1198 praeter
1717 1111 1930 1198 ipsum
1979 1125 2349 1197 praetorem,
2392 1113 2651 1174 uomina

414 1281 419 1289 ,
514 1241 745 1282 eorum
776 1219 845 1280 iu
878 1215 1099 1280 album
1124 1215 1594 1296 referebantur,
1613 1233 1680 1278 et
1701 1217 1910 1304 palam
1933 1214 2016 1278 ad
2049 1213 2334 1278 tribunal
2363 1217 2652 1303 praetoris

516 1323 947 1404 habebantur,
976 1345 1058 1386 ne
1090 1345 1213 1410 pro
1245 1323 1493 1386 selectis
1513 1321 1874 1404 judicibuS,
1907 1337 1982 1385 ut
2015 1320 2085 1384 fit
2107 1321 2175 1383 iu
2204 1321 2652 1400 multitudine,

512 1430 715 1517 aliqui
766 1444 1332 1517 supponerentur,
1376 1430 1866 1516 corruptissime
1917 1427 2284 1507 judicaturi.
2343 1429 2424 1490 In
2467 1450 2652 1490 causa

521 1535 1005 1600 Verris'l'ullius
1026 1532 1243 1622 plures
1259 1549 1566 1622 praeterea
1581 1533 1833 1598 libellos
1856 1534 2094 1597 fecerat
2121 1533 2363 1620 quibus
2389 1535 2654 1597 nomina

510 1641 809 1721 judicum
846 1642 1359 1717 continerentur,
1406 1657 1472 1704 et
1511 1663 1678 1728 quos
1715 1641 2165 1729 compluribus
2199 1639 2648 1717 distribuerat,

518 1771 653 1835 quo
682 1748 897 1810 Verris
928 1763 1357 1835 patronorum
1382 1745 1630 1818 insidiis
1657 1771 1730 1810 ae
1767 1745 1976 1810 fraudi
2007 1746 2243 1809 certius
2267 1761 2654 1809 occurreret.

518 1855 657 1917 Act.
684 1855 715 1916 Ι
734 1901 755 1932 ,
790 1875 929 1940 cap.
956 1854 1018 1916 6.

603 1963 795 2024 Tunc
817 1975 1149 2024 accusator
1176 1959 1423 2046 primus
1462 1959 1824 2022 orationem
1859 1957 2160 2033 habebat,
2192 1958 2278 2020 ita
2309 1972 2388 2020 ut
2414 1979 2554 2020 eam
2587 1957 2654 2018 iu

516 2062 677 2125 duas
702 2076 915 2148 partes
948 2059 1300 2141 divideret3
1336 2061 1532 2124 altera
1562 2059 2087 2123 testimoniorum
2127 2057 2398 2120 nomine
2429 2079 2654 2120 omnes

513 2162 927 2249 probationes
960 2162 1357 2224 extrinsecus
1388 2179 1678 2249 sumptas
1709 2162 2106 2226 continebat.
2145 2191 2170 2216 ι
2193 2161 2516 2224 Maximus
2543 2182 2655 2248 pa·

514 2267 719 2332 tronis
766 2267 931 2330 circa
972 2267 1342 2330 testimonia
1392 2266 1596 2331 sudor
1641 2284 1758 2330 est.
1783 2297 1809 2322 a»
1865 2266 2142 2349 Quintil.
2165 2267 2249 2344 V,
2275 2289 2338 2352 7.
2396 2267 2489 2328 Ea
2531 2283 2654 2328 tres

506 2375 751 2438 habent
779 2389 1029 2461 partes:
1064 2374 1482 2460 quaestiones,
1525 2389 1714 2438 testes
1733 2421 1752 2454 ,
1801 2391 1868 2436 et
1911 2373 2182 2437 tabulas.
2234 2373 2649 2458 Quamquam

514 2502 651 2544 non
674 2480 895 2543 omnia
918 2478 1194 2544 crimina
1218 2477 1449 2542 iisdem
1474 2479 1864 2542 testimoniis
1887 2477 2262 2542 confirmata
2275 2494 2460 2540 sunt.
2489 2477 2654 2540 Nam

508 2584 715 2650 coedes
736 2584 1011 2648 testibus
1038 2601 1103 2647 et
1129 2583 1595 2671 quaestionibus
1619 2584 1894 2671 probata
1913 2599 2043 2664 est3
2071 2581 2440 2646 tabularum
2461 2581 2654 2648 fidem

506 2713 639 2756 non
674 2689 1059 2754 desideravit
1092 2713 1107 2753 ε
1148 2689 1524 2778 repetundae
1569 2707 1636 2752 et
1683 2692 2020 2778 peculatus
2057 2705 2254 2752 testes
2300 2706 2366 2752 et
2411 2687 2656 2752 tabulas

509 2811 983 2885 poposcerunt,
1042 2796 1429 2882 quaestiones
1471 2794 1905 2883 repudiarunt
1941 2817 1960 2859 t
1998 2793 2295 2873 majestas
2331 2810 2548 2858 autem
2579 2809 2644 2856 et

508 2901 791 2966 ambitus
819 2901 972 2964 solis
1004 2900 1200 2962 etiam
1239 2901 1514 2964 testibus
1554 2902 1827 2967 fuerunt
1856 2915 2184 2965 contenta.

600 3007 817 3072 Liberi
853 3029 987 3070 non
1030 3005 1353 3070 dabantur
1384 3007 1449 3070 in
1484 3007 1910 3094 quaestionem
1950 3029 1965 3069 z
2005 3005 2174 3069 servi
2207 3027 2506 3085 reorum,
2553 3027 2654 3068 ao-

508 3129 804 3178 cusatore
820 3112 1225 3199 postulante,
1244 3110 1587 3176 dabantur.
1613 3111 1740 3176 Sed
1771 3129 1994 3176 contra
2030 3109 2336 3176 dominos
2365 3111 2652 3198 torqueri

511 3236 647 3284 non
705 3234 1043 3307 poterant,
1092 3234 1356 3306 excepta
1411 3241 1600 3283 eausa
1654 3219 1980 3296 incestus,
2027 3235 2094 3280 et
2145 3217 2652 3297 conjurationis,

510 3325 838 3406 adulterii,
892 3325 1259 3405 majestatis.
1312 3326 1443 3389 Cic.
1482 3325 1552 3388 in
1599 3325 1818 3393 Partit.
1859 3341 1924 3388 et
1959 3347 2096 3412 pro.
2129 3324 2402 3387 Milone.
2449 3324 2648 3387 Tacit.

516 3437 681 3500 Anu.
718 3432 811 3513 Il,
854 3429 959 3496 3ο.

602 3539 1011 3622 Quaestiones
1062 3538 1273 3625 palam
1312 3537 1722 3602 habebantur
1751 3538 2264 3626 inspectantibus
2308 3534 2612 3599 omnihus

508 3646 781 3710 nuncin
816 3644 1033 3709 medio
1065 3643 1249 3726 foi-03
1274 3667 1451 3707 nunc
1486 3645 1554 3708 in
1589 3645 1753 3708 atrio
1792 3645 2139 3718 libertatis,
2173 3661 2241 3708 et
2271 3642 2444 3722 aliis;
2477 3662 2654 3704 nunc

511 3750 581 3814 in
631 3768 879 3818 senatu.
933 3749 1285 3814 Atrocibus
1335 3747 1459 3813 illis
1509 3749 1850 3814 tormentis
1895 3771 2040 3836 quse
2077 3771 2159 3812 ne
2200 3748 2333 3812 ulla
2389 3744 2650 3834 quidem

510 3855 723 3943 specie
752 3854 1015 3920 defendi
1043 3870 1356 3942 possunt,
1391 3854 1639 3920 diutius
1671 3857 1980 3918 Romana
2015 3855 2188 3943 leges
2221 3855 2497 3917 fuerunt
2525 3849 2652 3939 pol-

509 3963 693 4044 lutae,
727 3962 815 4026 ita
847 3979 923 4028 ut
958 3962 1111 4026 solis
1139 3961 1612 4026 recentioribus
1647 3963 1907 4051 populis
1938 3961 2101 4026 illud
2133 3961 2216 4024 sit
2246 3959 2448 4024 decus
2477 3957 2650 4022 atu-i-

506 4066 843 4132 buendum
876 4069 1011 4130 baec
1048 4090 1125 4130 ex
1152 4064 1406 4142 judiciis
1446 4069 1721 4130 omuino
1759 4067 2102 4156 depulisse.
