2984 4684
771 317 878 388 ΙΝ
927 315 1353 386 VERREM
1404 315 1631 384 AcT.
1668 313 1772 412 Π,
1817 316 2006 382 Lm.
2048 318 2103 383 1.
2367 313 2504 412 367

368 437 669 512 dedisse.
686 438 932 510 Recita
951 460 1445 509 ‘rus'rmomuu
1474 441 1555 507 C.
1581 441 1862 508 Esmm.
1879 436 2119 508 Nolite
2135 440 2217 508 G.
2236 443 2512 512 Fannio

368 549 635 630 dicenti
666 546 990 637 credere;
1021 545 1210 633 noli,
1241 547 1567 642 iuquam,
1594 559 1704 632 tu,
1736 545 1826 633 Q.
1841 545 2086 634 Titini,
2112 551 2184 618 C.
2208 551 2512 639 Fannio,

369 659 571 732 fratri
632 673 802 747 tue,
866 655 1162 730 credere
1198 684 1215 726 :
1283 654 1457 728 dicit
1515 656 1710 726 enim
1769 679 1924 726 rem
1981 656 2516 748 incredibilem3

368 776 447 842 C.
478 775 782 842 Verrem
827 761 1196 840 insimulat
1238 766 1547 837 avaritiae
1597 779 1672 836 et
1725 763 2037 837 audaciae
2075 793 2090 835 τ
2131 792 2296 864 quae
2345 771 2517 841 vitia

366 880 710 953 videntur
731 882 811 950 in
830 879 1160 977 quemvis
1182 876 1429 976 potius
1446 930 1465 964 ‚
1497 898 1720 972 quam
1749 875 1824 945 in
1847 875 2067 946 istum
2095 882 2510 972 convenire.

369 993 569 1062 Dixit
610 993 701 1081 Q.
729 989 1032 1079 Tadius,
1078 987 1304 1060 homo
1350 984 1946 1059 familiarissimus
1992 990 2218 1092 patris
2271 992 2511 1079 istius,

366 1126 521 1172 non
562 1099 841 1171 alienus
878 1124 921 1170 a
953 1099 1203 1169 matris
1244 1097 1403 1194 ejus
1439 1121 1703 1195 genere
1745 1110 1818 1166 et
1853 1098 2185 1188 nomine3
2231 1099 2511 1174 tabulas

367 1209 707 1309 protulit,
740 1208 1012 1308 quibus
1043 1209 1431 1308 pecuniam
1460 1233 1539 1280 se
1577 1205 1856 1279 dedisse
1895 1207 2233 1281 ostendit.
2268 1215 2514 1286 Recita

368 1315 700 1394 nommss
745 1325 1103 1422 Q.TAD11.
1162 1320 1409 1391 Recita
1451 1341 1954 1390 ‘rts‘rmomuu
1995 1319 2084 1408 Q.
2111 1325 2344 1392 TAnn.
2403 1329 2514 1396 Ne

368 1429 636 1503 tabulis
699 1427 1002 1529 quidem
1050 1432 1141 1520 Q.
1188 1427 1427 1516 Tadii,
1478 1452 1618 1500 nec
1668 1430 2087 1502 testimonio
2137 1431 2515 1506 credetur?

368 1541 564 1634 Quid
592 1544 809 1641 igitur
835 1543 909 1612 in
944 1539 1234 1636 judiciis
1270 1538 1712 1636 sequemur?
1742 1537 1923 1636 quid
1949 1556 2059 1613 est
2083 1541 2278 1614 aliud
2297 1598 2318 1632 ‚
2356 1570 2513 1620 om-

367 1654 587 1726 nibus
618 1654 861 1724 omnia
887 1664 1185 1749 peccata
1210 1664 1285 1722 et
1313 1645 1662 1720 maleficia
1689 1647 2126 1735 concedere,
2163 1651 2303 1722 nisi
2335 1651 2512 1742 hoe,

367 1764 751 1836 hominum
777 1761 1452 1834 honestissimorum
1472 1761 1902 1832 testimoniis
1925 1775 2000 1833 et
2026 1766 2350 1834 virorum
2378 1763 2514 1836 bo-

366 1899 633 1947 norum
658 1867 928 1946 tabulis
953 1897 1105 1943 non
1136 1870 1475 1944 credere?
1499 1873 1682 1944 Nam
1711 1868 1892 1968 quid
1925 1873 2107 1968 ego⁴
2140 1869 2231 1943 de
2264 1875 2509 1970 quoti-

368 1984 587 2057 diano
610 2008 947 2056 sermone
973 1984 1580 2080 querimoniaque
1612 1981 1870 2080 populi
1895 1985 2182 2054 romani
2211 1983 2514 2082 loquar?

368 2091 459 2166 de
495 2096 703 2166 istius
751 2091 1381 2192 impudentissimo
1430 2089 1666 2176 furto,
1725 2116 1856 2163 seu
1895 2097 2138 2190 potius
2187 2120 2380 2168 novo
2429 2121 2512 2169 ac

368 2200 709 2299 singulari
748 2201 1170 2273 latrocinio?
1205 2225 1461 2272 ausum
1502 2225 1657 2272 esse
1694 2201 1772 2271 in
1809 2201 1959 2273 aede
1991 2207 2349 2297 Castoris,
2395 2233 2511 2280 ce-

369 2307 757 2382 leberrimo
788 2309 1332 2407 clarissimoque
1368 2326 1889 2396 monumento,
1924 2314 2126 2409 quod
2160 2317 2512 2414 templum

372 2425 447 2493 in
483 2420 712 2493 oculis
762 2419 1340 2518 quotidianoque
1384 2418 1733 2518 adspectu
1785 2423 2046 2520 populi
2085 2429 2368 2498 romani
2406 2445 2514 2500 est

370 2537 689 2632 positum
710 2587 730 2620 ,
785 2556 937 2628 quo
975 2555 1474 2629 saepenumero
1517 2547 1806 2603 senatus
1855 2551 2321 2626 convocatur,
2359 2563 2513 2636 quo

370 2646 846 2714 maximarum
884 2665 1129 2712 rerum
1182 2638 1784 2738 frequentissimae
1837 2643 2186 2743 quotidie,
2211 2644 2510 2721 advoca·

372 2750 643 2826 tiones⁵
670 2752 895 2840 fiunt;
929 2754 1007 2822 in
1038 2777 1126 2822 eo
1161 2751 1358 2841 loco,
1392 2752 1469 2822 in
1508 2775 1840 2824 sermone
1867 2752 2276 2844 hominum,
2299 2758 2515 2832 auda-

375 2865 497 2934 ciae
532 2889 677 2935 suae
722 2875 1285 2934 monumentum
1314 2875 1666 2933 aeternum
1703 2862 2166 2960 relinquere?

470 2979 551 3046 L.
582 2973 832 3045 AEdem
869 2972 1221 3060 Castoris,
1263 2968 1578 3067 judices,
1605 2973 1679 3042 P.
1713 2977 1750 3042 J
1756 2974 1970 3045 unius
2001 2973 2260 3047 habuit
2290 2992 2509 3050 tuen-

376 3085 541 3157 dam
560 3139 581 3174 ,
608 3089 686 3156 L.
704 3082 930 3170 Sulla,
960 3085 1050 3173 Q.
1078 3080 1371 3153 Metello
1401 3079 1894 3153 consulibus1.
1928 3088 1998 3154 Is
2017 3099 2347 3158 mortuus
2372 3103 2511 3160 est:

376 3197 670 3294 reliquit
700 3194 1061 3295 pupillum
1094 3217 1399 3294 parvum
1434 3191 1688 3264 filium.
1730 3195 1979 3285 Quum
2021 3199 2102 3266 L.
2135 3200 2474 3271 Octavius
2494 3255 2513 3286 ‚

378 3414 567 3465 Fannio
596 3429 653 3461 ac
669 3413 855 3462 Titinio
880 3415 1125 3478 nupsisse,
1156 3413 1289 3462 unde
1312 3413 1397 3460 illa
1487 3413 1564 3462 lus
1594 3414 1895 3480 Dalmaticus
1919 3415 2139 3466 hostium
2163 3417 2336 3487 spoliis
2358 3422 2514 3471 auxit.

377 3498 432 3546 in
456 3497 561 3556 ejus
586 3492 701 3541 filiis
726 3496 856 3540 varia
880 3493 1099 3541 nomina.
1489 3496 1608 3541 Erat
1621 3495 1674 3540 in
1691 3495 1804 3542 foro
1814 3494 1877 3542 ad
1895 3495 2080 3544 radices
2093 3497 2300 3546 Palatini
2317 3502 2514 3551 montis.

452 3577 503 3624 3.
540 3573 776 3622 Nomina.
810 3571 1007 3635 Capita,
1051 3587 1135 3618 seu
1172 3569 1404 3619 articulos
1568 3573 1618 3622 5.
1655 3573 2038 3624 Advocationes.
2065 3563 2163 3623 ‘Uti
2210 3578 2519 3640 consulatur,

378 3655 653 3706 tabularum
676 3655 741 3716 Q.
754 3650 927 3709 Tadii,
946 3649 998 3696 iu
1022 3645 1203 3714 quibus
1220 3652 1406 3698 mentio
1494 3651 1901 3700 convenientibus
1923 3653 2191 3703 advocatis.
2453 3639 2460 3650 “

380 3736 437 3786 fit
456 3737 581 3784 datae
593 3733 735 3781 Verri
750 3731 989 3798 pecunie.
1567 3733 1624 3778 L.
1653 3747 1696 3779 1.
1711 3729 1830 3790 Alii,
1847 3733 2136 3781 censoribus.
2156 3736 2304 3798 Quod
2329 3737 2522 3790 salsum.

452 3825 500 3872 4.
518 3816 653 3862 Nam
670 3811 794 3877 quid
815 3826 926 3876 ego.
948 3807 1193 3857 Transitio
1214 3808 1274 3856 ad
1300 3824 1408 3856 nar·
1497 3810 1777 3873 Numquam
1809 3809 1942 3858 enim
1976 3828 2076 3861 una
2112 3829 2362 3878 censores,
2405 3835 2522 3868 con-

382 3897 619 3944 ratiouem
645 3894 706 3942 de
732 3891 836 3942 tede
866 3888 1100 3940 Castoris.
1128 3889 1276 3936 Vovit
1302 3905 1409 3937 eam
1496 3889 1624 3938 sules
1653 3905 1771 3937 vero
1805 3891 2005 3939 suerunt
2041 3892 2172 3942 Sulla
2215 3905 2262 3943 et
2294 3898 2522 3948 Metellus

384 3975 516 4023 bello
532 3977 709 4024 Latino
724 3974 1003 4022 Postumius
1022 3967 1409 4028 dictator3fflius
1498 3973 1567 4019 A.
1596 3971 1659 4016 U.
1684 3971 1745 4030 67
1756 3984 1804 4016 a.
1823 3969 1985 4018 Verba
2007 3972 2078 4020 sic
2106 3978 2378 4040 transponit
2403 3981 2517 4028 Sch.

387 4057 496 4116 ejus
522 4055 789 4106 dedicavit.
810 4054 869 4102 T.
895 4053 1001 4102 Liv.
1024 4053 1105 4113 11,
1132 4056 1218 4105 42.
1238 4049 1410 4102 Metel·
1502 4073 1525 4092 ‹-
1545 4048 1698 4098 oedem
1711 4082 1831 4099 .....
1845 4050 2093 4102 tuendam.
2123 4054 2172 4102 Is
2205 4068 2425 4107 mortuus
2457 4071 2530 4108 est
