2984 4684
474 345 618 438 470
1122 345 1219 412 M.
1272 345 1351 414 T.
1403 343 1976 414 CICERONIS
2421 431 2428 436 ἢ

474 489 742 564 nempe
760 465 1108 562 scriptum
1134 465 1233 558 ita
1262 479 1403 554 est,
1426 495 1461 532 u
1478 479 1666 562 quot
1684 467 2082 538 renuntiati
2109 482 2328 540 erunt
2350 498 2411 539 »z
2435 485 2634 567 quot

474 599 649 674 ergo
666 627 687 664 ‚
710 576 987 672 inquit,
1012 590 1183 649 sunt
1204 576 1648 648 renuntiati?
1673 579 2134 676 Responsum
2151 631 2172 665 ‚
2203 592 2374 653 tres.
2399 583 2636 652 Num·

478 685 659 787 quid
706 688 926 784 igitur
976 701 1269 785 oportet
1283 741 1304 777 ‚
1361 688 1502 760 nisi
1555 703 1700 760 tres
1751 703 1984 764 sortes
2043 690 2356 784 conjici,
2403 716 2636 762 unam

478 798 739 870 educi?
792 797 994 869 nihil.
1040 799 1319 895 Conjici
1349 798 1566 896 jubet
1605 813 1792 888 treS‚
1842 802 1921 869 in
1965 799 2238 897 quibus
2281 800 2640 874 omuibus

477 909 830 1009 scriptum
872 923 1061 982 esset
1099 897 1373 982 nomen
1408 909 1902 984 Theomnasti.
1945 913 2058 983 Fit
2089 910 2362 984 clamor
2399 915 2638 984 maxi-

477 1045 640 1092 mus
664 1075 685 1109 ,
740 1045 973 1118 quum
1024 1019 1103 1094 id
1147 1022 1504 1094 universis
1557 1019 1943 1119 indignum
1993 1035 2216 1120 atque
2266 1021 2642 1096 nefarium

476 1130 867 1206 videretur.
933 1136 1042 1202 Ita
1084 1131 1279 1204 Jovis
1336 1128 1516 1204 illud
1565 1130 2050 1207 sacerdotium
2099 1131 2638 1230 amplissimum
2711 1215 2714 1217 Α

476 1266 609 1341 per
647 1241 835 1314 hanc
880 1243 1234 1317 rationem
1268 1240 1763 1318 Theomnasto
1800 1241 2038 1316 datur.

577 1356 729 1428 LII.
782 1351 1207 1450 Cephaloedi
1240 1353 1508 1424 mensis
1553 1365 1664 1424 est
1699 1367 1978 1440 certus,
2036 1377 2192 1449 quo
2229 1377 2480 1425 mense
2519 1376 2640 1424 sa-

482 1461 853 1538 cerdotem
886 1465 1281 1538 maximum
1310 1463 1540 1541 creari
1565 1478 1924 1561 oporteat.
1952 1467 2126 1536 Erat
2147 1464 2305 1560 ejus
2327 1464 2646 1536 honoris

484 1571 793 1671 cupidus
853 1576 1151 1648 Artemo
1174 1584 1193 1621 ¹
1256 1572 1556 1670 quidam
1578 1628 1598 1661 ‚
1654 1573 2085 1648 Climachias
2151 1579 2606 1672 cognomine
2625 1629 2646 1662 ‚

482 1683 710 1760 homo
741 1708 913 1758 sane
939 1682 1269 1782 locuples
1285 1738 1306 1773 ,
1334 1698 1409 1756 et
1433 1683 1636 1756 domi
1664 1684 1968 1774 nobilis3
1998 1683 2128 1758 sed
2151 1687 2209 1757 is
2235 1684 2397 1758 fieri
2427 1684 2650 1757 nullo

484 1793 709 1869 modo
736 1809 1055 1892 poterat,
1100 1796 1159 1869 si
1195 1793 1610 1870 Herodotus
1638 1795 1934 1894 quidam
1971 1795 2253 1868 adesset
2291 1797 2405 1868 :ei
2429 1795 2650 1868 locus

487 1905 607 1979 ille
638 1921 857 2003 atque
880 1905 1121 1981 honos
1158 1907 1234 1978 in
1266 1906 1473 1985 illum
1497 1895 1773 1980 annum
1801 1909 1902 1980 ita
1929 1906 2183 1980 deberi
2219 1905 2652 2006 putabatur,

380 2101 393 2122 ι
490 2029 573 2086 ut
614 2039 707 2086 ne
730 2015 1161 2089 Climachias
1185 2014 1485 2113 quidem
1513 2031 1769 2090 contra
1795 2016 2090 2090 diceret.
2125 2023 2269 2092 Res
2301 2018 2392 2090 ad
2417 2020 2651 2090 istum

490 2123 838 2214 defertur,
855 2141 927 2198 et
946 2127 1150 2198 istius
1184 2151 1387 2198 more
1410 2125 1790 2202 deciditur.
1802 2132 2234 2200 Toreumata
2265 2153 2437 2200 sane
2465 2138 2651 2200 nota

489 2259 571 2316 ac
604 2239 921 2334 pretiosa
958 2234 1458 2311 auferuntur-².
1492 2237 1912 2311 Herodotus
1949 2243 2198 2310 Romae
2231 2254 2430 2312 erat:
2471 2238 2654 2310 satis

488 2345 795 2445 putabat
824 2371 919 2423 .se
972 2346 1065 2420 ad
1108 2349 1397 2422 comitia
1442 2363 1776 2448 tempore
1814 2364 2208 2422 venturum
2229 2405 2249 2438 ‚
2299 2350 2358 2422 si
2409 2347 2652 2447 pridie

492 2460 827 2532 venisset.
863 2459 1007 2530 Iste
1030 2513 1051 2548 ‚
1078 2485 1173 2530 ne
1209 2473 1335 2532 aut
1362 2458 1504 2532 alio
1539 2485 1790 2532 mense
1813 2515 1834 2549 ‚
1861 2486 1946 2534 ac
1985 2459 2094 2533 fas
2131 2475 2322 2548 erat,
2351 2459 2653 2531 comitia

490 2569 961 2659 haberentur,
1000 2585 1137 2644 aut·
1157 2569 1530 2645 Herodoto
1559 2574 1896 2668 praesenti
1932 2571 2172 2644 honos
2199 2569 2654 2644 adimeretur

487 2681 611 2778 (id
636 2680 841 2778 quod
867 2682 1001 2754 iste
1023 2677 1235 2752 ³'non
1261 2680 1642 2756 laborabat
1660 2736 1680 2771 ‚
1719 2682 2148 2756 Climachias
2185 2680 2489 2752 minime
2519 2705 2654 2752 vo-

490 2791 773 2888 lebat),
810 2793 1171 2888 excogitat
1198 2790 1389 2888 (dixi
1410 2791 1876 2888 jamdudum3
1907 2818 2058 2864 non
2085 2805 2195 2864 est
2225 2791 2452 2864 homo
2479 2812 2654 2862 acu·

488 2907 635 2978 tior
670 2903 1095 3000 quisquam,
1139 2925 1276 2976 nec
1316 2899 1532 2996 fuit),
1571 2905 1969 3002 excogitat,
2004 2903 2347 3000 inquam,
2383 2923 2654 2996 quem-

496 3011 895 3084 admodum
922 3035 1167 3082 mense
1190 3011 1315 3083 illo
1332 3011 1657 3109 legitimo
1689 3015 1984 3085 comitia
2014 3011 2488 3097 haberentur,
2509 3034 2654 3080 nec

498 3137 743 3194 tamen
779 3121 1192 3194 Herodotus
1218 3119 1467 3192 adesse
1492 3139 1758 3219 posset.
1791 3129 1917 3195 Est
1952 3119 2412 3194 consuetudo
2445 3118 2654 3189 Sicu·

494 3233 733 3305 lorum
754 3286 775 3320 ‚
794 3245 1351 3329 ceterorumque
1372 3235 1792 3305 Graecorum
1807 3288 1828 3322 ‚
1848 3230 2052 3331 quod
2079 3255 2250 3304 suos
2271 3229 2422 3302 dies
2447 3252 2653 3300 men·

568 3455 675 3502 ul.
699 3469 744 3501 ι.
762 3452 841 3501 Sic
866 3449 1009 3498 multi
1032 3449 1182 3500 codd.
1200 3449 1328 3509 Alii,
1352 3447 1531 3498 Arthe-
1617 3445 1919 3496 conciliandi
1971 3457 2024 3494 et
2075 3442 2272 3492 emendi
2319 3440 2650 3491 consuetudo.

500 3534 602 3584 ιιίο.
628 3535 687 3582 Ρ.
716 3533 912 3580 Manat.
943 3529 1177 3580 Athenio.
1200 3532 1253 3578 J.
1276 3531 1344 3580 V.
1374 3531 1431 3579 L.
1458 3555 1530 3567 —
1693 3529 1742 3574 3.
1776 3525 1847 3573 Id
1877 3523 2015 3590 quod
2048 3523 2152 3572 iste.
2178 3526 2356 3570 Verres
2392 3520 2536 3569 facik
2569 3523 2650 3570 vd

506 3615 818 3662 Tor-cumaea.
863 3611 932 3659 Es
976 3620 1093 3659 sunt
1146 3625 1293 3669 vass,
1342 3609 1385 3658 si
1429 3609 1532 3656 vim
1617 3606 1717 3655 alio
1743 3621 1932 3663 mense,
1959 3619 2018 3652 ac
2043 3618 2151 3652 mos
2173 3612 2303 3662 erat,
2337 3600 2538 3649 comitis
2561 3600 2652 3648 ha·

500 3707 671 3757 greca
708 3679 914 3756 originis
952 3699 1145 3755 spectes
1158 3722 1175 3747 ‚
1210 3699 1357 3736 tomo
1381 3690 1532 3747 sacta,
1618 3685 1828 3743 huia-et,
1848 3695 1934 3732 aut
1957 3682 2218 3732 Herodoto
2243 3681 2474 3746 prasenti
2491 3680 2652 3729 hono—

502 3771 788 3836 plemmqne
809 3780 972 3820 autem
994 3771 1062 3819 its
1084 3767 1300 3834 sculpta,
1326 3781 1385 3818 ut
1406 3767 1532 3834 figu-
1621 3782 1726 3814 rem
1747 3764 2006 3814 ademisset
2019 3798 2033 3822 ‚
2060 3763 2158 3810 nisi
2180 3761 2470 3811 Climachias
2495 3760 2650 3810 obsti-

502 3865 569 3899 rae
596 3851 856 3900 emineant.
1626 3846 1792 3904 tinet,
1841 3843 1929 3909 qui
1981 3842 2182 3890 minime
2233 3839 2430 3890 volebat
2480 3851 2646 3888 contra

576 3947 626 3979 2.
658 3930 881 3978 Pretiosa
906 3927 1213 3994 unfit-untur.
1245 3929 1436 3991 Nempe
1470 3943 1532 3974 ex
1625 3941 1810 3974 morem
1838 3941 1895 3972 ac
1932 3923 2063 3988 leges
2096 3921 2324 3971 sacerdos
2351 3921 2534 3982 creari,
2557 3919 2650 3968 etsi

504 4007 692 4058 adibus
717 4009 1002 4058 Artemonis
1034 4007 1097 4055 sd
1119 4010 1323 4054 Verrem
1354 4006 1530 4070 depor-
1621 3998 1800 4054 Verres
1840 4006 1944 4066 ejus
1979 4003 2130 4051 moris
2165 4001 2404 4050 rationem
2437 4015 2540 4048 non
2572 3999 2650 4046 ha·

504 4099 694 4148 tantun
712 4104 821 4153 quae
846 4087 991 4136 solita
1014 4100 1118 4136 erat
1141 4087 1364 4152 praetoris
1388 4086 1530 4134 istius
1617 4085 1778 4134 habat.
