2984 4684
755 374 865 446 IN
912 367 1346 444 VERREM
1385 375 1599 446 ACT.
1643 373 1764 466 ΙΙ,
1812 375 2005 452 LIB.
2058 389 2111 455 I.
2358 387 2491 462 321

365 505 444 563 et
479 489 742 564 tabulis
783 493 994 592 pictis
1035 509 1242 566 erant
1275 519 1537 566 vacuae.
1582 501 1677 571 At
1716 525 1885 574 vero
1928 503 2187 578 urbem
2232 487 2498 604 tetam,

365 603 636 701 templa
665 602 967 674 deorum
991 655 1012 693 ‚
1045 628 1445 704 omnesque
1479 606 1697 680 ltaliae
1723 625 1995 709 parteS‚
2035 615 2327 690 illorum
2362 621 2498 694 do·-

285 808 296 818 .
363 715 478 783 nis
526 737 610 784 ac
663 716 1156 786 monumentis
1198 731 1577 792 exornatas
1623 719 2023 794 videmus².
2059 731 2357 817 Vereor,
2398 757 2495 806 ne

361 821 514 894 haec
557 821 744 895 forte
781 825 1118 922 cuiquam
1157 829 1370 898 nimis
1407 831 1705 926 antiqua
1741 846 1814 904 et
1840 833 1991 929 jam
2029 834 2355 913 obsoleta
2388 848 2497 914 vi-

361 932 714 1004 deantur:
745 939 844 1006 ita
867 938 1063 1006 enim
1091 951 1250 1006 tum
1275 937 1725 1034 aequabiliter
1748 965 2003 1016 omnes
2025 963 2229 1019 erant
2254 949 2497 1046 hujus·

359 1039 632 1131 modi-⁹⁹,
667 1057 751 1114 ut
779 1043 931 1116 haec
959 1045 1115 1117 laus
1146 1047 1422 1119 eximiae
1453 1050 1741 1122 virtutis
1760 1066 1835 1124 et
1861 1053 2321 1147 innocentiae,
2340 1085 2495 1134 non

359 1153 597 1224 solum
615 1153 996 1226 hominum
1012 1208 1032 1242 ‚
1067 1179 1326 1226 verum
1345 1158 1561 1229 etiam
1588 1173 1994 1258 temporum
2024 1164 2312 1238 illorum
2340 1193 2493 1244 esse

355 1261 703 1334 videatur.
725 1269 796 1335 Ρ.
819 1266 1225 1355 Servilius4,
1255 1268 1367 1336 vir
1405 1267 1869 1361 clarissimus,
1904 1276 2237 1348 maximis
2271 1276 2493 1352 rebus

357 1376 598 1468 gestiS‚
629 1374 868 1463 adest;
893 1374 984 1446 de
1014 1389 1088 1446 te
1119 1377 1551 1448 sententiam
1581 1377 1855 1453 laturus
1873 1397 2012 1455 est:
2050 1386 2494 1486 Olympum⁵

355 1481 451 1570 vi,
475 1483 736 1580 copiis,
769 1485 1104 1572 eonsili0‚
1128 1487 1396 1558 virtute
1429 1488 1623 1586 cepit
1642 1539 1661 1578 ‚
1701 1489 1964 1563 urbem
1986 1497 2395 1594 antiquam,
2422 1519 2497 1575 et

354 1591 697 1664 omnibus
729 1592 950 1665 rebus
985 1610 1270 1687 anetam
1293 1610 1366 1668 et
1391 1611 1740 1669 ornatam.
1771 1605 2049 1676 Recens
2076 1610 2493 1710 exemplum

353 1699 720 1774 fortissimi
748 1705 884 1776 viri
917 1703 1259 1804 profero:
1296 1732 1468 1778 nam
1508 1725 1762 1807 postea
1792 1716 2139 1788 Servilius
2176 1720 2494 1819 impera-⁶

351 1825 470 1882 tor
505 1813 761 1918 pepuli
795 1815 1080 1888 remani
1110 1815 1544 1915 Olympum,
1578 1817 1841 1894 urbem
1870 1823 2230 1918 hostium,
2268 1836 2494 1930 cepit,

353 1945 572 2018 quam
606 1937 690 1993 tu
728 1925 804 1994 in
829 1923 1085 1996 iisdem
1109 1925 1288 2010 loeis
1315 1927 1595 2025 legatus
1620 1935 2050 2026 quaestorius
2076 1938 2347 2035 oppida
2366 1953 2525 2039 pa-‘

351 2047 506 2103 cata
534 2035 904 2104 sociorum
927 2049 1149 2132 atque
1187 2037 1589 2108 amicorum
1617 2039 2023 2137 diripienda
2054 2068 2137 2116 ac
2168 2052 2493 2126 vexanda

350 2143 636 2214 curasti.
675 2145 784 2213 Tu
803 2193 824 2225 ‚
854 2167 1016 2240 quae
1039 2169 1132 2215 ex
1161 2142 1342 2216 fanis
1382 2146 1937 2244 religiosissimis
1974 2175 2109 2250 per
2147 2158 2383 2231 scelus
2418 2177 2495 2234 et

347 2252 810 2323 latrociniiun
841 2251 1234 2342 abstulisti,
1269 2279 1352 2326 ea
1383 2280 1519 2328 nos
1544 2258 1819 2349 videre,
1852 2265 1991 2334 nisi
2017 2265 2096 2335 in
2132 2268 2275 2339 tuis
2309 2275 2493 2343 ami-

347 2385 751 2459 corumque
775 2374 1074 2433 tuorum
1099 2365 1340 2453 tectis,
1371 2389 1526 2438 non
1560 2391 1981 2464 possumus:
2012 2378 2088 2444 P.
2106 2379 2489 2472 Servilius,-

347 2497 510 2571 quae
552 2474 757 2570 signa
797 2485 1020 2570 atque
1058 2488 1483 2547 ornamenta
1518 2499 1611 2552 ex
1659 2477 1847 2552 urbe
1892 2481 2250 2577 hostium,
2291 2493 2364 2561 vi
2414 2507 2491 2566 et

415 2762 466 2796 a.
493 2745 740 2796 Videmus.
766 2746 827 2794 In
847 2742 1064 2792 eamdem
1083 2743 1372 2792 senmflam
1457 2743 1547 2796 aed
1570 2745 1709 2812 qnod
1736 2737 1861 2797 nihil
1885 2741 1981 2798 eibi
2006 2747 2239 2816 privatim
2267 2771 2489 2810 amn.-

343 2825 462 2876 Sall.
483 2825 773 2884 catam,
799 2826 859 2874 3:
879 2823 994 2872 «nli
1013 2821 1191 2889 (nostri
1213 2825 1370 2885 majo·
1454 2836 1595 2886 rent,
1620 2826 1717 2874 nisi
1741 2827 1964 2891 quaedam
1990 2831 2197 2880 minoris
2232 2839 2401 2900 pretii,
2430 2849 2485 2890 ut

329 2909 444 2972 ree)
473 2905 675 2954 delubra
715 2904 918 2953 deornm
955 2903 1163 2968 pietate,
1189 2901 1368 2951 domos

341 3001 430 3033 aua
471 2985 625 3049 gloria
659 2983 980 3043 decorabant3
1013 2998 1174 3048 neque
1221 2983 1368 3032 victis

341 3064 636 3130 quidquam,
669 3074 848 3128 praeter
870 3063 1062 3127 iniuria
1087 3063 1332 3112 Ileentiam
1348 3097 1366 3123 ,

341 3143 680 3207 eripiebantn3
723 3153 774 3192 et
812 3143 984 3209 paullo
1019 3143 1145 3191 infra
1191 3141 1252 3192 de
1287 3143 1366 3192 hia

342 3222 699 3285 praedatoribua
713 3258 730 3284 ,
765 3223 910 3270 Verri
951 3221 1232 3280 simillimis,
1282 3221 1363 3270 lo-

341 3315 528 3364 quem:
555 3323 582 3343 e
597 3301 662 3348 ffi
681 3311 852 3349 eontra
867 3301 1182 3367 ignavissumi
1205 3301 1365 3350 homi-

341 3393 430 3426 nes
479 3395 570 3442 per
609 3395 849 3427 summum
891 3381 1048 3428 scelus
1099 3381 1262 3428 omnia
1306 3397 1362 3429 ea

339 3456 490 3505 sociis
533 3456 752 3505 ademere
770 3493 787 3519 ,
829 3475 940 3524 qnae
981 3458 1230 3507 fortissimi
1267 3458 1360 3507 viri

338 3536 550 3584 victores
567 3535 886 3599 reliqum-anu
907 3535 1114 3600 proinde
1131 3537 1268 3601 quasi
1287 3537 1352 3585 in-

333 3616 514 3678 juriam
541 3616 730 3675 faeere,
753 3614 807 3663 id
836 3615 1034 3664 demum
1057 3625 1184 3664 eaaet
1205 3615 1360 3682 impe-

339 3695 418 3744 rio
434 3690 514 3745 uti
521 3715 564 3745 n.

412 3777 464 3824 3.
484 3771 794 3840 Huiusmodi.
817 3771 1134 3822 Abstinentoe
1154 3783 1205 3822 et
1221 3773 1358 3823 boni.

338 3855 626 3906 Notandum
643 3853 777 3902 illam
801 3851 882 3902 his
905 3853 1116 3902 ducibus
1139 3856 1361 3903 -eximiae

337 3935 536 3984 virtutis
577 3933 772 3983 laudem
792 3953 814 3977 ι
859 3933 1034 3992 tribui,
1083 3948 1189 3982 non
1223 3933 1360 3999 quod

341 4012 582 4062 victorum
608 4014 902 4064 ornamentis
927 4024 1360 4078 parcerent‚quum

337 4107 396 4140 ea
433 4093 664 4158 pleraque
703 4093 910 4142 Romam
943 4103 1330 4158 πωροι-υκαι
1343 4123 1361 4154 ,

533 4185 590 4250 Ῑ.
645 4197 734 4243 Cic.
752 4211 870 4260 pars
897 4193 1112 4242 secunda.

1455 2919 1606 2968 arma,
1626 2922 1813 2967 currus,
1842 2907 2013 2957 domui
2030 2912 2278 2964 ornandae.
2370 2934 2375 2942 ·

1528 2991 1582 3042 ka
1624 2987 1682 3035 Ρ.
1705 2986 1948 3036 Servilius.
1980 2989 2167 3039 Consul
2196 2989 2329 3043 anno
2352 2997 2485 3062 67⁴,

1453 3079 1519 3112 ex
1532 3064 1787 3112 consulatu
1797 3067 2101 3131 provinciam
2116 3071 2336 3122 Ciliciam
2345 3079 2483 3142 quin-

1451 3143 1673 3208 quennio
1690 3154 1739 3190 et
1758 3143 1940 3193 bellum
1956 3147 2219 3211 piraticum
2241 3153 2481 3209 obtinuit.-

1452 3221 1531 3269 Ex
1563 3221 1626 3269 iia
1663 3223 1984 3290 triumphavit
2008 3243 2141 3276 anno
2163 3231 2297 3295 679,
2329 3235 2481 3299 atqua

1452 3299 1520 3348 ob
1554 3303 1783 3365 Isauron,
1828 3319 1987 3354 arcem
2030 3307 2216 3359 ciliciae
2229 3345 2244 3369 ,
2284 3323 2477 3377 emptam

1449 3379 1703 3429 Istam-icus
1726 3393 1801 3431 est
1818 3385 2208 3448 cognominatus.
2230 3388 2361 3440 mor.
2372 3393 2453 3441 111
2464 3423 2483 3453 ,

1448 3459 1501 3508 6.
1524 3455 1687 3510 Strab.
1714 3463 1856 3512 XIV.

1521 3537 1572 3587 5.
1594 3538 1863 3604 Οζγηιριυη.
1882 3543 1945 3590 In
1966 3545 2149 3593 vertice
2170 3547 2321 3594 Tauri
2341 3563 2479 3600 mon-

1446 3617 1536 3678 tis,
1574 3619 1643 3666 ait
1682 3619 1859 3669 Strabo
1874 3656 1889 3681 ‚
1928 3623 2070 3682 XIV,
2108 3623 2355 3692 Olympus
2399 3641 2477 3680 est

1447 3696 1663 3745 Zeniceti
1692 3697 1865 3763 piratae
1894 3700 2050 3748 sedes.
2086 3703 2240 3752 Mons
2272 3705 2389 3756 item
2424 3717 2482 3759 σι’

1447 3789 1537 3824 arx
1563 3776 1737 3825 eodem
1765 3779 1998 3828 nomine:
2031 3770 2165 3830 mide
2191 3784 2341 3848 Lycia
2368 3803 2477 3837 om-

1448 3854 1527 3904 nia
1540 3887 1555 3914 ‚
1578 3864 1628 3903 et
1646 3855 1931 3922 Pamphylia
1945 3859 2224 3927 Piaidiaqne
2242 3867 2477 3919 canitura

1448 3935 1609 4000 Quem
1634 3946 1851 3984 montem
1874 3953 2027 4002 quum
2050 3939 2293 3990 Isauricus
2319 3947 2478 4012 cepis*

1449 4007 2558 4075 σιμὴοεεωίὶῑο(ειιιιιιιιιίνεειτιιιὶοιιῑσι

1449 4093 1653 4144 amit.

2142 4208 2223 4256 21
