2984 4684
783 363 1232 435 NICOLAI
1282 363 1931 434 DESJARDINS.
2225 368 2441 438 xxxix

305 489 450 562 fusa
491 514 632 586 per
665 502 958 586 gentem
1017 486 1371 556 literatam
1413 484 1745 556 omnium
1792 484 1941 558 fere
1988 492 2267 560 animos
2307 515 2435 561 oc-

306 601 610 697 cupavit.
657 598 1106 668 Exstiterunt
1139 594 1474 665 homines
1506 592 1643 663 illis
1680 596 2167 694 temporibus,
2208 623 2449 696 quum·

307 711 523 781 literae
559 707 868 779 feliciter
901 719 1282 804 coeperunt
1319 705 1627 793 renasci,
1670 707 1799 801 qui
1842 705 2003 778 orbi
2044 709 2268 781 veluti
2312 736 2441 782 no·

308 845 460 892 vam
529 835 801 891 sectam
863 817 1290 888 molirentur
1354 814 1693 886 invehere
1725 868 1745 903 ‚
1802 830 1875 887 et
1941 820 2439 892 Ciceronianus

311 954 460 1000 sese
497 941 880 1014 vocarent,
911 928 1240 996 omnium
1265 925 1530 1022 scripta
1563 925 2005 1020 rejicientes,
2042 953 2203 1025 quae
2234 931 2443 1002 Cice-

312 1041 510 1111 ronis
539 1039 970 1110 lineamenta
1015 1059 1166 1106 non
1199 1033 1593 1122 referrent3
1638 1037 1915 1132 quique
1952 1037 2445 1112 adolescentes

312 1174 350 1218 a
375 1163 785 1220 ceterorum
819 1149 1255 1244 scriptorum
1292 1145 1603 1216 lectione
1643 1145 2025 1236 deterritos
2047 1203 2066 1234 ‚
2103 1148 2192 1220 ad
2224 1153 2445 1222 unius

315 1262 682 1330 Ciceronis
721 1259 1198 1328 imitationem
1239 1271 1685 1328 revocarent.
1731 1259 1917 1328 Huic
1952 1259 2240 1356 ineptiae
2278 1266 2446 1346 viri,

316 1373 438 1466 qui
503 1383 682 1439 tunc
735 1382 972 1451 erant,
1017 1369 1377 1464 sapientes
1429 1363 1775 1438 adversati
1816 1382 1988 1437 sunt
2026 1395 2043 1437 ε
2085 1373 2159 1438 in
2198 1371 2451 1466 primis

317 1485 687 1566 Erasmus,
743 1478 950 1573 cujus
1000 1477 1326 1573 dialogus
1365 1491 1476 1546 est
1534 1479 2056 1565 Οιςενοηὶαηω,
2094 1477 2206 1555 ad
2231 1479 2301 1548 id
2352 1477 2449 1550 ab

319 1615 404 1660 eo
435 1591 786 1687 scriptus,
821 1603 902 1659 ut
941 1587 1238 1659 doceret
1272 1585 1508 1658 bonos
1528 1591 1919 1688 scriptores
1946 1586 2165 1673 alios,
2194 1603 2455 1685 praeter

321 1705 415 1770 M.
431 1700 788 1786 Tullium,
821 1713 894 1770 et
929 1697 1273 1796 legendos
1309 1721 1485 1783 esse,
1522 1713 1595 1768 et
1634 1695 2067 1767 imitandos:
2102 1641 2304 1793 q'uod
2350 1696 2451 1768 ob

323 1810 654 1880 meritum
695 1806 1086 1878 maledictis
1123 1807 1214 1878 de
1250 1809 1460 1878 trivio
1499 1809 1803 1906 arreptis
1848 1831 2012 1878 eum
2051 1808 2281 1878 Julius
2308 1813 2449 1881 Cae-

324 1943 435 1989 sar
473 1919 594 1988 ille
645 1917 954 2014 Scaliger
1002 1920 1398 1988 oneravit1.
1463 1920 1631 2007 Quo
1687 1916 1867 2016 quid
1914 1917 2057 1989 dici
2105 1933 2231 1990 aut
2280 1917 2454 2016 fingi

323 2042 562 2126 potest
597 2028 965 2098 insanius?
1005 2031 1154 2100 Nos
1199 2052 1374 2097 vero
1413 2029 1837 2098 Ciceronem
1877 2029 2279 2116 imitemur,
2328 2027 2457 2100 sed

325 2142 418 2208 ita
439 2151 518 2207 ut
547 2135 640 2206 ab
675 2137 981 2207 aliorum
1007 2150 1390 2208 auctorum
1419 2135 1610 2208 bene
1639 2137 2029 2208 latinorum
2060 2138 2457 2209 imitatione

327 2272 476 2317 non
517 2246 954 2317 recedamus.
1001 2251 1152 2316 Hos
1189 2270 1356 2316 cum
1398 2245 1523 2316 illo
1566 2247 2013 2343 copulemus.
2060 2252 2201 2316 Eos
2246 2246 2457 2341 juve-

329 2385 504 2430 num
556 2358 644 2430 ad
699 2359 1476 2458 optima,tendentium
1520 2361 1935 2448 aemuletur,
1987 2385 2069 2430 ac
2112 2375 2459 2457 sequatur

331 2471 697 2542 industria.
761 2473 1032 2540 Verum
1087 2470 1450 2540 Ciceronis
1500 2469 1855 2539 aemulatio
1908 2495 2057 2541 non
2104 2469 2323 2542 debet
2379 2473 2456 2540 in

329 2580 474 2652 sola
509 2578 906 2652 verborum
936 2579 1377 2677 proprietate
1415 2579 1775 2650 concludi.
1800 2581 2097 2651 Etenim·
2116 2582 2280 2676 quis
2308 2577 2458 2651 fru-

330 2705 483 2762 ctus
531 2690 834 2776 laboris,
876 2703 1279 2760 mutuatam
1320 2713 1360 2758 a
1404 2692 1754 2760 Cicerone
1790 2714 2011 2759 unam
2054 2704 2127 2758 et
2162 2690 2459 2760 alteram

327 2801 590 2894 jactare
627 2798 1062 2870 clausulam?
1103 2797 1302 2888 Quid
1338 2797 1666 2895 proderit
1706 2797 1976 2868 flumen
2017 2800 2459 2895 gravissimo-

332 2935 496 3010 rum
523 2924 599 2982 et
620 2911 1066 3008 optimorum
1093 2907 1486 2980 verborum
1513 2907 1653 2979 ab
1637 2933 1797 3007 ipso
1825 2906 2059 2979 Tullio
2108 2907 2464 2998 defluenS‚

334 3023 390 3092 si
425 3021 771 3092 orationis
802 3033 908 3090 est
943 3019 1267 3090 siccitas?
1303 3017 1745 3116 Effingendae
1777 3033 1947 3090 sunt
1984 3045 2165 3118 quas
2208 3020 2465 3092 extulit

332 3115 604 3202 Tullius
664 3135 987 3202 virtutes,
1027 3129 1515 3227 Exprimenda
1568 3145 1738 3201 sunt
1797 3130 1987 3202 illius
2043 3156 2193 3202 non
2246 3129 2463 3202 verba

336 3241 605 3329 solum,
639 3239 770 3312 sed
803 3239 1464 3337 repraesentandum
1501 3255 1609 3310 est
1638 3241 2062 3338 ingenium.
2096 3265 2245 3312 non
2278 3263 2461 3335 quo-

339 3351 554 3422 modo
613 3351 896 3447 pictura
959 3351 1228 3446 primas
1285 3373 1534 3420 rerum
1595 3349 1973 3445 imagineS‚
2033 3350 2178 3418 oris
2239 3346 2459 3419 linea-

341 3475 579 3530 menta
622 3473 694 3530 et
735 3457 1014 3529 colores
1055 3456 1394 3548 exhibet3
1441 3458 1567 3530 sed
1612 3460 1824 3530 sicuti
1876 3456 2096 3529 refert
2151 3454 2462 3555 patrem,

343 3567 414 3637 in
449 3567 654 3664 cujus
693 3568 858 3662 jura
897 3579 968 3638 et
1004 3564 1202 3639 bona
1239 3569 1466 3654 venit,
1510 3567 1722 3639 filius,

418 3812 460 3842 1.
493 3798 616 3842 Istas
651 3793 882 3858 scaligeri
908 3795 1152 3844 orationes
1166 3831 1182 3856 ,
1206 3812 1343 3860 quae,
1371 3796 1663 3862 conquisiti·
1698 3793 2053 3861 exemplaribus
2088 3806 2137 3844 et
2162 3802 2431 3863 suppressis
2447 3837 2463 3862 ,

349 3885 498 3930 minua
523 3894 661 3930 erant
681 3881 870 3942 obviae,
890 3883 1113 3942 Tolosa,
1139 3899 1271 3932 anno
1295 3885 1449 3944 1621,
1473 3885 1757 3933 Mantuam
1782 3881 2081 3931 recudenda·
2102 3886 2315 3945 curavit,
2354 3905 2465 3938 cum

351 3971 521 4019 Erasini
543 3969 894 4029 Ciceroniana,
911 3981 967 4019 ut
989 3971 1144 4020 lector
1163 3972 1342 4020 intueri
1367 3972 1513 4020 simul
1537 3981 1705 4036 ponet
1730 3983 1779 4020 et
1799 3971 1955 4020 acelua
1968 4006 1985 4032 ‚
2016 3981 2066 4020 et
2091 3988 2283 4038 poenam
2299 3977 2471 4024 sceleri

353 4060 630 4124 irrogatam:
657 4071 804 4123 atque
828 4073 924 4106 una
949 4059 1238 4123 intelligeret
1263 4076 1364 4124 quo
1385 4060 1577 4121 judicio
1612 4060 1839 4108 nonnulli
1876 4059 2119 4109 interdum
2142 4073 2392 4110 venentur
2415 4062 2471 4111 in

356 4145 412 4193 iia
431 4148 596 4196 studiis
619 4163 730 4212 qut
751 4147 812 4196 ab
838 4147 1134 4197 humanitate
1156 4147 1250 4198 sibi
1275 4164 1460 4198 nomen
1488 4148 1823 4198 adsciverunt.
