2984 4684
507 353 605 452 96
701 449 706 456 .
829 335 842 346 ’
1159 347 1256 418 Μ.
1306 349 1384 418 Τ.
1438 349 1999 419 CICERONIS

505 493 748 548 tecum
769 495 1011 571 agam,
1044 483 1130 540 ut
1153 471 1232 539 in
1263 493 1355 540 eo
1386 469 1551 541 loco
1578 469 1691 540 vel
1724 465 2253 566 respondendi,
2284 467 2396 538 vel
2424 471 2646 541 inter-

501 583 820 686 pellandi
852 581 986 654 tibi
1029 593 1463 679 potestatem
1491 589 1511 625 ¹
1552 577 1843 665 faciam,
1880 579 1998 650 vel
2046 580 2299 668 etiam,
2352 582 2412 650 si
2460 579 2645 678 quid

505 699 704 768 voles
726 749 746 784 ,
765 689 1290 788 interrogandi.

601 800 999 898 Quomodo
1029 799 1347 872 occidit?
1377 803 1533 900 ipse
1564 802 1957 900 percussit,
1992 824 2087 870 an
2118 791 2276 871 aliis
2308 800 2645 873 occiden-

502 914 680 986 dum
713 911 960 984 dedit?
1003 913 1075 982 Si
1116 913 1358 1008 ipsum
1391 912 1669 1008 arguis,
1708 914 1955 982 Romae
1994 934 2144 980 non
2192 908 2333 982 fuit
2366 937 2383 979 ε
2418 915 2476 982 si
2511 937 2643 1010 per

496 1027 719 1097 alios²
755 1021 1004 1094 fecisse
1033 1021 1238 1110 dicis,
1258 1045 1507 1118 quaero
1529 1075 1549 1110 ‚
1580 1039 1921 1092 servosne
1940 1075 1960 1110 ‚
1984 1045 2080 1092 an
2106 1021 2421 1093 liberos?
2453 1047 2643 1120 quos

499 1132 877 1208 homines?
897 1130 1322 1204 indidemne
1342 1127 1371 1174 ³
1401 1133 1724 1221 Ameria,
1749 1153 1843 1201 an
1874 1129 2096 1201 hosce
2124 1154 2211 1201 ex
2246 1130 2429 1209 urbe
2462 1135 2645 1202 sica-

499 1244 689 1316 rios?
713 1246 786 1314 Si
812 1243 1131 1331 Ameria3
1164 1242 1294 1338 qui
1325 1253 1503 1312 sunt
1530 1239 1659 1311 hi?
1680 1264 1813 1312 cur
1844 1265 1996 1312 non
2034 1241 2549 1312 nominantur?
2582 1245 2645 1314 si

497 1361 728 1428 Roma
750 1357 824 1444 *ς
853 1352 1050 1425 unde
1077 1377 1202 1426 eos
1222 1365 1524 1424 noverat
1540 1354 1843 1424 Roscius
1861 1405 1881 1440 ‚
1902 1353 2033 1449 qui
2064 1355 2369 1422 Romam
2398 1353 2645 1424 multis

495 1469 706 1538 annis
733 1489 884 1536 non
917 1466 1142 1552 venit,
1175 1487 1416 1560 neque
1440 1485 1794 1558 umquam
1825 1461 1991 1558 plus
2029 1459 2275 1532 triduo
2306 1459 2486 1532 fuit?
2514 1461 2644 1534 ubi

500 1602 626 1650 eos
645 1573 1020 1648 convenit?
1033 1577 1336 1672 quicum
1352 1573 1704 1669 loquutus
1719 1572 1858 1641 est?
1866 1569 2243 1668 quomodo
2260 1573 2647 1669 persuasit?

501 1690 822 1758 Pretium
857 1683 1100 1756 dedit?
1147 1685 1264 1754 cui
1299 1681 1543 1754 dedit?
1572 1706 1705 1779 per
1725 1705 1949 1778 quem
1973 1679 2219 1752 dedit?
2252 1681 2481 1770 unde,
2514 1697 2645 1754 aut

504 1809 863 1892 quantum
902 1790 1150 1864 dedit?
1189 1796 1452 1864 Nonne
1493 1789 1608 1862 his
1640 1787 2002 1887 vestigiis⁵
2032 1789 2127 1862 ad
2160 1805 2379 1890 caput
2418 1793 2643 1864 male-

504 1903 651 1974 ficii
692 1905 1053 2001 perveniri
1097 1901 1318 1972 solet?
1371 1905 1462 1971 Et
1502 1901 1716 1970 simul
1752 1898 1886 1970 tibi
1918 1903 1994 1970 in
2048 1915 2367 1972 mentem
2400 1904 2649 1974 veniat

503 2012 747 2102 facito,
770 2009 1391 2109 quemadmodum
1409 2002 1627 2080 vitam
1648 2008 1953 2105 hujusce
1976 2007 2423 2107 depinxeris:
2442 2009 2647 2082 hunc

500 2129 878 2200 hominem
897 2125 1131 2197 ferum
1149 2139 1370 2223 atque
1393 2137 1745 2222 agrestem
1768 2121 1989 2194 fuisse
2006 2150 2026 2213 3
2050 2109 2453 2222 numquam
2473 2149 2643 2198 cum

500 2243 800 2315 homine
828 2263 1203 2338 quoquam
1226 2240 1736 2337 colloquutum
1760 2261 1951 2327 esse3
1980 2261 2381 2336 numquam
2405 2241 2483 2310 in
2512 2263 2647 2339 op·

502 2352 681 2454 pido
713 2354 1144 2424 constitisse.

599 2467 765 2556 Qua
795 2465 872 2533 in
901 2487 978 2534 re
1009 2475 1358 2561 praetereo
1389 2455 1609 2556 illud,
1636 2452 1839 2558 quod
1868 2452 2047 2532 mihi
2082 2463 2401 2533 maximo
2432 2485 2644 2562 argu-

503 2587 752 2646 mento
783 2571 876 2644 ad
908 2572 1129 2668 hujus
1162 2574 1656 2643 innocentiam
1690 2584 1977 2668 poterat
2012 2596 2200 2661 esse,
2244 2575 2321 2642 in
2357 2575 2643 2644 rusticis

503 2683 855 2770 moribus»,
877 2684 953 2751 in
977 2685 1177 2752 victu
1199 2680 1428 2772 arid0‚
1445 2685 1524 2752 in
1550 2681 1684 2752 hac
1710 2679 2005 2752 horrida
2026 2682 2447 2780 incultaque
2472 2687 2642 2772 vita,

501 2791 914 2864 istiusmodi
947 2789 1296 2863 maleficia
1329 2795 1528 2889 gigni
1562 2817 1715 2862 non
1748 2791 1999 2864 solere.
2030 2795 2129 2864 Ut
2154 2817 2307 2864 non
2344 2818 2644 2865 omnem

501 2901 1094 2999 frugem‚·neque
1124 2901 1462 2973 arborem
1496 2905 1572 2972 in
1605 2905 1807 2973 omni
1836 2925 2009 3000 agro
2036 2906 2353 3001 reperire
2385 2907 2645 3002 possiti,

500 3014 604 3084 sic
639 3035 1046 3081 non‘omne
1077 3009 1358 3084 facinus
1397 3015 1474 3082 in
1509 3014 1712 3082 omni
1752 3013 1900 3082 vita
1943 3016 2284 3083 nascitur.
2334 3016 2421 3083 In
2456 3013 2645 3084 urbe

495 3123 818 3199 luxuries
837 3134 1122 3191 creatur
1139 3147 1154 3189 τ
1178 3146 1268 3193 ex
1281 3122 1565 3195 luxuria
1582 3124 1877 3194 exsistat
1886 3124 2183 3194 avaritia
2198 3147 2493 3196 necesse
2510 3139 2644 3213 est;

497 3295 696 3345 rabilia
722 3307 872 3358 quam
902 3291 956 3338 in
973 3291 1136 3340 medio
1163 3291 1284 3340 mari
1300 3307 1405 3342 non
1423 3309 1525 3342 m·
1612 3292 1779 3342 endem
1799 3292 1919 3341 urbe
1934 3292 2151 3342 Ameria.
2173 3293 2253 3342 Sic
2267 3294 2326 3343 Τ.
2346 3293 2454 3341 Liv.
2484 3315 2507 3339 ι
2520 3293 2645 3343 indi-

499 3372 704 3423 defieri?
1614 3371 1725 3420 dem
1770 3387 1835 3420 ex
1866 3371 2054 3420 Achai·
2074 3394 2125 3432 a,
2154 3371 2209 3420 id
2238 3383 2343 3435 eut,
2372 3390 2439 3422 ex
2472 3373 2641 3423 eaden

561 3453 782 3502 xxva.
805 3464 852 3499 1.
869 3451 1185 3498 Poteseacem.
1207 3451 1367 3513 Quam
1385 3461 1527 3518 pote-
1613 3450 1817 3500 Achaia.
1862 3449 1980 3498 Via.
2026 3451 2279 3502 Drakenb.
2320 3450 2385 3500 ad
2421 3454 2488 3502 Τ.
2524 3453 2639 3502 Liv.

491 3543 666 3581 statem
700 3545 805 3578 non
846 3527 1060 3577 habebnt
1102 3540 1380 3588 accusator,
1423 3530 1523 3580 nisi
1610 3532 1785 3590 XXV,
1810 3529 1903 3588 153
1929 3530 2185 3594 XXXIX,
2222 3531 2272 3579 8.
2296 3533 2408 3579 Hoc
2432 3531 2638 3580 verbnm

493 3613 565 3659 rei
583 3620 792 3674 patrono
813 3597 1146 3672 permittente.
1607 3609 1844 3658 Ernesto:
1870 3609 2051 3657 omisit.
2664 3597 2673 3604 ¹

565 3705 618 3738 α.
652 3687 705 3734 Si
741 3701 837 3751 per
872 3687 1014 3736 alios.
1059 3688 1418 3751 Argumentum
1453 3705 1519 3738 ex
1679 3694 1734 3744 4.
1768 3687 1849 3735 Sic
1890 3698 2023 3737 recte
2056 3685 2171 3738 odd.
2206 3685 2421 3738 Codices
2452 3689 2627 3750 multi,

491 3767 706 3834 partium
727 3765 1106 3814 enumeratione.
1129 3768 1312 3816 Omnes
1328 3779 1490 3816 autem
1504 3801 1523 3828 ‚
1571 3828 1580 3838 Ι
1605 3765 1790 3814 Romae.
1826 3768 2105 3831 Perper-m.
2139 3768 2191 3815 J.
2207 3768 2272 3815 V.
2300 3769 2359 3815 1..

491 3861 704 3911 quorum
719 3859 868 3906 opera
883 3845 1093 3893 Roscius
1111 3844 1320 3894 interfiat
1335 3847 1521 3910 potuit,
1678 3844 1729 3893 5.
1750 3843 1837 3892 His
1862 3844 2104 3910 ωεειξςίἰε.
2118 3843 2427 3894 'rr-nahtam
2444 3863 2475 3895 ι
2500 3862 2639 3894 venn-

487 3926 562 3975 ⁸ic
601 3931 820 3972 movet
847 3938 876 3969 ι
911 3939 1026 3984 reo,
1054 3933 1110 3972 ut
1137 3925 1296 3972 omnis
1320 3925 1519 3974 sceleris
1608 3924 1825 3984 toribus,
1876 3925 1963 3989 qni
1992 3925 2205 3976 ferarum
2236 3927 2443 3992 vestigia
2480 3942 2631 3992 perse-

483 4002 706 4068 suspicio
725 4002 781 4048 in
801 4000 1012 4049 Roscios
1038 4001 1140 4050 dno
1163 4003 1424 4052 den-iretur.
1608 4013 1811 4066 quantes
1860 4005 2057 4056 tandem
2096 4005 2163 4054 ad
2204 4021 2371 4056 earum
2426 4005 2627 4056 latebras

563 4085 615 4131 3.
651 4077 899 4130 Indidem.
939 4079 1016 4128 Ex
1039 4080 1128 4129 illo
1154 4081 1266 4148 ipso
1289 4081 1430 4147 loeo,
1451 4099 1512 4136 ex
1598 4081 1908 4146 perveniunt.
