2984 4684
982 407 1142 483 DE.
1181 405 1838 478 PROVINCIIS.
2332 400 2482 477 235

285 588 296 595 -
353 537 480 605 sibi
509 536 578 601 in
605 534 824 601 Galliis
855 552 1114 626 tempus
1147 536 1493 626 (nusquam
1514 560 1671 603 vero
1696 534 2068 626 imperium)
2105 557 2487 625 prorogare-

354 660 486 725 tur,
521 641 833 731 quodque
880 641 950 707 id
996 641 1086 707 illi
1123 658 1465 731 negaretur
1482 692 1501 726 ,
1550 665 1727 709 arma
1758 640 2001 707 idcirco
2033 642 2327 707 movisse.
2358 640 2486 705 Sed

355 748 554 813 facilis
585 765 686 813 est
707 748 1078 837 responsio,
1123 749 1178 813 si
1211 771 1284 814 ea
1303 796 1324 832 ,
1362 740 1444 814 ut⁴
1473 771 1697 813 revera
1718 763 1896 838 gesta
1922 765 2099 825 sunt,
2140 747 2485 837 diligenter

353 855 811 920 examinemus.
847 858 1056 921 Caesar
1079 856 1298 945 itaque
1325 857 1557 922 consul
1582 880 1757 921 anno
1788 857 1869 922 ab
1904 856 1984 921 U.
2018 858 2089 921 C.
2130 854 2483 943 691,Vati-

354 961 458 1025 nia
492 962 634 1051 lege
665 960 932 1029 Galliam
963 962 1328 1028 citeriorem
1349 986 1390 1027 a
1407 963 1659 1053 populo
1678 962 1966 1028 obtinuit
1988 984 2110 1050 per
2125 963 2487 1051 quinquen·

352 1067 538 1133 nium
553 1113 573 1148 ,
609 1089 950 1155 quumque
989 1090 1064 1133 ea
1099 1068 1201 1134 lex
1234 1070 1639 1159 promulgata
1676 1069 1872 1133 fuerit
1903 1068 2158 1133 circiter
2182 1066 2485 1131 kalendas

352 1187 540 1239 mart.
561 1194 694 1237 non
718 1188 972 1260 poterat
993 1175 1226 1241 Caesari
1251 1175 1595 1263 imperium
1624 1175 1819 1264 eripi,
1844 1173 1967 1238 nisi
1988 1172 2277 1237 kalendis
2297 1188 2483 1239 mart.

351 1277 508 1341 anni
534 1278 664 1365 696
683 1326 702 1361 ,
732 1279 1022 1344 Domitio
1055 1296 1122 1345 et
1151 1281 1364 1370 Appio
1397 1304 1564 1345 coss.
1582 1280 1785 1369 idque
1816 1294 2070 1345 constat
2090 1302 2171 1343 ex
2195 1278 2487 1343 oratione

339 1382 438 1459 ,de
462 1384 844 1471 provinciis:
891 1384 1220 1451 «Praefinit
1249 1387 1422 1451 enim
1465 1386 1824 1451 successori
1867 1384 2039 1449 diem
2060 1410 2121 1465 »ς
2170 1400 2237 1449 et
2274 1385 2481 1449 infra:

353 1518 381 1545 κ
402 1488 712 1555 Kalendis
748 1490 808 1557 ei
843 1489 1128 1579 denique
1172 1508 1360 1557 mart.
1407 1508 1709 1557 nascetur
1751 1506 2021 1580 repente
2066 1490 2395 1580 provincia
2422 1512 2489 1571 »ς

352 1611 431 1661 ut
473 1596 714 1661 scilicet
761 1613 1122 1661 servaretur
1161 1598 1266 1663 lex
1295 1598 1553 1663 Vatinia
1572 1646 1591 1679 ,
1638 1596 1926 1663 kalendis
1973 1613 2157 1662 mart.
2196 1594 2489 1685 praedicti

353 1702 510 1767 anni
541 1700 934 1768 mittendum
969 1704 1274 1768 censebat
1311 1726 1751 1798 successorem
1788 1721 2047 1768 senator
2094 1704 2200 1767 ille
2248 1724 2489 1767 consu-

354 1808 524 1873 laris.
559 1808 786 1889 Quum
817 1824 1038 1873 autem
1081 1830 1258 1873 anno
1289 1809 1663 1897 superiore,
1698 1808 2009 1897 Pompeio
2048 1808 2350 1889 consule,
2380 1805 2489 1873 iti·

355 1912 507 1980 dem
549 1913 802 1979 circiter
846 1914 1148 1979 kalendas
1181 1931 1369 1979 mart.
1400 1914 1525 1979 lata
1569 1915 1799 1981 fuisset
1838 1916 1941 1980 lex
1972 1915 2327 1995 Trebonia‚
2358 1936 2490 2003 qua

353 2042 470 2110 per
513 2020 690 2085 aliud
741 2021 1266 2110 quinquennium
1314 2021 1383 2087 in
1438 2022 1660 2087 Galliis
1710 2020 1935 2091 datum
1987 2038 2087 2087 est
2138 2022 2487 2111 imperium

353 2128 582 2195 Caesari
599 2175 620 2210 ‚
657 2128 948 2193 sublatus
975 2144 1072 2193 est
1095 2152 1308 2195 annus
1334 2152 1509 2195 unus
1536 2152 1615 2193 ex
1647 2129 2100 2218 quinquennio
2126 2128 2285 2218 legis
2301 2128 2484 2191 Vati-

355 2234 477 2300 niae
495 2282 516 2318 ,
547 2235 870 2323 coepitque
901 2257 1019 2323 per
1043 2236 1308 2303 alteram
1339 2237 1547 2325 legem
1578 2237 1969 2302 Treboniam
2004 2236 2303 2301 obtinere
2334 2234 2487 2301 Gal-

356 2339 468 2405 lias
503 2340 790 2407 kalendis
850 2357 1036 2409 mart.
1067 2343 1224 2407 anni
1256 2340 1416 2429 695,
1473 2342 1769 2432 adeoque
1815 2365 2025 2430 usque
2066 2342 2151 2407 ad
2182 2340 2487 2407 kalendas

356 2462 542 2513 mart.
564 2448 720 2511 anni
748 2469 876 2535 700
896 2495 916 2528 ,
944 2448 1058 2535 qui
1095 2449 1396 2513 consules
1423 2448 1654 2513 habuit
1680 2450 1751 2513 L.
1777 2448 2078 2514 Paullum
2108 2463 2176 2513 et
2209 2450 2282 2514 C.
2310 2448 2487 2515 Mar·

357 2550 612 2617 cellum.
641 2553 814 2617 Hinc
847 2552 1030 2641 epist.
1061 2576 1126 2640 7,
1167 2552 1278 2617 lib.
1303 2552 1499 2634 VIII,
1536 2552 1629 2618 M.
1663 2552 1969 2619 Marcello
2006 2553 2305 2633 consule,
2332 2552 2401 2617 h.
2426 2574 2485 2617 e.

357 2680 532 2723 anno
585 2658 716 2746 699
734 2707 752 2740 ,
813 2680 1036 2723 mense
1087 2658 1438 2745 septembri
1500 2658 1640 2721 haec
1692 2658 2045 2746 loquutum
2100 2658 2489 2749 Pompeium

355 2765 552 2829 refert
584 2765 862 2829 Coelius:
895 2764 1018 2829 «Se
1050 2779 1202 2829 ante
1233 2762 1356 2829 kal.
1391 2779 1577 2827 mart.
1602 2786 1737 2827 non
1770 2785 1961 2851 posse
1986 2765 2125 2828 sine
2153 2764 2387 2844 injuria
2404 2762 2489 2829 de

356 2870 704 2958 provinciis
730 2870 1012 2935 Caesariis
1043 2884 1356 2953 statuere3
1399 2884 1549 2959 post
1582 2869 1703 2934 kal.
1742 2884 1929 2933 mart.
1964 2892 2035 2935 se
2068 2892 2205 2934 non
2240 2869 2519 2950 dubitaf

357 2992 581 3042 turum
599 3001 660 3059 »ς
711 2993 788 3041 ut
819 2978 1061 3042 scilicet
1093 2978 1196 3041 lex
1218 2977 1543 3041 Trebonia
1583 2993 1963 3043 servaretur.
1992 2975 2184 3065 Apud
2215 2976 2485 3067 Appian.

355 3081 466 3147 lib.
493 3082 555 3147 ΙΙ
583 3081 666 3149 de
700 3082 878 3147 Bello
913 3084 1114 3165 civili,
1149 3082 1232 3147 ad
1249 3106 1496 3148 annum
1521 3106 1649 3170 70⁰
1674 3105 1689 3147 :
1712 3078 1751 3138 ἰι
1771 3082 1843 3149 C.
1874 3082 2217 3168 Marcellus
2238 3106 2493 3149 sueces-

359 3208 570 3251 sorem
619 3188 850 3253 Caesari
903 3188 972 3251 in
1023 3188 1423 3277 provinciam
1474 3188 1649 3252 mitti
1694 3187 2101 3276 postulabat3
2133 3189 2263 3269 jam
2312 3188 2487 3257 enim

358 3309 614 3382 tempus
647 3293 784 3373 ejus
813 3295 1098 3359 muneris
1118 3294 1200 3359 ad
1217 3294 1412 3359 finem
1425 3295 1676 3359 venisse
1707 3294 1987 3359 aiebam:
2017 3296 2327 3383 quoniam
2356 3276 2507 3359 ka1.'

359 3416 544 3465 mart.
578 3400 748 3465 illius
783 3402 936 3467 anni
987 3401 1511 3489 quinquennium
1545 3401 1887 3491 Treboniae
1930 3401 2091 3490 legis
2132 3398 2483 3465 effluxerat.

357 3504 588 3595 Neque
615 3507 854 3591 obstat,
890 3507 1071 3596 quod
1095 3506 1275 3572 addit
1299 3508 1466 3571 infra
1493 3506 1665 3571 idem
1693 3508 2027 3597 Appianus
2052 3530 2068 3571 :
2100 3506 2489 3575 «Adversum-

357 3610 530 3676 tibus
563 3612 807 3695 multis,
832 3635 909 3677 ac
926 3636 1062 3677 non
1087 3634 1274 3701 aeque
1303 3614 1617 3701 Pompeio
1644 3630 1901 3701 tempus
1922 3610 2245 3677 effluxisse
2266 3610 2490 3679 dicen·-
2554 3630 2563 3637 '

357 3716 606 3795 tibus»,
659 3741 869 3807 quum
902 3736 1120 3783 tamen
1159 3718 1388 3785 eodem
1439 3735 1730 3809 tempore
1776 3718 1857 3783 de
1904 3718 2247 3806 utriusque
2298 3718 2495 3807 quin-

359 3824 649 3911 quennio
701 3823 828 3891 lata
874 3825 1072 3891 fuerit
1119 3826 1222 3889 lex
1269 3825 1633 3891 Trebonia:
1702 3841 1880 3915 patet
1929 3824 2139 3907 enim,
2174 3824 2493 3913 Pompeio

358 3931 625 3995 tertium
683 3932 938 3997 consuli
996 3948 1418 4022 prorogatum
1475 3934 1673 3999 fuisse
1732 3932 1901 3997 ultra
1958 3932 2491 4021 quinquennium

359 4052 618 4129 tempus
653 4036 942 4127 imperii,
970 4060 1048 4105 ex
1079 4038 1294 4104 Dione
1330 4054 1398 4106 et
1423 4039 1755 4129 Appian0‚
1782 4040 1899 4127 qui
1929 4038 2013 4105 de
2042 4037 2335 4128 Pompeii
2358 4055 2489 4103 ter-
