2984 4684
498 345 663 440 xviij
1190 354 1195 357 ·
1303 344 1836 414 PRAEFATIO

493 472 709 568 primi
740 466 1302 550 descenderunt3
1332 466 1461 537 abs
1494 492 1574 537 re
1613 490 1764 537 non
1793 468 1963 551 erit,
1992 464 2084 536 de
2119 468 2494 537 Ciceronis
2523 490 2662 563 ge-

496 602 669 649 nere
719 578 1038 663 dicendi,
1082 590 1154 647 et
1213 601 1401 674 quos
1448 575 1977 647 obtrectatores
2012 574 2393 664 habuerit,
2451 602 2662 651 non·-

492 690 693 760 nulla
734 690 1190 787 praemittere.
1257 688 1712 784 Eloquentiae
1753 711 2082 757 summus
2118 686 2356 758 honos
2397 686 2662 759 liberis

496 807 574 871 in
616 798 1027 876 civitatibus
1050 813 1351 897 'semper
1387 797 1684 869 habitus
1729 812 1853 869 est.
1892 800 2168 869 Graecia
2205 811 2488 883 tamen,
2534 813 2658 869 at·-

495 937 643 1010 que
701 910 885 983 adeo
932 910 1266 998 Athenae,
1325 909 1453 980 ubi
1518 938 1552 975 ιι
1585 909 1819 1007 prima
1860 909 2201 1004 vestigia,
2272 932 2354 978 ac
2408 932 2659 1007 prope

493 1020 937 1093 incunabula
976 1024 1443 1119 reperiuntur
1478 1020 1947 1117 eloquentiae,
1983 1044 2238 1089 omnes
2283 1032 2474 1089 artes
2515 1044 2656 1091 ve-

496 1134 833 1203 tustiores
869 1130 1176 1219 habent,
1229 1144 1301 1201 et
1334 1129 1568 1201 multo
1603 1144 1772 1201 ante
1809 1154 1964 1200 non
1991 1130 2322 1199 inventas
2365 1128 2656 1211 solum,

494 1242 619 1313 sed
658 1244 866 1312 etiam
904 1239 1259 1339 perfectas
1279 1295 1298 1328 ‚
1334 1264 1554 1337 quam
1593 1240 1746 1311 haec
1771 1255 1878 1311 est
1905 1266 1944 1309 a
1983 1240 2248 1310 Graecis
2275 1237 2660 1311 elaborata

492 1350 782 1423 dicendi
824 1355 928 1423 vis
980 1366 1203 1449 atque
1242 1352 1453 1449 copia
1479 1381 1532 1420 n.
1591 1354 1734 1421 Cic.
1769 1351 1844 1420 in
1888 1354 2152 1435 Brute,
2216 1373 2277 1419 c.
2315 1374 2381 1446 7.
2451 1356 2656 1421 Ante

490 1461 1059 1553 Demosthenem
1080 1518 1098 1549 ,
1130 1463 1209 1533 in
1234 1485 1387 1557 quo
1408 1462 1722 1531 maxime
1751 1458 2100 1558 perfectio
2127 1458 2420 1531 dicendi
2443 1461 2658 1558 apud

492 1577 815 1657 GraecoS‚
843 1570 1354 1668 absolutioque
1386 1569 1604 1643 fuisse
1627 1570 2017 1667 judicatur,
2049 1572 2266 1668 pauci
2303 1585 2475 1641 sunt
2514 1576 2656 1669 qui

493 1684 983 1782 eloquentiam
1009 1680 1287 1753 fuerint
1308 1684 1776 1779 consequuti3
1803 1683 1898 1752 ita
1927 1700 2010 1752 ut
2035 1684 2208 1753 artis
2227 1680 2658 1762 rudimenta

496 1793 1009 1865 tantummodo
1039 1794 1276 1889 posita
1302 1791 1520 1862 fuisse
1555 1790 1956 1863 videantur.

592 1910 839 1975 Rotnae
868 1904 1195 2001 quamvis
1223 1926 1500 1973 merces
1527 1902 1964 1999 amplissima
1991 1899 2315 1971 facultati
2353 1898 2654 1972 dicendi

496 2014 869 2111 proposita
895 2011 1137 2101 fuerit,
1162 2037 1245 2084 ac
1263 2036 1396 2111 per
1428 2034 1589 2081 eam
1615 2010 1854 2083 aditus
1885 2012 2200 2109 patuerit
2215 2008 2306 2081 ad
2323 2010 2656 2082 honores

496 2148 833 2221 quosque
854 2124 1209 2193 maximos
1227 2177 1247 2210 ‚
1283 2122 1436 2192 nihi
1445 2122 1761 2193 lominus
1779 2120 2184 2193 tardissime
2201 2146 2406 2192 suam
2423 2124 2650 2193 etiam

493 2234 981 2321 maturitatem
1029 2246 1415 2331 assequuta
1448 2248 1577 2305 est.
1637 2233 1810 2327 Ejus
1848 2235 2205 2329 originem
2251 2236 2402 2329 jam
2449 2258 2490 2303 a
2525 2257 2650 2304 re·

496 2368 671 2440 gum
720 2342 1180 2441 temporibus
1220 2344 1485 2443 repetit
1541 2342 1840 2440 quidem
1880 2342 2160 2415 Tullius
2209 2344 2419 2414 initio
2473 2342 2650 2413 libri

494 2452 587 2528 de
624 2453 711 2525 cl.
743 2452 1107 2539 Oratorib.
1162 2450 1303 2525 Sed
1338 2452 1431 2524 ab
1476 2453 1588 2524 his
1647 2454 1868 2525 initiis
1906 2451 2314 2551 profectus,
2371 2466 2446 2524 et
2481 2476 2650 2522 om-

491 2567 697 2637 nium
750 2580 1041 2637 aetatum
1092 2568 1675 2663 progressionem
1720 2578 2243 2661 persequutus,
2287 2585 2652 2659 suppares

487 2680 674 2749 aetati
705 2700 850 2747 suae
885 2680 1221 2748 Crassum
1250 2690 1323 2746 et
1346 2677 1750 2749 Antonium
1768 2730 1788 2763 ,
1825 2680 1943 2744 vix
1981 2673 2306 2771 repperit
2325 2726 2346 2759 ‚
2376 2671 2452 2742 in
2479 2674 2650 2769 qui-

498 2786 643 2859 bus
700 2817 735 2851 «r
754 2789 1073 2885 primum
1116 2810 1286 2858 eum
1331 2790 1752 2857 Graecorum
1807 2784 2036 2881 gloria
2077 2783 2294 2854 latine
2353 2780 2650 2853 dicendi

488 2901 707 2995 eopia
748 2895 1007 2968 fuerit¹
1051 2911 1415 2993 aequata»;
1452 2918 1900 2993 quamquam
1943 2897 2021 2969 in
2057 2918 2142 2965 ea
2175 2893 2268 2965 de
2309 2916 2387 2963 se
2429 2906 2505 2963 et
2547 2892 2644 2963 de

491 3011 749 3079 Crasso
782 3008 937 3105 ipse
974 3031 1128 3077 non
1167 3004 1305 3085 fuit
1344 3008 1694 3104 opinione
1738 3009 2100 3075 Antonius
2121 3058 2140 3091 ‚
2199 3008 2327 3101 qui
2361 3002 2644 3074 diceret

481 3148 525 3183 .«
542 3116 847 3189 disertos
893 3140 969 3189 se
1018 3117 1279 3188 vidisse
1310 3118 1618 3209 multos,
1657 3116 2128 3214 eloquentem
2175 3114 2481 3185 omnino
2519 3138 2648 3184 ne-

488 3232 763 3301 minem
794 3260 847 3296 n.
895 3232 1093 3302 Orat.
1154 3234 1187 3299 Ι
1209 3283 1230 3316 ,
1288 3254 1402 3299 21.
1450 3234 1644 3325 Ergo
1691 3227 1860 3298 artis
1903 3222 2244 3323 perfectae
2297 3248 2646 3294 consum·-

496 3354 847 3436 matoeque
899 3338 1201 3437 gloriam
1240 3342 1497 3412 Cicero
1543 3340 1822 3437 primus
1869 3334 2208 3408 ostendit.
2263 3338 2332 3404 Is
2379 3362 2416 3399 ot
2439 3333 2646 3405 dono

494 3450 811 3545 quodam
854 3442 1324 3548 providentiae
1352 3451 1673 3548 genitus,
1714 3452 1788 3518 in
1830 3472 1982 3544 quo
2017 3458 2206 3515 toms
2245 3443 2433 3513 vires
2477 3466 2644 3515 suas

496 3558 913 3659 eloquentia
948 3561 1455 3658 experiretur»
1480 3558 1810 3657 (Quintil.
1830 3562 1934 3645 X,
1975 3558 2071 3649 1),
2097 3554 2366 3625 Latinis
2401 3556 2642 3625 omni-

498 3666 639 3739 bus
674 3672 1029 3763 superior,
1054 3670 1232 3746 nulli
1262 3673 1680 3747 Graecorum
1709 3666 2033 3755 inferior,
2067 3664 2642 3746 Demosthenem

482 3791 618 3848 -aut
638 3782 981 3875 aequavit,
1013 3795 1140 3851 aut
1176 3784 1392 3852 etiam
1422 3782 1810 3877 superavit.
1847 3782 2017 3849 Erat
2043 3778 2121 3848 in
2159 3800 2248 3847 eo
2287 3776 2640 3856 nimirum

488 3888 1092 3995 praestantissimi,
1135 3906 1208 3962 et
1252 3892 1344 3963 ad
1385 3888 1789 3988 quamlibet
1839 3888 2244 3959 doctrinam
2304 3885 2642 3957 celeriter

488 3998 969 4097 arripiendam
1032 4003 1553 4099 promptissimi
1625 4024 1931 4072 acumen
1991 3998 2258 4093 ingenii
2333 4024 2348 4064 ε
2414 3995 2640 4067 literis

566 4161 612 4192 1.
639 4146 713 4193 De
733 4144 874 4193 claris
894 4148 1085 4194 Orator.
1107 4162 1214 4210 cap.
1241 4163 1259 4193 ι
1272 4148 1356 4193 38.
