2984 4684
494 383 632 473 452
1119 381 1220 454 lu.
1265 379 1340 451 T.
1393 381 1987 456 emmonis

491 509 850 608 hospitem
874 561 893 596 ,
927 508 1149 605 coepit
1179 504 1474 577 hortari.
1501 511 1683 578 Tum
1713 507 1831 578 ille
1858 507 2049 579 clare
2066 559 2087 594 ‚
2114 507 2449 578 omnibus
2480 531 2610 578 au-

489 617 893 707 dientibus,
919 642 1071 688 sese
1099 616 1170 687 id
1205 640 1356 687 non
1389 641 1545 688 esse
1576 615 1931 689 facturum
1953 673 1974 706 ‚
2002 643 2245 715 neque
2274 641 2351 688 se
2380 639 2614 714 usque

491 755 581 802 eo
637 729 936 801 Sthenio
975 751 1128 799 esse
1165 727 1533 800 inimicum
1554 783 1575 816 ‚
1620 741 1705 798 ut
1750 753 1915 800 eum
1934 730 2063 800 orei
2102 727 2421 827 capitalis
2454 725 2613 798 affi-

487 863 658 909 nem
693 863 844 909 esse
887 836 1178 908 diceret.
1224 841 1354 907 Hic
1393 851 1549 908 tum
1589 851 1887 936 repente
1932 839 2235 910 Pacilius
2278 835 2610 936 quidam,

489 949 710 1020 homo
747 973 964 1047 egeus
1002 961 1076 1019 et
1113 946 1326 1034 levis»,
1365 946 1685 1018 accedit:
1730 951 1867 1035 ait,
1908 950 1967 1020 si
2012 949 2294 1038 liceret,
2346 973 2613 1020 nomen

483 1057 801 1129 absentis
836 1053 1162 1129 deferre⁶
1195 1081 1272 1128 se
1312 1056 1520 1128 velle.
1559 1062 1705 1129 Iste
1740 1083 1915 1130 vero
1954 1073 2025 1129 et
2058 1058 2308 1144 licere,
2344 1073 2416 1130 et
2456 1057 2611 1130 fieri

481 1170 748 1258 solere,
779 1183 852 1240 et
877 1195 952 1240 se
981 1182 1465 1267 recepturum.
1504 1171 1756 1266 Itaque
1790 1165 2115 1240 defertur
2132 1181 2185 1239 ⁷.
2208 1168 2441 1240 Edicit
2475 1181 2613 1239 sta-

483 1285 612 1352 tim
640 1336 659 1368 ,
715 1295 794 1351 ut
833 1279 1160 1351 kalendis
1209 1279 1573 1351 decembr.
1609 1279 1795 1353 adsit
1840 1279 2183 1353 Sthenius
2226 1281 2610 1378 Syracusis.

481 1395 635 1475 Hic,
652 1395 780 1490 qui
798 1393 1096 1464 Romam
1119 1393 1451 1479 venisset,
1475 1393 1790 1489 satisque
1818 1390 2123 1463 feliciter
2136 1393 2305 1464 anni
2318 1392 2468 1486 jam
2488 1389 2612 1461 ad-

479 1524 688 1572 verso
708 1517 1035 1600 tempore
1055 1503 1479 1599 navigasset,
1500 1504 1893 1598 omniaque
1911 1502 2277 1574 habuisset
2294 1503 2611 1599 aequiora

440 1697 446 1704 ι
480 1627 554 1682 et
585 1610 1066 1709 placabiliora,
1093 1637 1314 1709 quam
1340 1616 1663 1683 animum
1694 1615 2019 1710 praetoris
2041 1628 2261 1712 atque
2282 1613 2610 1710 hospitiS‚

479 1747 634 1794 rem
669 1723 758 1794 ad
793 1724 1060 1794 amicos
1113 1746 1282 1793 suos
1321 1722 1628 1794 detulit:
1680 1747 1887 1820 quae,
1940 1735 2025 1792 ut
2061 1719 2305 1794 erant⁸
2356 1720 2611 1794 acerba

479 1841 710 1930 atque'
738 1833 1064 1931 indigna,
1093 1837 1196 1903 sic
1229 1831 1666 1904 videbantur
1708 1829 2073 1904 omnibus.

577 1947 897 2014 XXXIX.
921 1947 1176 2038 Itaque
1204 1943 1278 2012 in
1317 1957 1575 2014 senatu
1610 1947 1959 2014 continuo
1989 1947 2123 2014 Cn.
2150 1940 2504 2014 Lentulus
2538 1955 2611 2012 et
2642 2019 2647 2024 ,

475 2057 556 2122 L.
575 2051 850 2124 Gellius
878 2052 1212 2124 consules
1239 2051 1513 2124 faciunt
1540 2056 1983 2125 mentionem
2004 2107 2023 2140 ,
2052 2051 2335 2151 placere
2358 2053 2611 2138 statui,

475 2164 534 2232 si
558 2161 886 2258 patribus
909 2163 1332 2262 conscriptis
1359 2161 1748 2250 videretur,
1783 2165 1893 2234 Nn
1922 2185 2261 2234 Arsen-ms
2290 2187 2611 2234 nomimis

476 2295 554 2341 m
591 2295 992 2342 Pnovmcns
1027 2295 1144 2342 nm
1185 2293 1482 2344 meum-r
1518 2297 1767 2344 annunt
1804 2297 2270 2345 cam-nuum.
2304 2277 2609 2344 Causam

475 2380 754 2453 Sthenii
803 2397 1070 2471 totam,
1114 2397 1188 2454 et
1231 2384 1435 2455 istius
1485 2383 1985 2457 crudelitatem
2026 2399 2102 2456 et
2150 2384 2609 2482 iniquitatem

473 2508 800 2565 senatum
825 2493 1115 2566 docent.
1148 2492 1413 2566 Aderat
1444 2496 1521 2565 in
1556 2511 1811 2567 senatu
1838 2498 2098 2568 Verres
2134 2509 2341 2592 pater
2372 2494 2607 2579 istius,

475 2619 548 2675 et
574 2603 758 2676 flens
779 2628 1386 2701 unumquemque
1403 2620 1813 2677 senatorem
1838 2604 2174 2702 rogabat,
2200 2618 2281 2675 ut
2300 2602 2451 2674 filio
2476 2627 2609 2674 suo

475 2728 821 2812 parceret.
841 2718 1095 2812 Neque
1121 2729 1365 2785 tamen
1390 2714 1707 2786 multum
1740 2713 2207 2814 proficiebat:
2238 2729 2389 2787 erat
2412 2715 2607 2785 enim

474 2847 754 2895 summa
789 2823 1122 2894 voluntas
1145 2834 1166 2866 ¹
1205 2839 1519 2896 senatus.
1570 2827 1824 2923 Itaque
1862 2828 2232 2896 sententiae
2264 2821 2606 2896 diceban-

475 2947 612 3017 tur,
655 2936 884 3023 Qutm
918 2939 1270 3006 szmus
1295 2959 1549 3006 Ansnns
1580 2961 1754 3008 nnus
1790 2961 2057 3008 uerus
2098 2959 2319 3020 Essa-r,
2355 2959 2445 3005 ms:
2479 2959 2607 3004 AB·

473 3067 688 3114 simu
741 3069 1084 3115 summum
1123 3069 1422 3114 imnum
1475 3071 1661 3116 num
1716 3071 2063 3134 ΡιΑοΕιιες
2128 3071 2257 3133 ET,
2305 3070 2365 3115 s1
2410 3069 2606 3128 Quon

471 3177 667 3225 Essm'
715 3177 1033 3241 norun,
1099 3178 1176 3224 u>
1218 3177 1469 3226 anun
1526 3181 1680 3228 Esse
1721 3181 1869 3227 nou
1926 3180 2270 3227 runnu.
2334 3157 2437 3226 Eo
2486 3151 2603 3252 die

539 3402 593 3452 6.
623 3403 813 3450 Nomen
849 3402 1059 3450 absentis
1097 3401 1302 3468 deferre.
1338 3405 1492 3467 Quod
1579 3405 1794 3468 conjicit
1846 3407 2047 3454 Hotom.
2092 3405 2221 3453 idem
2272 3419 2376 3451 esse
2418 3403 2602 3450 crimen

470 3483 663 3540 Romae,
691 3483 895 3529 omuino
921 3481 1056 3528 nefas
1089 3493 1220 3544 erat;
1249 3483 1334 3530 ille
1361 3483 1490 3530 euim
1579 3495 1919 3549 corruptarum
1958 3483 2267 3549 publicarum
2299 3479 2567 3527 tabularum
2584 3513 2599 3533 ι

469 3563 606 3621 cujus
649 3576 828 3608 nomen
879 3559 1186 3607 deserebatur
1202 3596 1219 3619 ‚
1253 3577 1488 3627 praem,
1578 3567 1718 3626 cujus
1740 3563 1920 3629 duplex
1945 3579 2049 3610 esse
2074 3561 2240 3626 potuit
2261 3559 2393 3607 actio
2416 3591 2433 3616 ,
2468 3557 2599 3621 cepi-

413 3658 425 3674 ·
467 3639 598 3704 apud
633 3649 893 3704 praetorem
932 3640 1340 3708 interrogabatur,
1369 3655 1486 3688 uum
1580 3643 1687 3690 talis
1714 3653 1763 3690 et
1787 3657 1889 3690 nou
1916 3641 2153 3706 capitalis.
2196 3637 2291 3686 sed
2324 3653 2423 3700 qua
2450 3637 2599 3683 fretus

468 3718 732 3782 quidquam
759 3729 930 3766 eontra
963 3717 1118 3782 legem
1153 3720 1486 3769 commisisset.
1578 3721 1865 3770 auctoritate
1880 3720 2001 3768 illud
2018 3717 2250 3776 affirmet,
2270 3718 2454 3764 nescio.

467 3795 591 3844 Inde
617 3813 792 3846 nomen
819 3798 923 3857 ejus
961 3799 1014 3844 iu
1057 3797 1281 3846 ordinem
1318 3815 1377 3846 ac
1413 3815 1488 3848 se·
1650 3803 1699 3849 8.
1730 3803 1879 3864 Quoe,
1914 3811 1971 3848 ue
1994 3809 2152 3846 erant.
2170 3797 2434 3846 Lambinus
2456 3796 2598 3844 edere

465 3875 584 3922 rit-m
609 3891 800 3922 reorum
825 3875 1143 3924 deferebatur.
1576 3879 1768 3936 maluit,
1798 3901 1823 3920 α
1843 3895 1953 3943 quae
1977 3889 2031 3926 ut
2052 3887 2179 3926 ent.
2194 3915 2206 3926 .
2221 3875 2559 3924 ,videbaturm

537 3971 584 4015 ς.
623 3954 866 4020 Defermr.
893 3954 1029 4017 Quid
1055 3956 1119 4003 sit
1151 3957 1334 4004 crimen
1357 3955 1481 4004 illud
1642 3959 1889 4007 XXXIX.
1926 3974 1967 4006 1.
2007 3959 2056 4004 S.
2098 3956 2351 4004 voluntas.
2392 3953 2595 4001 Locutio

463 4026 691 4098 capitale:
729 4033 870 4094 cujus
902 4047 1156 4083 accusatur
1181 4034 1408 4084 Sthenius
1434 4046 1483 4084 et
1570 4035 1770 4099 antiqua
1790 4048 1840 4085 et
1862 4036 2171 4101 perelegans3
2204 4035 2336 4083 idem
2362 4043 2435 4080 ent
2458 4033 2595 4096 quod

463 4114 720 4162 damnatur
741 4146 755 4170 ,
807 4127 910 4160 nou
963 4115 1234 4162 nominavit
1296 4127 1480 4164 orator.
1572 4113 1905 4164 libentissimis
1922 4115 2095 4164 animis
2110 4113 2507 4162 assentiebantur.
