2984 4684
456 396 595 467 272
1097 372 1195 441 M.
1246 373 1323 439 T.
1380 370 1956 440 CICERONIS

548 496 736 564 XVI.
767 494 983 563 Nunc
1007 504 1251 561 autem
1273 489 1610 561 homines
1631 492 1708 560 in
1732 489 2072 588 speculis¹
2106 502 2309 577 sunt3
2343 488 2594 561 obser-

448 617 624 675 vant
640 657 659 688 ‚
682 600 1306 699 quemadmodum
1330 626 1485 673 sese
1515 602 2020 697 unusquisque
2053 614 2373 672 vestrum
2395 616 2598 697 gerat

450 716 529 785 in
564 710 949 783 retinenda
982 712 1369 809 religione,
1399 710 2064 807 conservandisque
2115 710 2419 807 legibus.
2465 712 2596 781 vi-

447 823 629 895 dent
652 821 890 894 adhuc
910 838 1077 921 post
1096 822 1373 918 legem²
1406 820 1862 893 tribunitiam
1883 846 2114 893 unum
2129 817 2158 863 ³
2189 834 2596 893 senatorem

448 934 565 1004 vel
598 934 1150 1004 tenuissimum'·
1178 956 1335 1004 esse
1375 922 1802 1005 damnat’um
1831 962 1846 1002 :
1897 930 2102 1030 quod
2131 936 2411 1003 tametsi
2445 955 2596 1002 non

450 1042 1035 1141 reprehendunt,
1070 1058 1313 1114 tamen
1340 1068 1788 1143 magnopere
1811 1098 1830 1131 ,
1859 1041 2065 1140 quod
2091 1043 2426 1131 laudent,
2443 1066 2594 1112 non

451 1152 748 1223 habent.
789 1153 1005 1225 Nulla
1046 1168 1155 1225 est
1194 1157 1393 1225 enim
1436 1154 1594 1225 laus
1615 1209 1636 1243 ‚
1679 1154 1782 1225 ibi
1815 1179 1970 1225 esse
2015 1158 2419 1252 integrum,
2469 1152 2598 1223 ubi

452 1288 673 1335 nemo
700 1252 825 1334 ‘est
846 1318 867 1351 ‚
916 1266 1047 1360 qui
1096 1277 1225 1333 aut
1268 1268 1538 1362 possit,
1582 1280 1708 1335 aut
1749 1278 2062 1345 conetur
2101 1286 2594 1359 corrumpere.

448 1380 607 1445 Hoc
636 1390 745 1446 est
774 1373 1166 1468 judicium,
1204 1378 1281 1445 in
1316 1400 1469 1472 quo
1502 1400 1634 1447 vos
1677 1373 1770 1447 de
1807 1400 1974 1463 reo,
2011 1374 2332 1474 populus
2361 1398 2602 1445 roma·

448 1510 593 1557 nus
620 1484 711 1555 de
746 1483 957 1555 vobis
988 1483 1379 1581 judicabit3
1406 1489 1481 1555 in
1513 1484 1656 1555 hoc
1679 1483 1982 1555 homine
2017 1496 2412 1569 statuetur,
2439 1503 2604 1578 pos-

453 1600 678 1684 sitne,
716 1594 1175 1667 senatoribus
1206 1595 1746 1691 judicantibuS‚
1779 1594 2006 1666 homo
2043 1594 2604 1665 nocentissimus

450 1706 1241 1804 pecuniosissimusque
1292 1706 1642 1777 damnari.
1691 1706 1976 1777 Deinde
2017 1719 2128 1775 est
2173 1701 2600 1801 hujusmodi

450 1840 653 1902 reuS,
686 1819 763 1886 in
793 1839 943 1912 quo
972 1815 1273 1887 homine
1307 1816 1487 1887 nihil
1523 1820 1649 1904 sit,
1686 1832 1950 1914 praeter
1973 1840 2258 1887 summa
2283 1828 2600 1912 peccata,

450 1931 987 2023 maximamque
1020 1930 1444 2024 pecuniam3
1472 1942 1587 2013 ut,
1607 1931 1666 1998 si
1699 1926 2048 1999 liberatus
2079 1929 2171 1997 sit
2189 1980 2208 2013 ,
2237 1923 2439 1995 nulla
2465 1923 2603 1994 alia

452 2039 797 2135 suspicio,
835 2037 973 2105 nisi
994 2060 1101 2123 ea,
1138 2059 1300 2132 quae
1326 2034 1782 2134 turpissima⁵
1801 2052 1908 2109 est
1927 2092 1946 2121 ‚
1977 2037 2296 2109 residere.
2315 2038 2548 2134 possit
2581 2062 2599 2105 ε

450 2170 602 2217 non
637 2146 901 2243 gratia,
950 2170 1103 2216 non
1145 2150 1618 2243 cognatione,
1650 2172 1803 2217 non
1849 2148 2008 2235 aliis
2053 2142 2293 2217 recte‘⁵
2346 2143 2552 2216 factis
2576 2196 2596 2233 ,

452 2282 604 2328 non
628 2256 949 2352 denique
978 2256 1227 2354 aliquo
1260 2256 1610 2329 mediocri
1641 2260 1822 2327 vitio
1834 2268 1891 2345 ⁷,
1923 2271 2034 2327 tot
2069 2269 2418 2352 tantaque
2441 2254 2596 2350 ejus

454 2369 629 2437 vitia
688 2364 1057 2437 sublevata
1121 2391 1277 2438 esse
1336 2366 1972 2438 existimabuntur.
2023 2372 2401 2438 Postremo
2469 2389 2602 2463 ego

454 2502 748 2551 causam
782 2482 887 2549 sic
912 2502 1154 2575 agam,
1182 2478 1507 2574 judices:
1539 2476 1900 2574 ejusmodi
1933 2502 2084 2564 reS,
2108 2480 2208 2547 ita
2245 2491 2486 2564 notas,
2509 2480 2605 2545 ita

458 2603 751 2661 testatas
768 2642 787 2676 ‚
804 2592 901 2661 ita
936 2614 1229 2686 magnas
1247 2645 1266 2678 ‚
1282 2592 1383 2662 ita
1402 2588 1816 2661 manifestas
1847 2587 2214 2688 proferam
2233 2642 2252 2675 ,
2271 2601 2358 2657 ut
2382 2610 2605 2658 nemo

456 2724 497 2771 a
518 2684 760 2787 vobis,
789 2712 873 2769 ut
898 2701 1119 2771 istum
1150 2698 1539 2773 absolvatis
1557 2754 1576 2789 ‚
1607 2725 1741 2799 per
1770 2702 2074 2797 gratiam
2097 2712 2406 2770 conetur
2437 2723 2610 2770 con-

524 2906 664 2951 XVI.
689 2920 733 2953 1.
754 2907 817 2951 In
838 2904 1058 2968 speculis.
1086 2906 1269 2955 Omnes
1284 2907 1486 2955 intentis
1647 2908 1700 2955 6.
1735 2906 2024 2964 anhinm,
2053 2916 2110 2955 ut
2145 2903 2336 2969 aliquid
2371 2914 2606 2965 mutaret,

458 2984 615 3033 oeulis
640 3000 731 3031 vos
756 2994 996 3047 spectant.
1573 2984 1746 3034 maluit
1764 3007 1791 3027 ι
1803 3000 1906 3033 non
1923 2984 2038 3033 ullis
2055 2996 2188 3033 recte
2206 2984 2397 3033 sactis».
2419 2986 2453 3032 J
2457 2987 2608 3035 .v.L.

528 3080 577 3110 α.
609 3064 731 3111 Post
754 3062 925 3126 Iegem.
958 3066 1035 3111 Ex
1068 3080 1173 3127 qno
1202 3064 1311 3129 lege
1337 3067 1485 3114 Pom·
1573 3089 1649 3101 —·
1664 3066 1803 3127 Saepe
1823 3066 1956 3112 enim
1977 3064 2084 3113 alia
2111 3080 2305 3112 reorum
2323 3062 2610 3127 κακίαι-ω

455 3144 555 3210 peii
578 3142 793 3191 restituti
812 3152 927 3189 sunt
942 3143 1145 3192 tribuni.
1571 3142 1636 3191 ad
1657 3144 2042 3192 commovendos
2061 3145 2256 3205 jndices
2285 3142 2610 3208 profereban-

530 3224 577 3271 3.
597 3222 899 3271 Lau-bima
916 3224 1133 3272 Asconio
1150 3223 1483 3273 dedit-unum
1573 3234 1674 3271 tur.
1697 3224 1842 3272 Gonf.
1859 3226 1999 3272 Verr.
2018 3226 2067 3270 V
2091 3225 2157 3272 ad
2183 3224 2294 3272 init.
2323 3234 2373 3271 et
2403 3222 2464 3271 de
2491 3225 2604 3271 Inv.

456 3303 707 3352 hominen
720 3324 761 3348 1·-
788 3302 935 3349 Male.
958 3302 1089 3352 LV.
1114 3304 1170 3351 L.
1574 3302 1656 3359 11,
1685 3302 1753 3358 34
1771 3336 1788 3362 ‚
1819 3302 1904 3350 ubi
1931 3320 2042 3351 reus
2067 3302 2251 3351 dicitur
2287 3326 2312 3345 ιι
2329 3304 2602 3351 multoru-

526 3374 581 3439 ι’.
638 3381 1009 3431 remissionum.
1080 3383 1483 3448 Pauperrimnm3
1572 3398 1774 3429 suorum
1801 3394 1934 3431 recte
1967 3384 2210 3433 sactorum
2245 3398 2388 3431 mus·
2423 3394 2482 3431 nt
2519 3384 2610 3431 uni

460 3463 545 3526 qui
560 3497 575 3518 ,
613 3460 745 3509 unde
762 3460 953 3522 judica
978 3474 1315 3527 corrumperet
1330 3500 1345 3525 ,
1380 3478 1483 3511 non
1574 3462 1758 3511 delicto
1785 3464 2100 3527 ignotum-
2125 3464 2396 3529 postulare.

456 3541 681 3590 habebnt.
706 3542 823 3589 Non
846 3551 1007 3588 autem
1026 3552 1128 3589 etet
1148 3542 1487 3602 Dolabellam
1649 3560 1698 3603 ⁰7.
1731 3543 1880 3591 Vitio.
1920 3544 2040 3592 Soil.
2063 3544 2288 3605 judicum
2317 3546 2372 3590 in
2397 3558 2450 3591 re
2473 3542 2610 3603 judi-

458 3632 596 3685 putat
614 3622 883 3678 Asconius,
902 3622 989 3684 qui
1014 3622 1171 3669 multo
1194 3634 1309 3672 ante
1332 3623 1491 3687 legem
1579 3621 1756 3671 canda.
1779 3623 1860 3671 Sic
1893 3624 2086 3673 Manat.
2115 3622 2229 3671 Sch.
2255 3622 2350 3669 Alii
2381 3623 2612 3686 interpre-

458 3700 787 3757 tribunitiam‚
808 3700 847 3749 i.
866 3716 913 3748 e.
931 3711 1045 3748 ante
1062 3701 1315 3749 consulem
1333 3703 1483 3749 Pom·
1573 3712 1742 3751 tantur
1763 3718 1776 3753 :
1805 3700 1984 3765 Aliqua
2023 3703 2240 3759 ratione,
2271 3717 2383 3766 qua
2415 3700 2608 3749 medio-

464 3779 629 3842 peium
676 3778 931 3826 damnatus
966 3792 1097 3839 eran
1146 3790 1203 3828 nt
1240 3780 1383 3829 facile
1421 3796 1485 3827 ex
1575 3780 1722 3828 critet
1766 3780 1936 3829 saltem
1972 3782 2039 3830 sit
2085 3781 2288 3839 vitiosa,
2333 3796 2420 3829 sen
2463 3794 2574 3843 qua
2595 3818 2612 3843 ,

461 3860 605 3905 Verr.
636 3858 659 3905 1
686 3870 907 3917 constan
954 3874 1113 3922 neque
1138 3860 1285 3909 etiam
1312 3860 1489 3909 tennin-
1576 3861 1800 3924 quamvis
1815 3862 2006 3919 illicita,
2033 3862 2190 3925 pouit
2205 3861 2447 3918 etenim-R
2475 3870 2532 3906 nt
2549 3860 2610 3920 si,

466 3939 619 3985 simus
642 3936 795 3984 homo
817 3938 987 3985 suimet
1006 3950 1221 3987 voratus.
1577 3956 1624 3989 v.
1645 3956 1694 4004 g.
1719 3942 1870 3989 nimia
1897 3941 2226 3989 mentatione
2249 3939 2472 4000 iudicum
2503 3940 2612 3987 ani-

536 4018 583 4064 5.
624 4016 933 4080 Turpissima.
978 4018 1167 4082 Nempe
1209 4018 1487 4067 absolutum
1577 4034 1684 4067 mos
1701 4019 1796 4067 sibi
1817 4020 2143 4069 concili-sset.
2163 4022 2279 4083 Quo
2295 4020 2350 4067 in
2368 4020 2482 4067 loco
2501 4034 2609 4066 om-

458 4112 571 4145 eum
596 4112 683 4145 em
709 4096 931 4161 pecunia.
1575 4114 1664 4147 nes
1681 4116 1792 4147 cnm
1817 4101 2034 4149 Asconio
2045 4116 2206 4148 errare
2225 4099 2346 4148 mihi
2363 4099 2610 4149 videntur.
