2984 4684
371 435 1470 458 §mmmm
1475 433 2394 464 mmmm·
2398 445 2487 464 m

939 631 1948 764 EXCURSUS

833 901 968 965 DE
1039 898 1560 966 PRAETORE
1627 899 2064 970 URBANO.

464 1242 802 1309 Pau-roms
833 1254 1080 1307 nomen
1112 1241 1404 1324 ejusdem
1431 1245 1638 1307 ferme
1668 1265 1821 1308 cum
1842 1245 2020 1312 Urbe
2051 1263 2151 1314 est
2172 1252 2523 1340 antiquitaa

375 1351 476 1416 tis.
510 1345 782 1414 Veteres
823 1348 1036 1412 Latini
1083 1370 1352 1412 omnem
1401 1349 1885 1442 magistratum,
1928 1353 2036 1418 cui
2070 1373 2321 1442 pareret
2352 1381 2529 1424 exer-o

374 1457 570 1538 citus,
604 1479 642 1520 a
673 1453 992 1544 praeundo
1012 1502 1031 1536 ,
1066 1471 1414 1543 praetorem
1451 1454 1955 1544 appellaverunt.
1981 1459 2186 1525 Varro
2217 1462 2302 1527 de
2336 1466 2523 1556 Ling.

373 1561 510 1626 Lat.
535 1562 648 1625 IV.
669 1561 898 1648 Itaque
922 1559 1460 1648 consules,penes
1487 1582 1656 1648 quos
1679 1581 2018 1628 summum
2044 1565 2194 1630 belli
2216 1570 2527 1659 pacisque

371 1666 726 1755 imperium
760 1679 924 1747 erat,
958 1665 1148 1729 initio
1178 1681 1490 1752 praetores
1523 1664 1929 1732 dicebantur.
1957 1667 2141 1734 Idem
2173 1673 2351 1761 apud
2382 1677 2527 1742 No-

377 1772 582 1838 nium.
619 1772 790 1837 Hinc
838 1770 1021 1836 ducis
1067 1770 1559 1835 tabernaculum
1600 1773 2015 1860 praetorium3
2064 1793 2131 1840 et
2174 1777 2245 1842 in
2300 1783 2524 1846 oestris

374 1895 591 1967 porta,
624 1901 768 1966 quae
805 1875 888 1942 ad
918 1877 1299 1967 praetorium
1333 1878 1695 1966 spectabat,
1728 1881 2031 1968 praetoria
2056 1885 2521 1972 appellabatur.

433 1981 696 2049 'Postea
727 2006 884 2048 vero
918 2006 1129 2071 quum
1161 2005 1329 2071 saepe
1359 1982 1545 2049 bellis
1576 2002 2034 2070 avocarentur,
2082 2011 2204 2054 nec
2250 2009 2421 2058 esset
2449 1995 2523 2060 in

375 2089 540 2154 urbe
565 2091 681 2178 qui
702 2090 810 2170 jus
850 2087 1124 2172 diceret,
1164 2089 1506 2179 peculiaris
1534 2091 1947 2181 magistratus
1974 2094 2036 2157 ei
2061 2096 2155 2159 rei
2181 2097 2523 2166 institutus

375 2211 506 2278 est,
543 2195 658 2284 qui
707 2194 966 2260 assidue
1003 2195 1110 2275 jus
1167 2197 1236 2259 i‘n
1283 2195 1462 2260 Urbe
1515 2195 1794 2280 diceret,
1844 2214 1911 2263 et
1944 2202 2217 2289 proprio
2254 2207 2525 2272 nomine

377 2318 617 2392 praetor
644 2302 1099 2391 appellaretur.
1134 2300 1336 2365 In'itio
1369 2323 1545 2366 unus
1582 2319 1837 2368 creatus
1870 2320 2000 2388 est,
2035 2307 2150 2395 qui
2184 2309 2381 2376 rebus
2411 2313 2524 2393 ju-

375 2407 668 2473 dicandis
704 2406 1102 2490 sufficiebat3
1126 2404 1340 2470 dictus
1375 2405 1619 2495 collega
1652 2409 2001 2473 consulum
2016 2457 2036 2492 ,
2070 2412 2253 2499 quod
2288 2415 2523 2483 iisdem

377 2513 676 2602 auspiciis
719 2526 1064 2576 cremetur.
1100 2509 1176 2573 Τ.
1211 2509 1348 2574 Liv.
1373 2509 1535 2591 VII,
1568 2533 1627 2574 1.
1660 2513 1734 2576 A.
1768 2511 1931 2577 Gen.
1966 2515 2159 2598 XIII,
2197 2522 2297 2596 14.
2332 2520 2521 2611 Pigh.

375 2618 460 2683 ad
484 2640 734 2683 annum
763 2617 912 2705 387.

466 2725 694 2808 Quum
723 2745 880 2787 vero
925 2711 1240 2786 crescenti
1275 2721 1691 2810 negotiorum
1733 2721 1895 2788 moli
1934 2723 2241 2816 deinceps
2284 2746 2523 2818 praetor

376 2853 551 2895 unus
589 2853 728 2894 non
766 2826 1125 2910 sufficeret,
1165 2826 1319 2891 huic
1359 2827 1603 2915 collega
1642 2825 1987 2910 adjunctus
2026 2848 2155 2916 est,
2194 2834 2362 2900 circa
2402 2859 2520 2902 an·-

378 2961 540 3003 num
573 2935 608 3002 5
623 2959 732 3001 10:
757 2935 846 3000 ita
876 2950 953 2999 ut
983 2934 1076 2999 illi
1106 2934 1309 2998 veteri
1330 2931 1700 3015 jurisdictio
1730 2935 1903 3000 inter
1932 2937 2104 3003 cives
2128 2941 2303 3005 solos
2328 2943 2523 3008 relin-

379 3059 712 3132 queretur,
736 3057 803 3106 et
814 3039 903 3106 ob
924 3062 1066 3104 eam
1083 3061 1220 3104 rem
1244 3053 1480 3127 praetor
1503 3039 1794 3104 urbanus
1810 3059 2189 3127 vocaretur3
2226 3046 2334 3112 hic
2362 3071 2521 3114 vero

378 3171 588 3214 novus
635 3148 947 3236 quoniam
986 3145 1478 3236 peregrinorum
1503 3193 1522 3228 ,
1569 3169 1855 3234 quorum
1904 3149 2261 3216 multitudo
2312 3154 2519 3234 major

378 3256 445 3319 in
487 3253 624 3318 dies
654 3254 724 3316 in
749 3252 995 3318 Urbem
1035 3249 1440 3334 confluebat,
1485 3273 1711 3316 causas
1742 3271 2195 3343 cognosceret,
2228 3259 2517 3348 peregri..

377 3381 505 3423 nus
530 3357 998 3422 nominaretur.
1025 3357 1188 3440 Quae
1219 3355 1552 3421 distinctio
1581 3357 1933 3422 nominum
1954 3360 2121 3424 ultra
2148 3361 2518 3450 reipublicoe

378 3480 673 3552 tempora
722 3459 996 3528 duravit.
1046 3461 1180 3524 Liv.
1230 3462 1402 3549 Epit.
1439 3485 1539 3549 19.
1587 3463 1773 3554 Pigh.
1819 3463 1979 3530 ibid.
2017 3466 2519 3536 Honoratiorem

376 3565 715 3661 peregrina
741 3567 1058 3654 urbanam
1091 3565 1290 3632 fuisse
1321 3583 1673 3656 praeturam
1707 3586 1963 3636 constat
1986 3587 2128 3636 tum
2143 3595 2221 3638 ex
2236 3576 2515 3664 Appian.

376 3676 533 3741 Bell.
561 3674 699 3739 Civ.
722 3674 822 3756 11,
857 3687 1000 3736 tum
1029 3695 1108 3736 ex
1137 3694 1253 3754 co,
1292 3683 1354 3737 ι’
1387 3673 1570 3762 quod
1602 3675 1863 3762 praetori
1901 3678 2249 3767 peregrino
2276 3680 2517 3749 civium

379 3803 602 3848 causas
633 3800 1028 3870 cognoscere
1063 3801 1198 3843 non
1233 3777 1492 3861 liceret,
1539 3779 1667 3844 nisi
1700 3779 1771 3844 hi
1806 3802 1959 3845 cum
1997 3784 2352 3872 peregrinis
2385 3785 2517 3854 liti-

378 3902 638 3978 garent3
685 3889 756 3951 2⁰
782 3881 966 3973 quod
998 3882 1173 3972 apud
1207 3907 1360 3948 eum
1392 3885 1535 3974 lege
1569 3907 1707 3948 non
1750 3901 2079 3974 ageretur-3
2124 3888 2187 3953 3⁰
2218 3891 2401 3979 quod
2442 3917 2522 3960 ex

381 3991 615 4074 edicto,
656 3987 836 4079 quod
867 4003 1108 4078 praetor
1134 3989 1426 4054 urbanus
1455 3991 1526 4053 in
1554 3989 1704 4054 albo
1729 3993 2139 4079 proponebat
2162 3993 2248 4060 de
2279 3999 2519 4085 quibus

380 4099 574 4164 rebus
631 4120 755 4162 suo
815 4119 990 4162 anno
1044 4096 1152 4176 jus
1211 4114 1379 4163 esset
1429 4095 1723 4162 dicturus
1742 4145 1761 4178 ‚
1803 4097 1909 4179 jus
1955 4099 2169 4166 dicere
2213 4100 2518 4188 deberet3

578 4212 631 4278 1,
685 4219 779 4268 cie.
794 4236 906 4284 pars
934 4219 1152 4268 sedanda.
1438 4221 1447 4228 '
1638 4267 1644 4278 ,
2236 4207 2327 4280 25
