2984 4684
792 360 1179 431 ORATIO
1228 358 1433 429 PRO
1476 362 1545 429 s.
1591 362 1998 432 ROSCIO.
2329 385 2466 459 129

340 510 524 558 cesse
552 498 708 555 erat
729 538 748 573 ‚
783 508 1042 581 resque
1074 485 1231 581 ipsa
1261 480 1564 579 cogebat
1585 504 1828 571 ‚unus
1866 486 2110 554 omnia
2134 500 2462 583 poterat:

333 600 454 694 qui
475 610 950 695 posteaquam
976 576 1477 690 magistratus‘*
1507 595 1772 664 creavit
1793 647 1812 681 ,
1833 592 2172 692 legesque
2197 598 2466 667 consti-

256 786 262 794 *
336 711 505 796 tuit,
527 731 659 777 sua
685 709 951 803 cuique
976 709 1392 803 procuratio
1417 706 1952 802 auctoritasque
1977 721 2085 776 est
2112 710 2463 779 restituta.

336 822 565 909 Quam
593 820 653 888 si
682 822 994 887 retinere
1025 815 1287 885 volunt
1317 817 1404 904 ii,
1437 818 1566 912 qui
1599 832 2156 912 recuperarunt,
2185 820 2260 886 in
2296 842 2465 915 per·-

334 944 633 1025 petuum
658 940 1008 1025 poterunt
1033 924 1365 996 obtinere
1395 948 1411 993 :
1446 927 1560 995 sin
1590 922 1720 993 has
1751 922 1978 995 caedes
1996 979 2015 1012 ‚
2041 940 2115 994 et
2147 928 2429 1023 rapinas
2447 980 2469 1011 ,

338 1051 405 1108 et
452 1037 588 1107 hos
635 1050 874 1107 tantos
916 1050 1211 1132 tamque
1242 1032 1580 1133 profusos
1621 1048 1954 1132 sumptus
1994 1050 2124 1105 aut
2164 1034 2430 1108 facient
2451 1092 2473 1126 ‚

334 1160 457 1217 aut
489 1144 1049 1245 approbabunt3
1080 1142 1254 1214 nolo
1286 1147 1363 1215 in
1402 1168 1527 1215 eos
1571 1146 1854 1240 gravius
1881 1142 2322 1242 quidquam,
2374 1172 2468 1218 ne

333 1260 593 1327 ominis
621 1253 917 1353 quidem
957 1277 1206 1341 causa,
1247 1254 1524 1341 dicere3
1554 1279 1788 1324 unum
1815 1254 1960 1325 hoc
1997 1254 2202 1327 dico:
2233 1262 2466 1327 nostri

332 1370 447 1439 isti
492 1365 810 1453 nobileS‚
844 1368 981 1435 nisi
1016 1364 1434 1460 vigilanteS,
1464 1378 1540 1435 et
1568 1361 1782 1452 boni,
1827 1378 1901 1435 et
1929 1362 2190 1453 forteS‚
2227 1381 2300 1437 et
2331 1370 2468 1436 mi-

334 1475 727 1549 sericordes
759 1488 1011 1563 erunt,
1042 1476 1131 1544 iis
1158 1472 1616 1561 hominibus,
1642 1476 1720 1544 in
1748 1472 2020 1571 quibus
2045 1472 2196 1545 haec
2230 1492 2470 1565 erunt,

334 1599 757 1658 ornamenta
788 1608 919 1655 sua
950 1583 1358 1655 concedant
1392 1608 1686 1654 necesse
1720 1598 1852 1655 est.

428 1698 891 1793 Quapropter
907 1691 1241 1765 desinant
1253 1693 1648 1791 aliquando
1672 1691 1938 1784 dicere,
1957 1694 2139 1768 male
2151 1697 2472 1795 aliquem

333 1810 725 1903 loquutum
754 1830 940 1894 esse,
963 1808 1021 1876 si
1055 1806 1221 1902 quis
1250 1830 1420 1877 vere
1442 1828 1527 1875 ac
1554 1803 1780 1876 libere
1809 1804 2158 1903 loquutus
2187 1810 2279 1878 sit
2300 1834 2319 1895 ;
2339 1806 2476 1880 'de-

334 1921 574 1989 sinant
604 1940 809 1987 suam
843 1938 1131 1986 causam
1165 1940 1335 1986 cum
1373 1916 1851 2012 Chrysogono
1893 1921 2474 2006 communicare3

332 2028 703 2115 desinant,
734 2028 795 2096 si
827 2025 945 2098 ille
979 2028 1184 2097 laesus
1221 2028 1314 2097 sit
1335 2080 1354 2114 ,
1388 2024 1478 2097 de
1513 2051 1588 2097 se
1615 2025 1892 2124 aliquid
1928 2025 2331 2099 detractum
2356 2054 2470 2099 ar-

332 2138 625 2225 bitrari3
663 2134 997 2224 videant,
1041 2162 1134 2208 ne
1168 2150 1381 2233 turpe
1424 2139 1920 2234 miserumque
1961 2139 2092 2227 sit,
2133 2162 2296 2228 eOS,
2341 2144 2472 2238 qui

331 2262 743 2346 equestrem
794 2244 1310 2346 splendorem?
1364 2249 1514 2345 pati
1575 2271 1728 2317 non
1782 2262 2185 2345 potuerunt
2207 2302 2228 2337 ‚
2285 2255 2470 2322 servi

330 2362 755 2459 nequissimi
812 2359 1385 2432 dominationem
1431 2356 1618 2430 ferre
1665 2382 1899 2456 posse.
1935 2360 2117 2448 Quae
2169 2360 2468 2457 quidem

330 2469 731 2542 dominatio
758 2523 777 2557 ‚
821 2468 1135 2565 judiceS‚
1176 2472 1252 2539 in
1290 2468 1445 2539 aliis
1497 2467 1715 2539 rebus
1751 2484 1962 2540 antea
2007 2470 2470 2560 versabatur3

330 2605 531 2653 nunc
565 2604 741 2651 vero
776 2604 997 2677 quam
1044 2582 1235 2649 viam
1284 2572 1601 2649 munitet
1618 2576 1676 2667 ⁶,
1717 2578 1920 2675 quod
1955 2582 2095 2649 iter
2128 2579 2421 2653 affectet
2443 2636 2464 2672 ,

330 2687 589 2769 videtis
620 2712 637 2756 :
670 2686 763 2758 ad
794 2686 1047 2777 fidem,
1073 2686 1166 2759 ad
1191 2687 1706 2784 jusjurandum
1725 2742 1745 2775 ‚
1770 2688 1862 2759 ad
1889 2688 2164 2784 judicia
2196 2705 2429 2761 vestra
2448 2748 2468 2779 ,

330 2798 421 2870 ad
448 2798 550 2888 id,
563 2797 769 2896 quod
789 2799 1027 2870 solum
1050 2823 1279 2897 prope
1300 2802 1378 2869 in
1409 2801 1693 2870 civitate
1715 2801 2080 2869 sincerum
2105 2815 2468 2872 sanctum-

330 2935 476 3007 que
510 2923 750 2980 restat.

424 3023 655 3091 Hicne
673 3030 699 3075 ⁷
724 3021 938 3089 etiam
963 3043 1117 3089 sese
1132 3034 1344 3117 putat
1366 3018 1643 3118 aliquid
1666 3043 1880 3118 posse
1907 3018 2470 3117 Chrysogonus?

330 3130 451 3203 hic
478 3134 696 3203 etiam
714 3144 975 3228 potens
1002 3154 1155 3201 esse
1180 3130 1383 3201 vult?
1402 3134 1465 3202 Ο
1492 3120 1649 3200 rem
1673 3134 2006 3201 miseram
2029 3142 2248 3227 atque
2276 3155 2470 3201 acer-

400 3359 450 3415 4,
474 3350 814 3416 Magistratus.
853 3348 986 3398 Sulla
1028 3348 1241 3398 dictator
1272 3364 1353 3397 eo-

324 3432 463 3479 mitia
486 3430 683 3489 haberi,
708 3429 934 3478 eonsules
953 3430 1104 3477 creari
1116 3429 1352 3493 permisit,

1511 3351 1562 3399 6.
1610 3349 1834 3397 Munieet.
1889 3349 1994 3397 Sibi
2045 3350 2230 3413 aperire
2280 3352 2466 3415 cupiat,

1438 3430 1477 3477 i.
1494 3444 1536 3477 e.
1551 3427 1672 3493 quid
1691 3440 1853 3493 paret,
1877 3428 2001 3493 quid
2018 3428 2261 3477 moliatur.
2280 3430 2464 3479 Totum

328 3507 415 3555 aed
450 3522 639 3558 tantum
678 3510 740 3558 ad
780 3510 1009 3573 speeiem.
1048 3508 1143 3555 Sua
1176 3507 1350 3570 cuique

325 3587 598 3634 auctoritas
619 3589 840 3636 restituta
862 3602 965 3635 non
982 3598 1083 3647 est,
1100 3587 1197 3634 nisi
1221 3602 1351 3634 anno

326 3666 431 3725 674
452 3700 467 3725 ‚
491 3681 595 3729 quo
621 3680 755 3713 anno
782 3664 1071 3713 dictaturam
1088 3663 1349 3713 abdicavit.

327 3746 501 3809 Neque
520 3744 629 3792 haee
650 3744 844 3807 ignorat
869 3744 1041 3793 Cicero
1054 3778 1069 3803 ,
1088 3744 1175 3792 sed
1193 3760 1350 3793 eausae

328 3838 430 3871 suae
457 3823 690 3872 consulit.

405 3903 454 3951 5.
482 3904 774 3967 Equestrem
799 3902 1119 3967 splendorem.
1156 3901 1352 3966 Signifi-

330 3992 411 4028 ent
424 3982 633 4042 judicia,
662 3998 774 4046 quae
800 3982 1013 4046 equestri
1034 3983 1197 4031 ordini
1220 3982 1352 4031 Sulla

330 4060 489 4108 victor
533 4062 779 4111 ademerat
801 4098 816 4119 ,
860 4074 909 4111 et
952 4062 1013 4111 ad
1060 4063 1353 4111 senatorittm

332 4138 551 4189 ordinem
571 4143 895 4192 transtulerat.

522 4231 578 4296 Ῑ.
622 4244 712 4290 Cic.
740 4261 856 4305 pars
879 4246 1091 4293 secunda.

1436 3506 1536 3556 hoc
1560 3524 1589 3555 e
1623 3518 1768 3571 poeta
1803 3508 2114 3573 desumptum
2151 3511 2367 3558 Grutero
2389 3512 2464 3558 vi-

1441 3586 1617 3634 detur:
1650 3602 1762 3634 nam
1787 3586 1938 3651 pedes
1965 3599 2202 3651 apparent
2228 3588 2464 3637 trochei&

1439 3680 1606 3712 versus
1627 3680 1640 3712 ε
1680 3688 1706 3707 α
1725 3681 1870 3727 quam
1895 3667 2022 3712 viam
2047 3666 2290 3726 Manita,
2323 3669 2463 3732 quod.

1438 3744 1532 3792 iter
1553 3744 1748 3793 affectet
1760 3764 1806 3793 η.
1839 3742 1989 3805 Quod
2007 3743 2178 3793 melius
2203 3746 2348 3794 etiam
2377 3747 2460 3796 de-

1438 3830 1678 3869 monstrat
1701 3832 1986 3885 usurpatum
2003 3822 2205 3870 verbum
2227 3826 2434 3875 munitet
2447 3865 2464 3885 ,

1440 3901 1578 3966 quod
1595 3916 1698 3949 non
1717 3900 1834 3947 alibi
1854 3900 2085 3949 occurrit.

1518 3997 1564 4043 7.
1599 3980 1707 4027 Hic.
1745 3983 1802 4027 In
1833 3980 2054 4041 judiciis.
2096 3984 2284 4049 Nempe
2321 3998 2464 4050 putat

1445 4060 1796 4125 Chrysogonus
1836 4078 1886 4109 se
1921 4061 2140 4122 judicum
2180 4068 2367 4114 animos
2402 4068 2466 4114 ad

1446 4150 1621 4189 nutum
1645 4156 1793 4205 posse
1817 4138 2076 4190 moderari.

2184 4254 2232 4323 9
