2984 4684
402 408 2534 437 mmmmmmssffmmmmm

892 596 2039 705 ARGUMENTUM

984 810 1427 882 ASCONII
1488 809 1946 880 PEDIANI.

406 985 695 1064 Deinceps
736 984 859 1043 haec
908 980 1104 1044 omnia
1150 1003 1271 1042 non
1320 984 1502 1059 dicta,
1538 984 1642 1044 sed
1680 983 1898 1063 scripta
1935 994 2072 1042 sunt
2113 994 2319 1041 contra
2361 1000 2496 1041 eum
2517 1005 2534 1040 ε

484 1079 643 1159 quod
689 1081 773 1140 ita
810 1080 1025 1140 factum
1064 1091 1168 1139 est.
1218 1079 1411 1161 Fingit
1450 1080 1658 1141 Cicero
1699 1080 1899 1139 adesse
1935 1078 1998 1137 in
2034 1078 2260 1156 judicio
2292 1083 2538 1138 Verrem

484 1176 1095 1258 comperendinatum,
1122 1191 1182 1239 et
1206 1177 1564 1257 respondere
1591 1176 1832 1237 citatum
1863 1188 1924 1235 et
1949 1174 2202 1235 defendi.
2230 1182 2298 1233 In
2329 1175 2536 1234 ceteris

482 1275 635 1335 enim
660 1272 1021 1335 orationibus
1047 1272 1321 1335 defensor
1346 1274 1578 1335 futurus
1592 1318 1610 1348 ,
1643 1272 2023 1334 accusationis
2055 1272 2313 1331 officium
2339 1270 2430 1329 his
2461 1270 2537 1330 li·-

481 1370 634 1450 bris,
665 1374 770 1454 qui
784 1374 1165 1434 verrinarum
1192 1374 1427 1434 nomine
1457 1384 1890 1453 nuncupantur,
1923 1390 2301 1450 compensare
2328 1367 2536 1429 decre-

482 1470 600 1545 vit,
638 1484 699 1530 et
732 1470 1013 1549 quoniam
1050 1490 1323 1530 accusare
1362 1472 1578 1530 multos
1618 1468 1960 1529 indecorum
1982 1467 2179 1529 Tullio
2208 1464 2537 1536 videbatur,

479 1566 543 1625 in
570 1586 689 1626 una
716 1586 887 1627 causa
907 1568 1029 1626 vim
1054 1564 1229 1645 hujus
1257 1566 1399 1627 artis
1424 1580 1485 1626 et
1511 1554 1901 1645 eloquentiam
1931 1565 2348 1624 demonstrare.
2387 1566 2538 1622 Nam

481 1676 541 1723 et
568 1663 723 1725 bene
754 1665 1137 1745 intelligentes
1160 1685 1392 1725 omnem
1417 1666 1692 1727 virtutem
1726 1664 2040 1724 oratoriam
2069 1681 2450 1741 quaecumque
2477 1660 2538 1718 in

478 1760 979 1823 criminationibus
1006 1762 1319 1823 constituta
1344 1776 1461 1836 est,
1492 1761 1591 1822 hic
1619 1782 1950 1843 expressam
1973 1761 2204 1833 vident,
2247 1772 2306 1818 et
2331 1771 2537 1817 contra

480 1878 556 1917 ex
591 1858 707 1919 hoc
749 1860 1149 1921 defensionum
1184 1864 1306 1921 vim
1350 1861 1415 1921 in
1455 1861 1665 1921 ceteris
1701 1859 2064 1920 orationibus
2090 1870 2152 1918 et
2176 1876 2390 1916 nervos
2415 1856 2538 1935 ejus

478 1975 552 2015 ex
576 1954 689 2015 hac
710 1955 927 2017 virtute
952 1972 1336 2037 cognoscunt,
1365 1978 1497 2038 quae
1516 1958 1580 2018 in
1611 1956 2000 2038 opprimendo
2025 1954 2376 2035 exprimitur
2399 1971 2536 2026 reo;

476 2050 656 2129 igitur
684 2072 883 2113 rerum
921 2073 1095 2113 scena
1126 2055 1210 2114 sic
1245 2054 1399 2114 facta
1432 2067 1547 2130 est,
1589 2066 1660 2113 ut
1701 2053 1844 2113 dicit
1867 2052 2130 2125 Tullius,
2177 2072 2296 2111 non
2343 2064 2536 2111 autem

476 2161 606 2209 acta
628 2169 723 2209 res
749 2163 856 2210 est.
883 2150 1097 2225 Adest,
1118 2150 1340 2231 inquit,
1357 2157 1600 2225 Verres,
1625 2150 1970 2231 respondet,
1993 2149 2347 2211 defenditur.
2382 2154 2538 2227 Ergo

476 2264 658 2325 quum
709 2246 901 2326 prima
947 2248 1176 2307 actione
1226 2260 1528 2308 accusatus
1577 2249 1655 2307 sit
1691 2268 1760 2307 ac
1794 2246 2066 2307 defensus
2085 2252 2337 2316 Verres,
2379 2265 2540 2304 nunc

474 2344 638 2403 velut
663 2342 935 2404 defensus
970 2344 1183 2404 iterum
1218 2344 1323 2425 (sic
1364 2346 1522 2404 enim
1561 2364 1689 2404 mos
1729 2350 1906 2419 erat),
1953 2345 2014 2403 in
2053 2344 2234 2403 altera
2274 2342 2503 2403 actione
2524 2385 2543 2416 ,

474 2452 782 2499 accusatur
806 2440 882 2500 ad
906 2440 1179 2501 ultimum
1210 2461 1411 2501 rursus
1443 2442 1707 2503 oratione
1734 2454 2040 2521 perpetua.
2077 2440 2335 2500 Crimina
2363 2460 2539 2518 repe-

475 2534 819 2609 tundarum,
856 2548 915 2596 et
958 2538 1075 2597 alia
1110 2539 1393 2618 pleraque
1431 2558 1504 2597 ex
1553 2551 1819 2598 anteacta
1855 2538 1975 2597 vita
2022 2557 2175 2617 saepe
2215 2538 2536 2597 firmantur.

471 2634 734 2695 sumitur
759 2635 933 2695 etiam
963 2634 1103 2694 hinc
1135 2656 1287 2715 saepe
1323 2636 1603 2697 defensio.
1639 2636 1840 2696 Omnis
1871 2636 2027 2695 enim
2063 2635 2426 2694 confirmatio
2466 2633 2540 2693 ab

472 2729 768 2791 attributis
802 2750 1065 2808 personae
1106 2745 1166 2791 et
1194 2733 1433 2812 negotio
1472 2732 1624 2791 sumi
1663 2733 1829 2791 solet.
1873 2734 2030 2810 Ergo
2072 2730 2354 2792 attributa
2391 2750 2532 2810 per—

472 2846 631 2885 sonae
654 2827 905 2887 maxime
929 2828 991 2888 in
1023 2841 1287 2889 anteacta
1316 2828 1437 2889 vita
1471 2828 1656 2907 quaeri
1699 2827 1920 2901 solent,
1963 2828 2264 2907 negotium
2305 2828 2368 2885 in
2402 2828 2538 2907 ipso

472 2922 735 2983 crimine.
760 2924 974 2985 Libros
1006 2925 1186 3006 igitur
1219 2944 1331 3005 pro
1362 2927 1643 3005 qualitate
1682 2926 1984 2987 criminum
2008 2924 2234 2985 Tullius
2266 2924 2536 2984 dividens

472 3021 751 3080 anteactis
778 3041 957 3081 unum
987 3021 1182 3096 dedit,
1219 3022 1379 3083 hunc
1417 3023 1638 3083 scilicet
1672 3024 1895 3091 solum;
1942 3021 2170 3082 crimini
2212 3022 2328 3100 ipsi
2368 3042 2538 3101 repe-

475 3116 795 3177 tundarum
826 3132 1120 3198 quatuor:
1152 3138 1335 3179 unum
1362 3119 1439 3180 de
1462 3119 1598 3199 jure
1627 3120 1908 3194 dicendo,
1939 3119 2186 3179 alterum
2213 3117 2287 3178 de
2312 3138 2378 3178 re
2405 3120 2535 3177 fru-

472 3214 788 3288 mentaria,
830 3216 1065 3277 tertium
1111 3216 1185 3275 de
1220 3216 1428 3297 signis,
1462 3232 1736 3296 quartum
1773 3217 1849 3277 de
1885 3216 2203 3296 suppliciis.
2250 3214 2344 3275 Ad
2386 3214 2537 3275 hanc

472 3310 625 3370 enim
651 3312 1085 3373 similitudinem
1114 3326 1295 3393 poeta
1310 3314 1589 3388 Virgilius
1616 3315 1876 3375 Minoem
1903 3313 2162 3393 judicem
2193 3311 2352 3391 apud
2385 3311 2535 3371 infe-

468 3426 594 3481 ros,
626 3420 922 3486 tamquam
947 3410 997 3469 si
1026 3424 1247 3490 praetor
1274 3411 1351 3471 sit
1379 3431 1580 3471 rerum
1609 3412 1942 3492 capitalium
1963 3456 1980 3485 ‚
2022 3410 2390 3489 quaesitorem
2423 3428 2536 3489 ap-

469 3502 667 3581 pellat.
699 3502 939 3582 (AEn.V1
956 3544 973 3573 ,
1002 3506 1167 3583 432.)
1192 3508 1311 3565 Dat
1334 3505 1419 3565 ibi
1446 3507 1815 3566 sortitionem
1830 3550 1848 3580 ,
1871 3505 1978 3565 ubi
2003 3524 2215 3564 urnam
2243 3505 2535 3575 nominat;

468 3598 573 3657 dat
616 3598 957 3658 electionem
989 3598 1290 3678 judicum,
1336 3622 1519 3682 quum
1553 3603 1732 3662 dicit:
1776 3629 1802 3657 ι
1821 3603 2250 3679 conciliumque
2287 3614 2462 3661 vocat
2478 3624 2532 3675 »ς

468 3694 571 3753 dat
596 3694 987 3774 cognitionem
1011 3696 1337 3757 facinorum
1354 3742 1373 3773 ,
1406 3720 1590 3777 quum
1629 3698 1772 3759 dicit
1796 3722 1810 3756 :
1859 3724 1886 3753 α.
1907 3700 2175 3777 vitasque
2203 3710 2262 3757 et
2289 3697 2534 3757 crimina

468 3790 693 3851 discit».
726 3796 880 3871 Ergo
920 3791 1211 3852 hic'liber
1240 3795 1343 3871 qui
1384 3794 1457 3855 de
1485 3809 1750 3855 anteacta
1780 3796 1904 3855 vita
1931 3808 2020 3855 est
2057 3806 2271 3854 statum
2297 3815 2532 3854 necesse

448 3900 556 3951 est
580 3888 1033 3968 conjecturalem
1059 3889 1289 3950 habeat.
1338 3894 1546 3971 Capita
1573 3906 1768 3953 autem
1797 3912 1929 3971 quae
1955 3893 2080 3971 ipse
2103 3892 2328 3952 Tullius
2367 3893 2531 3965 fecit,

466 3982 783 4046 dividendo
814 3998 995 4047 totam
1022 3986 1173 4047 hanc
1194 3989 1622 4049 accusationem
1638 4033 1656 4063 ,
1685 4002 1820 4050 sunt
1841 3989 1982 4048 liaec.
2006 3991 2264 4049 Primum
2289 3989 2352 4047 in
2375 4010 2532 4069 quae-

469 4093 727 4159 sturam3
768 4084 981 4145 deinde
1026 4086 1085 4145 in
1138 4085 1483 4165 legationem
1542 4101 1601 4147 et
1653 4088 2198 4167 vice-quaesturam3
2248 4087 2426 4146 tertio
2483 4088 2546 4143 in
