2984 4684
432 379 575 465 430
1066 377 1163 446 M.
1208 378 1287 444 T.
1342 375 1940 447 CICERONIS

428 523 751 600 prorsus,
770 496 975 594 quod
1002 494 1363 568 dubitari⁸
1398 512 1668 595 posset,
1697 495 1878 569 nihil
1905 495 2244 572 habebat.
2265 503 2576 593 Deinde,

430 636 661 708 quum
704 609 795 680 de
838 609 1169 680 Heraclio
1214 610 1602 708 cogitaret,
1640 623 1714 681 et
1755 615 1960 682 istius
1995 609 2372 685 libidinem
2411 641 2580 688 nos-

430 735 573 809 set3
618 718 1287 792 commodissimum
1320 721 1600 817 putavit
1635 743 1788 792 esse
1833 719 1926 794 de
1967 722 2341 820 provincia
2391 724 2574 796 clam

430 830 651 903 abire.
690 834 945 927 Itaque
984 827 1156 902 fecit
1186 857 1203 899 :
1250 829 1622 928 profectus
1662 845 1772 901 est
1799 831 2182 929 Rhegium.

528 944 789 1012 XXIII.
828 935 1049 1032 Quo‘d
1080 939 1211 1010 ubi
1244 939 1574 1010 auditum
1605 955 1752 1028 est,
1783 955 2084 1013 aestuare
2121 942 2264 1028 illi,
2299 945 2430 1041 qui
2463 943 2578 1017 de·

433 1053 690 1124 derant
748 1055 1128 1150 pecuniam
1186 1077 1203 1120 t
1262 1063 1522 1149 putare
1565 1051 1747 1122 nihil
1799 1055 1908 1149 agi
1964 1075 2220 1150 posse,
2276 1053 2576 1127 absente

429 1163 785 1260 Epicrate.
808 1164 992 1234 Nam
1024 1159 1399 1232 Heraclius
1418 1171 1608 1231 tum¹
1641 1159 1970 1252 affuerat,
1995 1187 2230 1259 quum
2260 1166 2576 1262 primum

432 1273 583 1345 dati
608 1270 1103 1367 suntjudices:
1136 1269 1229 1342 de
1256 1270 1432 1358 hoc,
1452 1275 1615 1367 qui,
1637 1285 2024 1369 antequam
2053 1275 2129 1343 in
2155 1276 2278 1370 jus
2301 1273 2577 1346 aditum

432 1399 651 1472 esset,
700 1397 1090 1480 antequam
1140 1381 1461 1480 denique
1517 1385 1796 1454 mentio
1849 1386 2356 1456 controversiae
2395 1385 2578 1458 facta

434 1510 657 1581 esset,
696 1493 1169 1582 discessisset,
1203 1491 1564 1592 putabant
1598 1493 1776 1564 nihil
1817 1495 1930 1592 agi
1964 1518 2197 1592 posse.
2231 1499 2580 1568 Homines

432 1605 795 1703 Rhegium
838 1601 1428 1702 proficiscuntur,
1465 1607 1874 1702 Epicratem
1911 1608 2357 1678 conveniunt
2389 1637 2406 1678 :
2449 1606 2580 1680 de-

432 1729 841 1788 monstrant
877 1713 991 1804 id,
1030 1712 1234 1812 quod
1262 1714 1380 1786 ille
1418 1712 1730 1802 sciebat,
1765 1739 1840 1786 se
1867 1719 2009 1787 H·S
2037 1741 2224 1786 Lxxx
2251 1715 2574 1788 dedisse:

430 1842 695 1925 rogant
736 1852 937 1913 eum,
981 1840 1063 1896 ut
1105 1825 1179 1895 id
1196 1836 1253 1914 ²,
1296 1825 1502 1923 quod
1547 1824 1639 1897 ab
1691 1827 1863 1924 ipsis
1912 1824 2177 1899 abisset
2221 1829 2578 1925 pecuniae,

433 1953 680 2026 curet3
718 1935 811 2008 ab
854 1961 1009 2008 sese
1032 1934 1061 1980 ³
1100 1951 1381 2023 caveat,
1422 1934 2039 2033 quemadmodum
2074 1937 2280 2024 velit3
2337 1935 2430 2010 de
2461 1938 2582 2008 illa

429 2045 833 2118 hereditate
903 2069 1073 2117 cum
1142 2049 1477 2142 Epicrate
1549 2048 1922 2118 neminem
1994 2073 2150 2120 esse
2225 2063 2578 2121 acturum.

430 2157 799 2254 Epicrates
842 2155 1179 2228 homines
1222 2156 1467 2228 multis
1511 2154 1754 2229 verbis
1795 2181 1838 2228 a
1881 2182 1958 2230 se
2001 2159 2190 2230 male
2242 2176 2582 2260 acceptos

431 2265 723 2339 dimisit.
784 2266 1125 2348 Redeunt
1176 2267 1276 2352 illi
1322 2266 1602 2364 Rhegio
1655 2273 2038 2366 Syracusas
2084 2295 2100 2339 τ
2152 2272 2362 2368 queri
2411 2295 2578 2342 cum

432 2378 717 2466 multis,
761 2379 859 2449 ita
900 2393 983 2449 ut
1019 2377 1143 2468 fit,
1180 2379 1577 2478 incipiunt,
1607 2383 1742 2450 H·S
1775 2405 1963 2451 Lxxx
2001 2405 2388 2454 nummum
2428 2380 2583 2453 fru-

430 2503 579 2560 stra
614 2488 919 2562 dedisse.
956 2494 1100 2562 Res
1139 2490 1597 2590 percrebruit
1639 2514 1656 2560 :
1697 2491 1776 2561 in
1819 2515 1947 2562 ore
1987 2505 2207 2590 atque
2243 2516 2582 2565 sermone

431 2601 763 2670 omnium
804 2601 1027 2696 coepit
1064 2624 1240 2672 esse.
1288 2603 1556 2673 Verres
1593 2599 1813 2673 refert
1849 2601 2086 2673 illam⁴
2126 2625 2330 2674 suam
2367 2607 2580 2700 Syra·

430 2733 771 2780 cusanam
812 2736 829 2778 :
874 2711 976 2780 ait
1012 2733 1089 2782 se
1131 2709 1315 2781 velle
1362 2711 1455 2782 de
1499 2710 1638 2781 illis
1673 2715 1828 2783 H·S
1874 2737 2060 2783 Lxxx
2103 2735 2580 2811 cognoscere:

432 2818 735 2890 advocat
790 2819 1082 2890 multos.
1144 2821 1421 2892 Dicunt
1475 2819 1711 2892 Bidini
1754 2811 2084 2894 Volcatio
2131 2847 2208 2896 se
2257 2821 2579 2911 dedisse3

432 2928 614 3001 illud
650 2954 801 2999 non
830 2927 1153 3015 addunt,
1204 2931 1411 3025 jussu
1448 2933 1673 3004 istius.
1716 2933 2128 3005 Volcatium
2163 2949 2372 3006 vocat
2403 2962 2419 3004 ε
2451 2959 2578 3033 pe·

431 3044 722 3113 cuniam
773 3037 1031 3111 referri
1080 3041 1409 3140 imperat.
1456 3042 1828 3115 Volcatius
1881 3047 2126 3116 animo
2169 3047 2578 3142 aequissimo

432 3175 773 3221 nummos
824 3148 1074 3238 affert,
1118 3157 1249 3249 qui
1304 3152 1489 3223 nihil
1533 3153 1983 3242 amitteret53
2051 3153 2288 3227 reddit
2343 3159 2580 3254 inspe-

431 3261 799 3332 ctantibus
844 3261 1135 3332 multis:
1178 3262 1411 3335 Bidini
1454 3289 1798 3336 nummos
1840 3263 2199 3337 auferunt.

499 3535 549 3584 8.
568 3533 697 3594 Alii,
716 3555 741 3576 α
759 3533 997 3598 disputari
1012 3555 1054 3581 ι.
1076 3536 1125 3584 J.
1138 3535 1199 3584 V.
1219 3538 1275 3584 L.
1545 3540 1606 3587 tis
1635 3537 1846 3604 amplius
1875 3538 1938 3616 ab
1967 3539 2078 3605 ipso
2098 3539 2369 3605 quidquam
2396 3541 2577 3606 petitu-

494 3614 689 3661 xxm.
720 3629 765 3660 1.
798 3615 933 3660 nm.
972 3614 1168 3662 Manat.
1204 3613 1372 3663 Lamb.
1405 3627 1455 3664 et
1541 3633 1665 3666 rum.

428 3693 520 3740 Ms
558 3692 748 3740 Francii
774 3703 974 3740 numen
986 3713 1030 3741 ο.
1615 3706 1664 3755 4.
1681 3695 1848 3764 Refert
1869 3697 2022 3748 illam.
2051 3701 2212 3748 Locus
2231 3699 2316 3746 ille
2339 3698 2578 3748 lambino

502 3786 549 3817 a.
584 3769 715 3830 Alii,
752 3793 775 3812 α
792 3783 848 3819 ut
874 3771 969 3820 sibi
992 3771 1048 3820 id
1064 3794 1105 3819 -.
1132 3774 1184 3821 J.
1204 3775 1264 3820 V.
1286 3777 1343 3823 L.
1545 3787 1593 3826 et
1623 3759 2241 3844 Hotomanuo⁵corrnptu⁸
2269 3778 2486 3838 videtur,
2525 3790 2576 3826 et

500 3851 551 3896 3.
581 3849 660 3896 Ab
683 3866 799 3898 sese.
826 3853 1002 3916 Exigat
1024 3869 1053 3900 a
1076 3850 1248 3917 seipsis
1268 3855 1453 3903 cautio·
1544 3855 1826 3904 addendum
1843 3873 1945 3906 esse
1965 3860 2204 3908 rationem
2218 3869 2410 3923 putant.
2426 3858 2576 3917 Male,

425 3945 535 3978 nem
549 3963 564 3986 ,
601 3928 792 3992 qualem
834 3931 929 3995 ipsi
976 3933 1292 3980 commodum
1330 3933 1453 3994 erin
1545 3946 1600 3983 ut
1615 3935 1822 3999 opium-3
1840 3953 1954 3986 nam
1971 3939 2114 3987 facile
2137 3921 2380 4001 Intelligas
2395 3938 2438 3986 si
2457 3954 2573 3986 can—

425 4019 622 4074 paratos
648 4023 749 4055 esse
776 4025 826 4056 se
842 4043 858 4067 ,
898 4012 1067 4072 quavis
1096 4011 1350 4070 cautione,
1386 4028 1455 4060 re·
1543 4015 1744 4062 tiletum
1760 4027 1846 4064 ant
1867 4017 2079 4066 fabulam
2101 3997 2382 4066 snb-ulliac-

420 4087 711 4156 promittere
734 4087 973 4136 neminem
994 4089 1190 4138 nomine
1210 4090 1453 4138 heredita-
1618 4095 1665 4142 5.
1689 4095 1788 4157 Qui
1813 4094 1938 4143 nihi!
1959 4098 2217 4146 amitteret.
2239 4097 2438 4162 Quippe
2462 4113 2574 4160 qne
