2984 4684
726 393 832 462 IN
881 391 1308 462 VERREM
1361 307 1573 456 Aci:
1616 389 1723 473 11,
1772 389 1963 456 LIB.
2010 391 2107 458 11.
2340 387 2483 475 463

365 513 792 584 testimoniis
821 524 1188 598 accusant,
1220 523 1656 606 queruntur,
1680 497 2049 606 arguunt&
2082 515 2141 581 si
2171 526 2257 582 tu
2284 511 2489 584 abso-

363 624 556 694 lutus
592 627 688 694 sis
709 675 728 708 ‚
761 619 1090 693 funditus
1133 643 1414 692 eversas
1447 643 1525 689 se
1552 641 1705 692 esse
1742 617 2207 690 arbitrantur.

459 737 742 805 XLVII.
787 738 940 802 Hoc
975 731 1064 802 de
1101 730 1438 818 homine,
1485 751 1571 798 ac
1607 727 1697 798 de
1732 727 1953 823 hujus
1988 726 2237 809 bonis,
2274 731 2489 802 etiam

361 849 437 915 in
466 847 774 940 Erycino
796 853 814 884 ¹
856 855 1104 912 monte
1137 852 1695 924 monumentum
1734 851 2027 908 tuorum
2054 837 2491 934 flagitiorum

365 953 952 1050 crudelitatisque
995 951 1302 1049 posuisti
1345 977 1360 1018 ε
1417 951 1494 1018 in
1540 971 1691 1043 quo
1728 945 2007 1017 Sthenii
2049 946 2493 1020 Thermitani

365 1087 634 1136 nomen
665 1061 1104 1158 adscriptum
1133 1073 1240 1130 est
1259 1070 1312 1128 ².
1349 1057 1515 1130 Vidi
1538 1053 1566 1098 ³
1598 1070 2020 1153 argenteum
2058 1055 2491 1154 Cupidinem

365 1199 531 1247 cum
583 1170 934 1270 lampade.
986 1168 1185 1261 Quid
1237 1167 1573 1240 tandem⁴
1624 1165 1882 1238 habuit
1914 1169 2321 1262 augumenti
2368 1182 2493 1238 aut

366 1286 664 1357 rationis
705 1307 818 1353 res
837 1337 856 1370 ‚
901 1279 1376 1378 quamobrem
1419 1283 1494 1350 in
1543 1303 1633 1349 eo
1668 1279 2123 1376 potissimum
2164 1277 2493 1351 Sthenia-

370 1420 546 1467 num
589 1395 958 1492 praemium
1011 1389 1450 1489 poneretur?
1488 1403 1737 1460 utrum
1790 1388 1931 1458 hoc
1971 1389 2257 1485 signum
2293 1391 2493 1486 c'upi-

368 1502 606 1573 ditatis
635 1517 776 1574 tuae
794 1555 813 1589 ‚
833 1527 924 1572 an
953 1515 1306 1598 tropoeum
1341 1498 1891 1570 necessitudinis
1916 1515 2137 1596 atque
2162 1497 2459 1596 hospitii
2477 1553 2501 1586 ,

369 1639 462 1684 an
495 1616 760 1684 amoris
789 1611 1138 1682 indicium
1181 1635 1331 1680 esse
1359 1610 1703 1681 voluisti?
1744 1612 2043 1682 Faciunt
2080 1607 2223 1681 hoc
2258 1609 2497 1683 homi-

371 1748 498 1795 nes
518 1779 538 1812 ,
575 1748 758 1821 quos
789 1726 866 1793 in
893 1745 1173 1792 summa
1206 1721 1527 1816 nequitia
1558 1746 1709 1792 non
1744 1720 1981 1792 solum
2006 1719 2235 1792 libido
2268 1735 2339 1792 et
2366 1745 2493 1790 vo-

299 1909 304 1912 ,
372 1834 637 1930 luptas‚
665 1858 920 1904 verum
953 1836 1166 1903 etiam
1193 1833 1424 1930 ipsius
1457 1833 1798 1927 nequitiae
1828 1829 2015 1903 fama
2044 1831 2384 1917 delectat,
2420 1847 2503 1908 ut

373 1942 614 2014 multis
666 1947 744 2014 in
803 1943 978 2014 locis
1027 1957 1237 2014 notas
1281 1966 1362 2013 ac
1407 1943 1709 2040 vestigia
1751 1941 2101 2014 scelerum
2125 1941 2151 1986 ⁵
2198 1967 2501 2014 suorum

375 2053 687 2149 relinqui
715 2053 958 2124 velint.
991 2051 1308 2124 Ardebat
1340 2077 1585 2124 amore
1616 2053 1805 2125 illius
1832 2052 2173 2152 hospita»,
2200 2069 2501 2151 propter

373 2185 592 2259 quam
620 2161 912 2260 hospitii
934 2164 1100 2258 jura
1125 2163 1424 2234 violarat
1451 2189 1466 2232 τ
1502 2163 1645 2234 hoc
1674 2184 1825 2236 uon
1854 2164 2089 2235 solum
2114 2167 2278 2235 sciri
2305 2178 2460 2238 tum
2482 2219 2503 2252 ‚

373 2297 624 2344 verum
650 2275 864 2344 etiam
897 2277 1448 2345 commemorari
1483 2297 1771 2370 semper
1790 2269 2100 2346 volebat.
2126 2278 2381 2370 Itaque
2410 2299 2503 2344 ex

377 2381 493 2452 illa
533 2386 698 2480 ipsa·
717 2407 796 2452 re
823 2436 842 2468 ‚
877 2407 1097 2478 quam
1117 2391 1541 2466 ‚accusante
1574 2383 1963 2480 Agathin0‚
1994 2398 2340 2479 gesserat,
2360 2388 2509 2458 ,Ve-

379 2497 536 2564 neri
576 2495 1026 2591 potissimum
1071 2490 1320 2562 deberi
1361 2495 1735 2588 praemium
1776 2496 2026 2564 statuit
2044 2547 2064 2577 ‚
2110 2517 2271 2588 quae
2312 2493 2506 2564 illam

382 2615 602 2672 totam
629 2604 1156 2673 accusationem
1183 2599 1687 2698 judiciumque
1717 2599 2059 2701 conflat-at
2080 2598 2135 2671 ⁶.
2170 2607 2505 2673 Putarem

449 2771 654 2824 XLVII.
686 2791 730 2825 1.
752 2771 903 2838 Vulg.
921 2775 1078 2837 Eryco
1093 2792 1114 2831 ,·
1129 2775 1182 2822 P.
1201 2775 1395 2822 Manut.

381 2857 552 2920 Eryco.
571 2859 622 2906 J.
639 2857 707 2904 V.
729 2857 783 2902 L.

453 2952 502 2984 a.
513 2936 702 2983 Nomen
721 2933 1016 2999 adscriptum
1033 2945 1116 2982 esc.
1138 2933 1266 2984 Nam
1283 2933 1401 2982 ocri-

385 3025 522 3078 ptum
552 3023 604 3061 vet
641 2998 846 3062 incisum
872 3025 971 3074 est,
1003 3030 1068 3061 ex
1097 3013 1284 3061 Sthenii
1314 3011 1397 3060 da-

385 3094 536 3142 mnati
567 3094 713 3142 bonis
746 3094 842 3142 hoc
881 3109 984 3142 esse
1016 3093 1202 3141 donnm
1219 3093 1401 3142 Veneri

385 3173 611 3222 dicatum.
631 3173 810 3222 Exacta
833 3183 946 3222 sunt
971 3175 1100 3222 enim
1135 3189 1163 3224 a
1197 3173 1400 3223 ath-io

387 3253 491 3298 11-s
521 3243 784 3316 quingenta
811 3251 976 3302 millia.
1007 3280 1074 3290 -
1103 3259 1400 3318 Argenteum

389 3329 669 3394 Cupidinem
695 3345 802 3376 cum
837 3331 1081 3394 lampade.
1114 3331 1406 3379 Garatonins

388 3406 635 3469 intelligit,
653 3423 754 3456 non
771 3408 854 3456 hie
875 3409 1112 3471 lychnum
1124 3425 1226 3458 esse
1245 3411 1406 3474 pensi-

387 3486 514 3544 lem,
541 3495 598 3532 nt
630 3486 857 3533 nonnulli
881 3489 1286 3552 interpretantur,
1316 3489 1404 3538 sod

390 3565 542 3612 facem
567 3573 837 3628 argenteam
871 3567 924 3612 in
965 3567 1222 3632 Cupidinis
1259 3583 1406 3616 mann

392 3643 630 3708 positam3
681 3659 834 3708 quum
883 3645 1150 3708 praesertim
1203 3648 1406 3695 verbnm

390 3723 514 3771 illud
533 3722 661 3771 idem
679 3723 868 3786 lampas
881 3715 1142 3772 in'Tibqu
1162 3737 1406 3788 occurrat,

392 3803 510 3851 facis
529 3804 634 3850 viee
651 3803 893 3868 potitum:
927 3825 952 3844 α
971 3803 1106 3852 Illius
1137 3821 1199 3853 ex
1221 3805 1376 3856 oculis
1392 3840 1408 3866 ,

393 3898 543 3944 quum
585 3882 693 3930 vult
729 3897 930 3929 exurere
965 3881 1144 3942 Divos,
1171 3883 1410 3933 Accendit

395 3963 606 4024 geminas
631 3961 876 4026 lnmpedan
901 3977 1012 4010 acer
1027 3963 1231 4011 Amor».

461 4042 506 4089 3.
535 4043 723 4090 Emen.
747 4043 860 4089 svh.
887 4041 1026 4092 Vide.
1057 4042 1244 4090 Mundo
1265 4053 1412 4092 nota·

399 4119 500 4168 bili.
525 4121 556 4168 J
563 4123 645 4168 .V.
666 4123 718 4169 L.

1561 2785 1610 2832 4.
1642 2775 1773 2838 Quid
1796 2775 2006 2824 tandem.
2046 2777 2169 2838 Quae
2205 2791 2344 2823 causa
2384 2777 2507 2840 fuit,

1488 2869 1600 2917 qua
1615 2855 1756 2914 ratio,
1775 2855 2091 2919 quamobrem
2112 2855 2163 2903 in
2184 2857 2389 2904 Veneris
2409 2873 2509 2921 po-

1489 2933 1725 2982 tissimum
1748 2935 1929 2998 templo
1942 2971 1957 2996 ,
1984 2935 2171 2986 sihenii
2190 2935 2317 2984 bona
2334 2972 2349 2996 ,
2368 2937 2509 3002 quui

1485 3015 1737 3078 praequm
1787 3013 1989 3077 aliquod
2023 3015 2202 3062 Veneri
2258 3014 2473 3064 debitum
2492 3051 2507 3074 ,

1487 3094 1823 3157 ponerentur?
1857 3093 2133 3141 Posuistine
2171 3094 2412 3156 avaritiae,
2443 3111 2505 3142 an

1489 3182 1584 3222 ωσι
1612 3173 1667 3220 in
1702 3171 2003 3222 observanda
2037 3173 2247 3224 amicitia
2274 3171 2417 3232 fidei3
2444 3190 2509 3222 nn

1490 3251 1547 3300 in
1568 3249 1879 3302 Callidamam
1916 3251 2081 3316 (supra
2122 3269 2230 3320 cap.
2262 3249 2349 3320 36)
2375 3269 2509 3301 nmo-

1493 3331 1561 3377 ris
1588 3343 1955 3379 monumentum
1975 3333 1997 3378 Ρ

1568 3409 1615 3458 5.
1636 3409 1851 3458 Lambin.
1868 3409 2038 3458 maluit
2037 3401 2513 3478 flagffioruniqnod

1490 3491 1631 3536 etiam
1658 3489 1909 3554 amplexus
1944 3502 2017 3540 est
2052 3489 2245 3538 schim.
2272 3517 2343 3526 —
2364 3491 2513 3538 Istius

1491 3568 1631 3616 modi
1652 3568 1875 3617 homines
1889 3570 2111 3636 depictos
2136 3569 2351 3616 invenias
2376 3569 2509 3634 apud

1493 3647 1743 3711 Theophr.
1792 3649 2011 3698 Char-act.
2034 3650 2107 3695 VI
2118 3682 2132 3706 ‚
2180 3647 2296 3696 edit.
2330 3649 2509 3714 corcy,

1494 3743 1615 3855 1³²2·-
1626 3729 1901 3873 xifius-ae.
1928 3805 2009 3855 Ob
2028 3767 2243 3854 amorem
2269 3806 2397 3854 enim
2420 3807 2512 3854 ho-

1496 3886 1635 3950 spitae
1656 3883 1933 3933 Callidama-
1946 3919 1961 3944 ,
1983 3885 2123 3946 eujus
2140 3895 2187 3932 et
2204 3885 2281 3933 vir
2304 3895 2353 3933 et
2378 3897 2511 3950 pater

1499 3964 1683 4012 inimici
1711 3975 1847 4012 erunt
1866 3964 2105 4026 Sthenio,
2134 3975 2325 4028 mepta
2356 3976 2457 4012 erat
2482 3979 2511 4012 ι

1500 4047 1677 4110 Verre,
1708 4042 1787 4090 ina
1816 4043 1877 4091 de
1913 4043 2065 4092 literis
2104 4045 2351 4109 corruptis
2374 4057 2515 4092 neen-

1502 4122 1637 4169 satio.
