2984 4684
535 329 675 415 448
1178 331 1274 398 Μ.
1322 331 1403 398 Τ.
1456 329 2015 399 CICERONIS

536 456 711 526 scite
746 451 933 524 facta
967 465 1043 522 et
1080 465 1401 522 venuste.
1452 454 1622 520 Haec
1655 465 1731 522 et
1773 450 1908 520 alia
1949 448 2190 545 Scipio
2233 473 2388 520 non
2435 450 2676 547 negli-·

534 577 787 660 genter
822 559 1212 656 abjecerat,
1266 575 1351 631 ut
1392 561 1620 632 homo
1655 558 2064 657 intelligens
2100 562 2354 630 Verres
2381 559 2678 634 auferre

536 686 825 770 posset;
886 671 1009 742 sed
1050 669 1530 742 Thermitanis
1577 670 1988 742 restituerat
2023 697 2042 740 :
2085 693 2236 738 non
2297 693 2452 765 quo
2507 671 2672 768 ipse

536 782 819 865 hortos;
860 795 987 852 aut
1026 777 1527 852 suburbanum
1548 834 1569 867 ‚
1599 794 1726 850 aut
1761 780 2002 850 locum
2038 781 2374 864 omnino,
2417 775 2544 848 ubi
2581 803 2674 850 ea

538 906 881 994 poneret,
914 890 1197 962 nullum
1230 891 1530 962 haberet
1557 917 1577 979 ς
1615 890 1744 960 sed
1783 891 1842 962 si
1879 888 2184 959 domum
2219 885 2670 972 abstulisset,

537 1029 687 1075 non
722 1001 851 1072 diu
884 1002 1242 1099 Scipionis
1264 999 1824 1098 appellarentur,
1853 999 1978 1070 sed
2007 1023 2260 1068 eorum
2278 1052 2300 1086 ‚
2331 995 2422 1068 ad
2455 1023 2674 1094 quos-

536 1137 853 1210 cumque
884 1113 1113 1208 ipsius
1150 1125 1383 1182 morte
1408 1111 1817 1180 venissent:
1855 1133 2052 1179 nunc
2079 1109 2193 1179 his
2231 1107 2406 1180 locis
2433 1109 2672 1206 posita

534 1236 734 1309 sunt,
770 1234 850 1292 ut
888 1219 1065 1290 mihi
1098 1243 1385 1318 semper
1418 1220 1774 1317 Scipionis
1809 1217 1964 1290 fore
1987 1217 2392 1304 videantur,
2417 1221 2668 1316 itaque

538 1332 891 1404 dicantur.

630 1446 955 1514 XXXVI.
998 1447 1165 1514 Haec
1208 1466 1439 1538 quum
1482 1442 1616 1512 iste
1661 1453 2026 1538 posceret,
2069 1454 2550 1537 agereturque
2585 1463 2674 1510 ea

534 1577 651 1624 res
672 1555 749 1622 in
788 1566 1037 1623 senatu
1070 1579 1085 1621 :
1121 1549 1463 1622 Sthenius
1490 1549 2120 1620 vehementissime
2148 1553 2448 1637 restitit;
2483 1549 2670 1620 mul-

536 1677 797 1760 taque,
856 1677 939 1731 ut
975 1665 1053 1733 in
1098 1663 1349 1758 primis
1402 1659 1812 1732 Siculorum
1861 1661 1936 1730 in
1978 1658 2288 1731 dicendo
2329 1664 2672 1758 copiosus

540 1787 685 1856 est,
724 1773 1318 1844 commemoravit
1354 1799 1369 1840 :
1418 1768 1681 1841 urbem
1727 1769 2137 1866 relinquere
2167 1769 2672 1840 Thermitanos

536 1906 691 1953 esse
736 1881 1144 1967 honestiu3‚
1182 1904 1401 1977 quam
1434 1881 1623 1978 pati,
1664 1877 1826 1950 tolli
1859 1903 1950 1950 ex
1985 1877 2170 1950 urbe
2197 1893 2674 1949 monumenta

533 1989 892 2083 majorum
914 2043 935 2072 ‚
984 1987 1214 2084 spolia
1260 1989 1620 2076 hostium,
1672 1985 2028 2060 beneficia
2079 1988 2452 2060 clarissimi
2501 1991 2672 2073 viri,

530 2098 795 2169 indicia
828 2103 1185 2170 societatis
1220 2098 1477 2198 populi
1509 2103 1792 2171 romani
1819 2115 2040 2197 atque
2071 2101 2420 2171 amicitiae.
2453 2105 2673 2170 Com-

531 2209 715 2276 moti
758 2208 981 2276 animi
1016 2223 1188 2278 sunt
1230 2211 1564 2279 omnium
1597 2237 1612 2277 :
1664 2224 1996 2307 repertus
2033 2225 2144 2281 est
2180 2233 2444 2296 nemo,
2491 2211 2674 2304 quin

534 2318 722 2388 mori
748 2315 1023 2388 diceret
1048 2319 1275 2390 satius
1326 2343 1504 2389 esse.
1559 2323 1812 2417 Itaque
1853 2318 1995 2390 hoc
2029 2317 2268 2390 adhuc
2309 2317 2672 2417 oppidum

534 2431 797 2498 Verres
836 2429 1117 2498 invenit
1158 2453 1387 2528 prope
1420 2429 1658 2500 solum
1701 2430 1776 2500 in
1821 2427 2002 2500 orbe
2038 2444 2438 2515 terrarum,
2475 2427 2674 2498 unde

538 2537 721 2609 nihil
756 2537 1115 2632 ejusmodi
1156 2563 1400 2610 rerum
1448 2539 1540 2610 de
1579 2537 1876 2637 publico
1919 2563 2052 2636 per
2085 2541 2278 2626 vim,
2313 2538 2502 2608 nihil
2545 2561 2672 2607 oc-

540 2648 733 2720 culte
754 2701 775 2735 ,
823 2647 1003 2718 nihil
1036 2650 1382 2745 imperi0‚
1412 2647 1597 2718 nihil
1625 2651 1887 2744 gratia,
1925 2647 2108 2718 nihil
2137 2649 2400 2744 pretio¹
2431 2660 2678 2745 posset

538 2756 841 2830 auferre.
852 2761 1369 2830 Verumtamen
1399 2757 1615 2829 hasce
1632 2758 1850 2853 hujus
1865 2756 2298 2856 cupiditates
2315 2780 2676 2855 exponam

534 2865 675 2936 alio
708 2866 871 2938 loco
906 2894 922 2936 :
958 2891 1157 2938 nunc
1192 2866 1283 2938 ad
1326 2867 1712 2938 Sthenium
1751 2883 2096 2938 revertar.

633 2980 886 3073 ltaque
938 2978 1071 3050 iste
1124 2976 1598 3048 vehementer
1639 2977 1940 3049 Sthenio
1987 2974 2310 3050 infensus
2329 2987 2387 3066 ²,
2431 2976 2675 3073 hospi-

536 3088 719 3158 tium
771 3089 834 3158 ei
888 3089 1296 3174 renuntiat;
1348 3087 1569 3159 domo
1616 3088 1774 3184 ejus
1827 3089 2165 3184 emigrat,
2211 3102 2432 3182 atque
2493 3085 2676 3158 adeo

538 3201 725 3268 exit:
760 3221 933 3268 nam
950 3198 1099 3291 jam
1126 3213 1293 3272 ante
1324 3201 1684 3294 migrarat.
1711 3201 1898 3269 Eum
1933 3213 2176 3268 antem
2203 3197 2676 3268 inimicissimi

536 3409 725 3458 accensi
752 3407 972 3456 sensibus
1006 3425 1133 3471 quos
1162 3409 1335 3458 mirum
1364 3410 1419 3458 in
1456 3426 1562 3458 mo·
1649 3409 1798 3460 Beck.
1829 3427 1884 3458 en
1921 3425 2033 3474 qna
2060 3411 2203 3460 Verr.
2239 3411 2332 3468 IV,
2367 3419 2402 3466 4
2431 3410 2676 3475 leguntur.

538 3489 657 3538 dum
688 3487 945 3551 descripsit
964 3487 1230 3552 Virgilius:
1262 3489 1566 3538 «Excudent
1723 3505 1772 3538 a.
1797 3488 2039 3554 Infans-us.
2069 3489 2257 3539 Metell.
2283 3489 2458 3549 habet,
2495 3491 2680 3537 :iratus

534 3569 617 3616 alii
630 3601 748 3617 .....
772 3567 849 3615 Tu
876 3582 1039 3630 negem
1076 3567 1281 3630 imperio
1316 3568 1558 3632 populos,
1651 3569 1744 3618 iste
1765 3569 2075 3616 vehementer
2101 3569 2307 3618 Sthenio
2334 3581 2484 3632 atque
2511 3569 2680 3616 ineen-

534 3647 785 3708 Romane„
820 3657 1065 3696 memento
1093 3660 1107 3696 ε
1160 3648 1252 3694 11ae
1294 3645 1387 3694 tibi
1418 3659 1566 3695 erunt
1651 3649 2120 3712 susm—Hagnone.
2147 3650 2190 3696 1.
2221 3664 2266 3696 e.
2288 3659 2552 3712 antequam
2579 3647 2680 3695 exi-

538 3735 689 3781 arten,
714 3737 806 3772 ete.
830 3749 855 3767 ι-
874 3729 985 3774 AEn.
1002 3729 1098 3784 vl,
1122 3726 1243 3778 6⁴8.
1651 3739 1726 3776 net
1741 3761 1756 3785 ,
1809 3737 1996 3792 partem
2053 3725 2372 3790 supellectilis
2435 3727 2682 3792 exportari

605 3803 849 3853 XXXVI.
878 3821 899 3852 1
914 3842 925 3852 .
952 3805 1090 3852 Nilia
1100 3803 1279 3868 pretio.
1294 3807 1451 3852 Vetus
1474 3822 1564 3854 co·
1645 3808 1871 3866 jusserat.
1895 3805 2056 3854 Multa
2079 3808 2210 3852 enim
2238 3805 2428 3854 Sthenii
2449 3808 2552 3868 jam
2567 3817 2680 3850 nna

534 3879 633 3926 dex
652 3883 893 3944 procat-io.
914 3885 1067 3932 Uneis
1082 3883 1283 3932 inclusit
1299 3887 1490 3934 Erunt.
1505 3897 1566 3934 ut
1650 3886 1750 3934 alio
1775 3885 2070 3934 conferenda
2095 3897 2362 3934 curaverat.
2387 3885 2470 3930 Sic
2487 3871 2684 3930 Erum:

535 3957 679 4020 plane
698 3959 859 4020 spuria
874 3971 925 4008 et
935 3961 1110 4018 aliena,
1122 3963 1259 4026 quod
1268 3965 1446 4010 Verres
1458 3977 1564 4012 non
1651 3963 1832 4013 Schiiu
1854 3977 1904 4012 et
1930 3967 1963 4013 J
1969 4001 1982 4013 .
1998 3967 2058 4012 V.
2071 3969 2128 4013 L.
2153 3963 2314 4010 Possit
2339 3963 2506 4012 forsan
2534 3964 2678 4010 etiam

532 4033 597 4080 sit
632 4051 787 4082 emere
826 4037 1013 4087 solitus.
1046 4041 1137 4088 Cui
1166 4053 1294 4088 reete
1328 4044 1566 4105 opposuit
1652 4042 1883 4106 explicari
1910 4044 2050 4090 locus
2075 4043 2118 4090 si
2139 4040 2353 4106 migma-e
2383 4041 2514 4089 idm
2543 4039 2680 4104 quod
