2984 4684
540 356 678 457 572
1328 361 1874 432 APPENDIX

531 479 725 550 debat
760 495 1029 568 praetor‚
1071 478 1209 545 dies
1240 481 1370 562 juri
1404 481 1695 547 dicundo
1729 480 2084 548 destinatos
2121 477 2258 544 dies
2291 479 2672 545 soesionales

529 601 941 652 vocaverunt.
988 587 1242 650 Horum
1280 587 1385 650 alii
1416 586 1963 678 postulationibus
1981 635 2000 668 ,
2037 585 2144 650 alii
2179 585 2674 675 cognitionibus

530 694 799 758 fuerunt
821 691 1037 757 dicati.
1062 694 1141 757 In
1172 691 1501 782 prioribus
1527 692 1986 758 intendebatur
2010 693 2212 774 actio,
2245 691 2313 755 in
2347 693 2670 782 posterio-

530 799 729 862 ribus.
760 821 917 864 vero
958 798 1045 863 de
1080 821 1157 864 ea
1202 799 1634 887 quaerebatur,
1687 822 1764 865 ac
1811 799 2162 890 litigatores
2215 796 2670 863 audiebantur.

532 903 671 968 Nec
696 904 1003 969 omnibus
1035 902 1301 992 quidem
1344 903 1610 988 diebus,
1661 904 1776 970 sed
1819 905 2001 969 fastis
2033 919 2290 980 tantum
2341 925 2420 966 ac
2465 904 2674 968 inter-

528 1008 674 1074 cisis
690 1057 709 1090 ‚
728 1011 835 1091 jus
862 1009 1081 1074 dicere
1106 1011 1366 1098 proetori
1386 1011 1650 1092 licebat,
1683 1033 1756 1074 ea
1787 1010 1982 1075 etiam
2011 1008 2390 1074 conditione
2415 1025 2493 1072 ut
2520 1009 2670 1072 fasti

526 1116 682 1197 toti3
712 1116 1164 1182 intercisorum
1196 1137 1351 1180 vero
1376 1138 1524 1205 pars
1555 1131 1812 1180 tantum
1839 1131 1904 1180 et
1927 1117 2106 1180 hora
2130 1131 2320 1186 certae
2345 1114 2502 1178 huic
2525 1137 2678 1178 mu-

540 1221 681 1286 neri
701 1221 1387 1304 attribuerenturNid.
1416 1221 1499 1285 ad
1527 1221 1868 1286 caleverr.
1893 1222 1924 1285 I
1947 1221 2100 1285 Exc.
2129 1219 2212 1284 de
2233 1221 2421 1286 Praet.
2441 1221 2602 1285 Urb.

622 1327 865 1392 Diebus
892 1328 1103 1410 fastis,
1146 1325 1215 1391 id
1246 1343 1345 1410 est
1363 1375 1382 1411 ,
1417 1327 1650 1394 diebus
1668 1377 1687 1404 ‚
1721 1327 1964 1416 quibus
1989 1327 2252 1416 praetori
2277 1326 2512 1392 licebat
2537 1326 2670 1407 juri

530 1431 820 1498 dicundo
848 1457 1075 1498 vacare
1095 1483 1115 1516 ,
1143 1435 1197 1498 si
1228 1432 1363 1500 dies
1386 1433 1902 1524 postulationum
1927 1450 2129 1510 esset,
2155 1433 2524 1521 postulabat
2552 1435 2666 1522 qui

528 1539 993 1628 postulandum
1025 1540 1305 1606 habebat
1338 1540 1588 1630 aliquid
1619 1563 1850 1606 eorum
1883 1563 2030 1629 quae
2071 1562 2270 1629 supra
2305 1539 2666 1605 retulimus

538 1646 847 1710 Ceterum
886 1645 1399 1734 postulationum
1450 1647 1617 1712 ratio
1659 1668 1796 1711 non
1835 1663 1974 1712 erat
2011 1646 2380 1727 temeraria,
2425 1669 2546 1710 nec
2587 1648 2668 1710 ab

529 1751 806 1837 ‘arbitrio
842 1751 1220 1840 pendebat:
1254 1751 1369 1816 sed
1392 1739 1845 1841 postulabatur
1879 1775 1954 1816 ea
1985 1749 2227 1832 forma,
2265 1773 2414 1840 quae
2443 1752 2512 1814 in
2545 1753 2672 1816 sin-

531 1859 699 1946 gulis
734 1859 893 1948 legis
934 1857 1299 1923 actionibus
1341 1860 1575 1947 scripta
1609 1875 1765 1922 erat.
1811 1855 1991 1942 Quid
2028 1858 2159 1922 sint
2187 1855 2346 1946 legis
2382 1857 2670 1923 actiones

532 1963 725 2028 docet
753 1964 1157 2053 Pomponius
1205 1963 1289 2029 de
1318 1965 1572 2054 origine
1595 1965 1761 2044 juris
1783 2011 1802 2046 ,
1837 1964 1940 2028 his
1967 1964 2184 2028 verbis
2215 1987 2232 2027 τ
2275 1995 2298 2016 κ
2319 1963 2414 2028 Ex
2445 1963 2548 2028 his
2574 1964 2670 2028 le—

531 2071 721 2158 gibus
758 2067 917 2156 [XII
950 2071 1165 2160 tabb.]
1194 2057 1426 2136 eodem
1460 2089 1756 2160 tempore
1789 2073 1924 2136 fere
1963 2071 2250 2134 actiones
2293 2071 2674 2157 composita

532 2191 722 2256 sunt,
756 2175 995 2262 quibus
1027 2176 1199 2240 inter
1230 2197 1299 2240 se
1336 2176 1638 2241 homines
1673 2174 2141 2264 disceptarent,
2189 2197 2353 2262 quas
2383 2175 2670 2239 actiones

536 2303 621 2344 ne
634 2281 943 2369 populus,
968 2297 1168 2370 prout
1178 2283 1391 2364 vellet,
1410 2282 1804 2364 institueret,
1819 2297 2045 2362 certas,
2061 2280 2516 2368 solemnesque
2533 2305 2669 2346 esse

490 2375 497 2384 ⁶
532 2386 917 2476 voluer-unu
956 2402 1022 2450 et
1054 2387 1413 2478 appellatur
1447 2386 1588 2452 hoec
1617 2407 1764 2474 pars
1795 2385 1957 2466 juris
1975 2433 1995 2466 ,
2020 2385 2178 2475 legis
2196 2432 2214 2466 ,
2245 2385 2312 2449 id
2339 2400 2470 2468 est,
2511 2387 2670 2476 legi·

531 2509 703 2556 tnmae
737 2492 1023 2581 actiones
1040 2522 1086 2559 υ.
2584 2553 2588 2558 ,

618 2597 791 2662 Hinc
828 2595 1137 2664 discimus
1166 2599 1453 2664 actiones
1501 2599 1688 2687 plane
1729 2619 1958 2663 omnes
1991 2598 2179 2662 certis
2211 2598 2512 2662 formulis
2547 2598 2664 2662 ad-

530 2703 781 2770 strictas
796 2751 817 2784 ‚
858 2704 1340 2791 verborumque
1395 2703 1694 2768 cancellis
1741 2703 2260 2791 circumscriptas
2313 2704 2532 2768 fuisse.
2593 2706 2663 2768 ln

541 2809 775 2874 harum
800 2811 1231 2898 conceptione
1250 2832 1483 2898 magna
1501 2809 1718 2874 cautio
1745 2808 2200 2892 adhibebatur,
2223 2831 2310 2874 ne
2323 2810 2510 2873 aliter
2523 2832 2670 2898 age-

536 2931 719 2980 retur
748 2937 943 3003 quam
968 2931 1327 3003 oporteret3
1358 2933 1425 2982 et
1452 2931 1530 2980 ut
1560 2930 1706 3003 apte
1737 2931 1803 2978 et
1833 2935 2126 3002 congrue
2145 2913 2426 2979 formula
2456 2917 2666 2980 conci·

538 3037 819 3116 peretur.

618 3129 1097 3218 Compar-ebant
1125 3131 1489 3218 perscriptae
1526 3131 1594 3194 i'n
1627 3129 1776 3194 albo
1809 3131 2124 3220 praetoris.
2175 3129 2275 3194 Ad
2311 3151 2418 3193 eas
2459 3129 2664 3217 litiga·

536 3251 709 3298 tores
741 3234 957 3300 stricte
980 3234 1284 3323 agebant3
1310 3251 1375 3300 et
1397 3235 1679 3300 formula
1697 3237 1808 3323 qui
1829 3235 2100 3300 cadebat
2115 3282 2134 3317 ,
2169 3257 2360 3300 causa
2379 3233 2666 3299 cadebat.

534 3340 759 3405 Cicero
786 3363 907 3430 pro
936 3341 1017 3424 Q.
1036 3341 1116 3404 R.
1137 3341 1451 3405 Comoedo
1470 3390 1488 3422 ,
1509 3364 1646 3429 cap.
1671 3343 1711 3407 8
1730 3363 1746 3404 τ
1763 3341 1972 3406 «Sunt
1993 3340 2161 3422 jura,
2187 3357 2345 3404 sunt
2377 3339 2668 3404 formulae

537 3445 621 3512 de
650 3444 957 3511 omnibus
992 3445 1193 3510 rebus
1224 3446 1597 3512 constitutae
1617 3495 1636 3526 ,
1677 3469 1760 3510 ne
1797 3446 1944 3534 quis
1981 3461 2093 3510 aut
2123 3445 2190 3508 in
2225 3467 2464 3534 genere
2499 3444 2666 3524 inju-

535 3551 681 3633 riae,
738 3567 857 3618 aut
898 3552 969 3616 in
1016 3550 1267 3616 ratione
1306 3552 1582 3617 actionis
1633 3573 1844 3616 errare
1875 3551 2097 3639 possit.
2145 3551 2478 3640 Expressae
2524 3565 2670 3614 sunt

536 3658 713 3722 enim
749 3682 831 3723 ex
862 3657 1063 3722 unius
1097 3658 1415 3746 cujusque
1450 3655 1694 3722 damno
1711 3705 1731 3740 ,
1769 3655 2032 3738 dolore,
2079 3654 2533 3736 incommodo,
2563 3678 2668 3718 ca-

534 3763 848 3847 lamitate,
886 3764 1150 3847 injuria,
1184 3763 1460 3853 publicae
1490 3787 1528 3826 a
1561 3778 1836 3852 praetore
1869 3763 2200 3844 formulae,
2235 3761 2320 3826 ad
2350 3784 2512 3849 quas
2544 3761 2672 3849 pri·

535 3885 679 3933 vata
720 3869 797 3934 lis
832 3870 1361 3936 accommodatur
1378 3901 1427 3934 υ.
1480 3870 1793 3960 Quinque
1825 3891 1905 3933 ex
1951 3869 2158 3933 causis
2201 3867 2485 3934 formula
2527 3866 2668 3954 quis

535 3973 841 4042 cecidisse
896 3977 1268 4062 videbatur,
1323 3999 1487 4067 quas
1532 3978 1634 4042 his
1699 3975 2168 4065 quaestionibus
2221 3974 2669 4062 complectitur

535 4081 811 4163 Quintil.
844 4083 959 4164 111,
988 4081 1047 4146 8.
1073 4083 1175 4146 An
1198 4083 1383 4165 huic;
1412 4104 1494 4146 an
1531 4105 1684 4147 cum
1710 4082 1876 4163 hoc;
1901 4105 1982 4146 an
2021 4082 2142 4146 hac
2170 4082 2350 4170 lege3
2383 4102 2465 4143 an
2501 4075 2670 4168 apud

2919 606 2922 720 Ι
