2984 4684
466 413 609 496 420
1110 387 1205 477 M.
1257 411 1332 477 T.
1396 403 1962 477 emt-:Roms

462 533 555 604 ab
600 531 947 602 institutis
982 512 1483 627 superiorum,
1527 528 1620 598 ab
1663 531 2088 598 auctoritate
2139 531 2468 614 senaim,
2515 526 2610 598 ab

454 644 621 739 jure
658 643 989 714 omnium
1036 639 1443 711 Siculorum
1485 665 1580 710 ne
1616 636 2018 712 recedatur.

558 755 747 822 XVI.
814 750 1009 843 Quid
1058 774 1193 848 ego
1244 752 1451 822 istius
1501 752 1573 820 in
1609 749 1774 844 jure
1819 747 2140 820 dicundo
2181 746 2554 819 libidinem
2581 760 2603 790 ¹

460 861 987 935 demonstrem?
1000 863 1164 958 quis
1184 875 1506 932 vestrum
1529 885 1680 930 non
1699 885 1786 930 ex
1805 857 2088 930 urbana
2105 857 2610 953 jurisdictione

460 974 799 1073 cognovit
820 974 849 1042 Ρ
872 974 1037 1070 quis
1076 994 1427 1068 umquam
1450 1026 1469 1056 ,
1497 971 1639 1040 isto
1675 982 1984 1066 praetore
2007 1023 2028 1055 ‚
2063 965 2466 1040 Chelidone
2493 971 2608 1037 in-

459 1085 601 1154 vita
624 1133 645 1164 ,
682 1083 838 1179 lege
864 1091 1109 1178 agere²
1140 1076 1428 1178 potuit?
1454 1083 1520 1152 N
1524 1104 1620 1149 on
1653 1083 1996 1166 istum‚ut
2029 1102 2180 1148 non
2209 1080 2571 1150 neminem
2589 1133 2610 1159 ,

458 1195 831 1292 provincia
870 1193 1242 1288 corrupit:
1276 1190 1469 1261 idem
1515 1187 1690 1276 fuit,
1727 1189 1854 1286 qui
1897 1191 2168 1258 Romae.
2211 1188 2458 1276 Quum
2497 1187 2568 1258 id
2589 1243 2608 1270 ‚

460 1303 663 1400 quod
698 1325 955 1373 omnes
988 1300 1521 1397 intelligebant,
1555 1299 1828 1370 diceret
1863 1298 2266 1385 Heraclius,
2300 1297 2418 1393 jus
2454 1322 2610 1370 esse

458 1430 737 1486 certum
776 1413 1075 1499 Siculis,
1118 1413 1309 1484 inter
1359 1436 1437 1482 se
1490 1435 1644 1508 quo
1693 1409 1862 1505 jure
1913 1425 2306 1498 certarent;
2373 1410 2612 1508 legem

462 1549 617 1597 esse
672 1523 1071 1622 Rupiliam,
1096 1547 1317 1620 quam
1356 1526 1431 1593 P.
1468 1520 1803 1618 Rupilius
1845 1544 1934 1592 ex
1971 1524 2039 1591 S.
2068 1516 2184 1592 C.³
2227 1518 2318 1591 de
2356 1520 2612 1593 decem

462 1634 865 1730 legatorum
908 1635 1267 1705 sententia
1316 1631 1670 1716 dedisset3
1725 1630 1863 1701 hoc
1905 1653 2158 1702 omnes
2207 1655 2494 1728 semper
2531 1634 2610 1703 in

460 1743 695 1815 Sicilia
732 1741 1065 1813 consules
1100 1757 1591 1840 praetoresque
1623 1765 1940 1812 servasse
1971 1767 1988 1810 ε
2037 1741 2326 1837 negavit
2373 1764 2452 1812 se
2487 1744 2608 1837 ju-

459 1853 655 1926 dices
684 1877 725 1922 e
751 1853 908 1950 lege
935 1852 1221 1949 Rupilia
1242 1854 1713 1936 sortiturum3
1738 1853 2067 1948 quinque
2089 1849 2396 1945 judiceS,
2426 1875 2612 1947 quos

456 1961 931 2034 commodum
972 1962 1111 2058 ipsi
1144 1960 1307 2048 fuit,
1323 1959 1541 2033 dedit.
1579 1959 1777 2050 Quid
1813 1959 1952 2032 hoc
1989 1960 2321 2032 homine⁴
2349 1959 2612 2032 facias?

464 2189 817 2280 scriptum
861 2180 997 2252 tibi
1037 2207 1269 2278 quum
1304 2195 1528 2268 esset,
1573 2180 1798 2252 homo
1830 2181 2218 2252 deterrime
2251 2195 2325 2252 et
2367 2186 2608 2279 impu·

463 2295 883 2365 (lentissime
901 2347 921 2380 ,
935 2291 1556 2388 quemadmodum
1576 2295 1770 2362 inter
1787 2291 2064 2362 Siculos
2079 2289 2358 2388 judices
2380 2289 2610 2378 dares3
2673 2292 2680 2300 ’

464 2427 695 2502 quum
716 2404 1169 2499 imperatoris
1192 2402 1448 2501 populi
1466 2403 1754 2472 romani
1771 2405 2180 2491 auctoritas,
2207 2402 2612 2499 legatorum

464 2516 759 2599 decem,
796 2537 1247 2585 summorum
1288 2512 1708 2601 hominum,
1746 2512 2093 2610 dignitas,
2146 2525 2612 2584 senatuscon-

465 2625 738 2696 sultum
776 2624 1257 2695 intercederet
1279 2679 1300 2712 ,
1342 2624 1554 2719 cujus
1597 2624 1932 2694 consulto
1963 2626 2039 2693 P.
2071 2621 2404 2721 Rupilius
2429 2620 2520 2693 de
2543 2627 2613 2691 X

464 2736 866 2830 legatorum
888 2738 1245 2805 sententia
1272 2734 1468 2832 leges
1486 2736 1564 2804 in
1591 2733 1828 2805 Sicilia
1855 2735 2355 2822 constituerat;
2379 2758 2614 2830 quum

468 2867 760 2928 omnes,
784 2856 954 2913 ante
978 2858 1052 2914 te
1081 2858 1506 2940 praetorem,
1545 2845 1870 2940 Rupilias
1906 2843 2098 2940 leges
2135 2857 2208 2914 et
2243 2845 2320 2914 in
2355 2848 2614 2915 ceteris

468 2950 689 3023 rebus
710 3006 730 3038 ,
780 2967 855 3023 ct
894 2953 971 3020 in
1006 2950 1295 3047 judiciis
1328 2956 1640 3025 maxime
1679 2953 2182 3026 observassent
2217 2983 2232 3024 ε
2275 2969 2356 3026 tu
2395 2979 2641 3026 ausus·

468 3089 545 3134 es
584 3085 717 3161 pro
762 3061 987 3132 nihilo
1033 3087 1179 3160 prae
1218 3077 1341 3133 tua
1374 3063 1616 3161 praeda
1661 3073 1770 3134 tth
1812 3088 1927 3136 res
1965 3067 2442 3138 sanctissimas
2473 3065 2616 3137 du-

471 3173 679 3246 cere?
706 3171 841 3242 tibi
863 3173 1063 3243 nulla
1090 3173 1205 3244 lex
1234 3170 1413 3245 fuit?
1450 3172 1649 3245 nulla
1678 3176 1967 3272 religio?
1995 3176 2238 3248 nullus
2263 3178 2615 3248 existima-

472 3287 691 3354 tionis
731 3282 1023 3381 pudor?
1066 3283 1313 3355 nullus
1358 3284 1612 3379 judicii
1655 3290 1936 3358 metus?
1977 3287 2250 3360 nullius
2305 3285 2498 3384 apud
2539 3301 2614 3356 te

468 3537 755 3586 risdictione
781 3539 1085 3602 Syracusana
1122 3539 1409 3604 penderent.
1432 3567 1499 3578 —
1663 3559 1714 3592 2.
1759 3547 1886 3610 Lego
1929 3561 2092 3610 agere.
2142 3543 2346 3594 Judicio
2387 3544 2615 3607 experiri.

470 3617 643 3664 mecei.
684 3621 747 3666 Et
792 3627 850 3666 nt
885 3617 1129 3681 eligantur
1160 3620 1351 3682 judiees
1386 3623 1498 3684 qui,
1589 3623 1774 3672 Praetor
1799 3626 2040 3672 actionem
2067 3627 2120 3672 in
2141 3641 2228 3672 eos
2255 3625 2404 3672 dabat
2441 3625 2524 3687 qni
2563 3624 2614 3670 iu

472 3707 571 3744 etc.
620 3723 689 3730 —
734 3697 863 3746 cod.
916 3698 1103 3746 Metell.
1160 3711 1498 3747 convenerant.
1588 3701 1742 3765 legem
1759 3703 1968 3767 anquam
1983 3705 2362 3752 commisissent:
2381 3703 2496 3750 hinc
2509 3701 2617 3765 lege

476 3774 658 3822 Probat
710 3777 946 3825 Garaton.
1000 3777 1146 3829 Male.
1190 3781 1499 3845 Interpungit
1586 3797 1728 3844 agere
1753 3795 1826 3831 est
1837 3783 2082 3844 judicium
2105 3783 2291 3847 exlege
2309 3781 2577 3848 postulare.

472 3853 661 3900 Ernest-
702 3873 724 3894 ι
742 3856 1081 3906 convenirent.
1118 3857 1299 3919 Electi,
1330 3860 1493 3923 quiV.
1663 3861 1711 3908 3.
1745 3861 1894 3908 Multi
1929 3862 2096 3910 delent
2123 3883 2147 3905 ι
2164 3877 2226 3910 ex
2251 3866 2304 3913 S.
2331 3863 2388 3910 C.
2407 3883 2432 3902 ιι
2467 3861 2618 3908 Μιίο.

476 3948 527 3978 v.
542 3952 569 3972 ιι
592 3947 705 3993 quie
730 3934 885 3994 major
909 3933 1163 3984 distinctio
1194 3939 1397 3987 omnino
1428 3949 1502 3987 est
1588 3941 1638 3988 J.
1660 3941 1726 3988 V.
1756 3943 1810 3988 L.

478 4008 673 4070 frflsidn·
1663 4029 1710 4076 ι..
1733 4021 1860 4082 Am,
1885 4021 2038 4068 -imzc
2062 4019 2306 4068 homini».
2328 4019 2459 4068 mv,
2489 4021 2618 4066 1..—

552 4089 686 4135 xVI.
719 4105 761 4136 ι.
796 4088 928 4137 Olim
968 4093 1052 4141 lib.
1086 4105 1136 4140 ee
1170 4097 1365 4144 scelera.
1406 4097 1498 4144 Sed
1589 4099 1743 4144 Vetus
1769 4109 1842 4145 est
1869 4099 2055 4146 locutio
2082 4099 2259 4163 sepius
2287 4109 2618 4162 usurpata.—

476 4165 611 4214 abest
633 4182 660 4213 ι
688 4165 757 4230 pl.
778 4168 923 4216 MSS.
950 4172 1003 4218 J.
1026 4173 1086 4220 V.
1108 4173 1159 4218 L.
1590 4181 1648 4223 1η
1657 4177 1931 4226 cer-cederet.
1955 4179 2286 4226 Inter-veniret.
