2984 4684
488 379 630 454 338
1127 365 1225 445 Μ.
1277 379 1354 444 Τ.
1411 375 1977 446 CICERONIS

479 521 670 576 teras
694 501 1053 589 nationes,
1088 495 1230 568 hoc
1253 500 1364 568 uti
1384 493 1761 595 perfugio‘·
1788 523 1805 565 z
1856 520 2041 593 qu0‚
2070 497 2209 567 nisi
2235 520 2366 570 vos
2393 498 2631 570 vindi-

481 618 658 687 catis
673 666 694 700 ,
720 623 1022 682 utentur
1043 609 1474 680 necessario.
1503 609 2034 705 Lampsacenos
2064 607 2143 677 in
2168 607 2391 678 istum
2413 631 2631 678 num-

479 745 702 823 quam
732 717 882 790 ulla
920 741 1036 790 res
1073 717 1497 812 mitigasset,
1536 717 1677 788 nisi
1712 740 1879 787 eum
1919 739 2177 814 poenas
2212 723 2459 788 Romae
2497 718 2629 790 da-

479 849 732 906 turum
771 825 1265 901 credidissem.
1321 829 1473 899 Etsi
1524 827 1741 899 talem
1786 841 2215 924 acceperant
2248 827 2589 922 injuriam
2610 883 2632 917 ‚

479 968 703 1043 quam
733 939 934 1014 nulla
969 936 1126 1036 lege
1159 941 1330 1011 satis
1356 938 1571 1036 digne
1605 938 1945 1036 persequi
1978 952 2357 1036 poterant3
2382 953 2631 1010 tamen

478 1049 942 1126 incommoda
983 1074 1114 1121 sua
1150 1051 1416 1120 nostris
1429 1045 1479 1104 ⁵·
1502 1049 1964 1120 committere
2006 1045 2290 1146 legibus
2324 1061 2399 1118 et
2434 1047 2633 1143 judi-

477 1166 640 1250 ciis,
661 1186 885 1261 quam
904 1159 1140 1232 dolori
1160 1183 1294 1232 suo
1327 1155 1783 1257 permittere⁶
1806 1157 2247 1230 maluerunt.
2276 1161 2389 1228 Tu
2416 1159 2630 1246 mihi,

481 1299 712 1372 quum
751 1274 1264 1346 circumsessus
1295 1295 1338 1340 a
1381 1284 1532 1342 tam
1568 1269 1831 1340 illustri
1860 1269 2150 1340 civitate
2187 1271 2285 1340 sis
2326 1283 2637 1367 propter

483 1401 695 1456 tuum
727 1382 960 1454 scelus
997 1395 1219 1479 atque
1250 1379 1638 1478 flagitium3
1674 1402 1909 1478 quum
1938 1381 2263 1476 coegeris
2294 1379 2635 1452 homines

485 1493 788 1565 miseros
829 1507 904 1563 et
946 1491 1434 1580 calamitosos,
1465 1492 1676 1588 quasi
1712 1487 2109 1587 desperatis
2144 1493 2415 1561 nostris
2458 1489 2636 1588 legi-

478 1602 622 1675 bus
647 1617 722 1674 et
738 1599 1062 1698 judiciis,
1089 1599 1182 1671 ad
1205 1603 1386 1688 vim,
1417 1599 1510 1672 ad
1538 1623 1820 1688 manus,
1856 1598 1947 1669 ad
1974 1623 2171 1671 arma
2201 1597 2635 1698 confugere;

480 1739 716 1811 quum
745 1728 818 1785 te
844 1715 921 1784 in
951 1711 1242 1811 oppidis
1275 1726 1349 1784 et
1377 1710 1791 1784 civitatibus
1828 1713 2231 1782 amicorum
2258 1736 2412 1783 non
2447 1712 2638 1810 lega-

481 1839 640 1894 tum
677 1821 936 1921 populi
975 1826 1300 1910 romani,
1343 1821 1474 1894 sed
1514 1836 1911 1919 tyrannum
1953 1819 2431 1894 libidinosum
2466 1849 2634 1896 cru-

479 1931 868 2031 delemque
889 1931 1319 2030 praebueris3
1339 1957 1573 2030 quum
1588 1930 1786 2030 apud
1804 1946 2087 2003 exteras
2113 1935 2471 2022 nationes,
2491 1937 2631 2004 im·
2682 1979 2689 1984 -

480 2045 664 2143 perii
685 2042 1147 2137 nominisque
1165 2043 1398 2113 nostri
1417 2039 1683 2112 famam
1708 2045 1852 2113 tuis
1880 2040 2173 2138 probris
2192 2040 2635 2142 flagitiisque

479 2153 808 2240 violaris3
858 2175 1092 2249 quum
1127 2165 1201 2224 te
1239 2175 1332 2224 ex
1366 2149 1561 2222 ferro
1607 2154 2010 2224 amicorum
2050 2154 2305 2252 populi
2350 2161 2640 2228 romani

482 2263 839 2360 eripueris
857 2315 878 2345 ‚
909 2275 1131 2358 atque
1157 2286 1200 2332 e
1231 2260 1521 2334 flamma
1558 2265 1921 2334 sociorum
1959 2264 2265 2336 evolaris
2294 2291 2310 2334 ε
2346 2265 2466 2338 hic
2496 2267 2637 2339 tibi

483 2372 902 2473 perfugium
933 2395 1178 2471 speras
1209 2371 1589 2445 futurum?
1614 2377 1891 2446 Erras⁷:
1920 2388 2006 2445 ut
2028 2375 2177 2448 huc
2212 2375 2637 2468 incideres⁸‚-

483 2509 641 2558 non
689 2497 774 2556 ut
823 2482 942 2556 hic
987 2487 1583 2582 conquiescere5‚
1632 2485 1736 2554 illi
1788 2500 1859 2558 te
1905 2489 2157 2558 vivum
2208 2489 2405 2560 exire
2446 2495 2641 2589 passi

487 2609 682 2669 sunt.

583 2709 913 2778 XXXIII.
962 2708 1052 2776 Et
1086 2706 1189 2776 ais
1211 2715 1263 2793 ¹,
1309 2703 1675 2800 judicium
1706 2726 1863 2778 esse
1910 2703 2181 2777 factum
2206 2757 2229 2790 ‚
2264 2719 2340 2783 te
2376 2706 2645 2801 injuria

487 2819 1044 2889 circumsessum
1076 2838 1234 2887 esse
1264 2817 1674 2914 Lampsaci,
1728 2813 1935 2913 quod
1969 2815 2436 2888 Philodamus
2472 2841 2643 2888 cum

485 2925 637 2997 filio
677 2924 1204 2998 condemnatus
1247 2928 1361 2996 sit.
1401 2927 1650 3018 Quid?
1682 2927 1743 3000 si
1780 2925 2013 2998 doceo
2038 2980 2059 3016 ‚
2098 2930 2157 2999 si
2196 2927 2499 3026 planum
2538 2925 2644 2998 fa·

489 3040 640 3125 cin,
666 3049 848 3108 teste
871 3035 1172 3108 homine
1199 3061 1553 3135 nequam,
1580 3062 1840 3111 verum
1866 3036 1960 3109 ad
1986 3037 2177 3110 hanc
2204 3063 2363 3110 rem
2395 3052 2645 3110 tamen

491 3146 798 3236 idoneO,
847 3160 921 3218 te
963 3147 1124 3245 ipso
1145 3199 1166 3232 ,
1201 3149 1505 3245 inquam
1524 3205 1546 3239 ‚
1587 3163 1771 3221 teste
1803 3147 2035 3221 doceo
2049 3159 2105 3236 ²,
2137 3163 2213 3221 te
2249 3147 2469 3246 hujus
2503 3149 2646 3220 cir-

493 3411 684 3460 semper
729 3393 792 3441 iis
834 3402 951 3440 sunt
992 3391 1198 3443 obnoxii
1241 3411 1297 3442 nc
1339 3393 1524 3444 devoti.
1612 3395 1794 3447 Clodi:
1818 3413 1923 3445 non
1952 3407 2003 3446 te
2022 3395 2218 3459 judice·
2246 3397 2393 3459 urbi,
2428 3397 2516 3447 ned
2541 3415 2649 3448 car-

565 3485 615 3533 4.
639 3471 892 3539 Per-fiagio.
909 3471 984 3521 Ut
1001 3473 1116 3522 vict
1130 3473 1278 3522 nmis
1297 3473 1394 3541 ipsi
1413 3487 1527 3523 suns
1611 3476 1715 3525 ceri
1762 3485 2099 3538 reservarunt,
2146 3492 2305 3541 neque
2349 3481 2558 3526 retinete
2594 3481 2647 3529 in

491 3555 696 3617 injurias
715 3553 1034 3602 ulciscantur.
1550 3567 1561 3578 ·
1611 3555 2109 3615 eiviut0‚·edexsuio
2122 3556 2319 3621 privare
2330 3555 2648 3608 voluerunt».

567 3637 616 3682 5.
641 3633 723 3682 Sic
750 3633 866 3682 cod.
895 3637 1066 3684 Franc.
1087 3649 1134 3692 1,
1159 3641 1210 3681 ct
1233 3644 1526 3699 receperunt
1686 3635 1739 3683 8.
1789 3633 2056 3685 Incidet-es.
2096 3637 2167 3682 Ut
2198 3635 2253 3683 in
2289 3634 2397 3682 haec
2434 3637 2651 3698 iudicia,

497 3715 660 3761 Graev.
687 3715 879 3762 Ernest-
907 3711 990 3761 Al.
1013 3712 1206 3780 vestris:
1612 3725 1861 3778 tamquam
1886 3715 1941 3762 in
1962 3729 2103 3774 saxa,
2136 3714 2317 3780 quibus
2336 3715 2654 3781 frangereris,

567 3793 620 3841 6.
644 3791 940 3842 Pennittm.
959 3791 1075 3842 Seu.
1099 3803 1162 3842 ut
1187 3792 1282 3858 ipsi
1309 3809 1420 3842 suns
1445 3792 1529 3841 in-
1613 3793 1923 3860 impingeres.

490 3871 645 3932 jurias
668 3871 1034 3922 ulciscerentur.
1686 3873 1934 3923 xxxm.
1962 3887 2010 3922 r.
2040 3873 2109 3922 Ee
2132 3873 2230 3923 ais.
2264 3877 2331 3924 Et
2356 3873 2507 3935 dicis,
2529 3879 2653 3924 Ver-

573 3965 624 4010 7.
643 3951 814 3999 Erras.
847 3953 1033 3999 Locum
1055 3950 1118 4000 de
1134 3949 1316 4002 clodio
1336 3967 1399 4001 ex
1423 3951 1530 4016 epi·
1618 3969 1723 4013 reu,
1763 3951 1958 4016 judicio
1986 3952 2284 4002 declaratum
2312 3955 2463 4004 fuisse
2496 3965 2547 4004 te
2577 3959 2655 4005 in-

499 4029 626 4077 stola
671 4029 882 4092 quadam
923 4031 986 4079 nd
1011 4031 1236 4080 Atticum
1251 4066 1266 4092 ,
1295 4031 1529 4082 notanda
1613 4035 1745 4098 June
1767 4049 1795 4080 a
1812 4035 2151 4098 hmpnaoenis
2172 4034 2563 4086 circumsessum.

429 4127 434 4143 ·
499 4106 830 4158 similitudinis
851 4123 998 4158 causa
1014 4145 1030 4170 ,
1059 4111 1263 4162 confer:
1307 4113 1489 4161 «nrm
1510 4145 1528 4174 ,
1690 4127 1740 4161 ο.
1768 4113 1897 4176 Alii,
1923 4114 2126 4163 docebo.
2154 4115 2189 4163 J
2193 4117 2285 4165 .V.
2312 4117 2367 4164 1..
