2984 4684
402 339 540 413 252
1045 342 1144 411 M.
1194 342 1272 410 T.
1326 339 1895 411 CICERONIS

399 460 745 560 prodidit.
808 459 1035 556 Cujus
1085 475 1397 560 praetura
1442 459 1762 551 urbana,
1816 457 2078 531 aedium
2100 468 2133 519 ⁹
2180 482 2547 532 sacrarum

404 571 545 644 suit
569 564 1181 670 publicorumque
1196 594 1507 672 opernm
1526 569 1997 671 depopulatio
2012 596 2033 663 ;
2062 569 2279 642 simul
2296 574 2369 640 in
2382 570 2553 665 jure

401 681 765 770 dicundo,
808 682 1266 754 bonorum¹⁰
1308 684 2045 782 possessionumque,
2096 693 2351 752 contra
2388 703 2547 750 om-

399 796 610 865 nium
633 794 999 883 instituta,
1030 790 1375 883 addictio,
1403 809 1480 866 et
1506 791 1973 866 condonatio.
2003 796 2161 862 Jam
2186 813 2363 862 vero
2392 814 2551 861 om-

400 905 603 976 nium
641 905 984 975 vitiorum
1014 929 1319 976 suorum
1354 903 1668 1005 plurima
1708 918 1783 976 et
1818 902 2132 975 maxima
2168 900 2549 972 constituit

395 1029 877 1087 monumenta
913 1030 987 1087 et
1024 1014 1288 1087 indicia
1322 1017 1398 1086 in
1431 1014 1804 1114 provincia
1839 1011 2076 1084 Sicilia
2105 1039 2121 1082 :
2160 1034 2383 1108 quam
2412 1011 2551 1081 iste

396 1149 530 1221 per
571 1127 966 1197 triennium
1011 1127 1109 1198 ita
1146 1129 1430 1198 vexavit
1464 1149 1547 1196 ac
1590 1122 1945 1224 perdidit,
2008 1135 2093 1192 ut
2134 1145 2218 1192 ea
2262 1120 2549 1192 restitui
2599 1175 2632 1211 .-

394 1237 472 1304 in
499 1235 882 1332 antiquum
913 1250 1177 1307 statum
1207 1235 1413 1307 nullo
1447 1234 1667 1307 modo
1700 1233 1966 1333 possit;
1996 1232 2120 1301 vix
2147 1245 2391 1302 autem
2418 1255 2554 1329 per

396 1345 667 1417 multos
693 1369 925 1418 annos
941 1401 962 1436 ,
982 1347 1565 1444 innocentesque,
1583 1358 1928 1445 praetores
1952 1341 2197 1439 aliqua
2224 1363 2313 1410 ex
2346 1353 2552 1438 parte

397 1457 707 1527 recreari
740 1455 1132 1555 aliquando
1163 1480 1376 1556 posse
1408 1454 1762 1527 videatur.
1799 1459 1957 1524 Hoc
1987 1464 2300 1550 praetore
2330 1449 2552 1520 Siculi

395 1589 638 1662 neque
671 1589 836 1637 suas
871 1565 1103 1662 leges,
1149 1591 1394 1665 neque
1425 1579 1675 1638 nostra
1706 1558 2333 1636 senatusconsulta
2353 1613 2375 1645 ,
2420 1583 2553 1631 ne-

397 1678 987 1773 quecommunia
1003 1677 1170 1774 jura
1197 1690 1595 1749 tenuerunt
1618 1687 1675 1721 ¹¹
1709 1705 1725 1746 ε
1764 1687 2049 1745 tantum
2078 1669 2553 1768 quisque-ha-

396 1786 526 1858 bet
559 1791 637 1857 in
672 1786 944 1875 Sicilia,
1012 1802 1369 1886 quantum
1405 1786 1724 1859 hominis
1761 1781 2154 1856 avarissimi
2196 1796 2271 1852 et
2309 1779 2553 1852 libidi-

399 1896 761 1966 nosissimi
793 1911 919 1967 aut
954 1897 1521 1994 imprudentiam
1541 1891 2081 1992 subterfugit¹²‚
2100 1906 2226 1964 aut
2244 1893 2553 1963 satietati

403 2002 780 2102 superfuit.

403 2088 451 2161 *s
492 2118 577 2185 V.
625 2113 842 2187 Nulla
883 2140 1001 2188 res
1035 2141 1170 2215 per
1211 2119 1605 2191 triennium
1625 2175 1645 2210 ,
1686 2119 1829 2192 nisi
1868 2117 1956 2191 ad
2002 2133 2267 2190 nutum
2303 2115 2550 2204 istiuS,

395 2222 718 2320 judicata
761 2238 911 2315 est3
946 2226 1145 2300 nulla
1191 2253 1308 2300 res
1345 2244 1494 2300 tam
1533 2231 1804 2328 patria¹
1854 2229 2285 2327 cujusquam
2334 2241 2555 2328 atque

402 2336 590 2406 avita
613 2333 789 2424 fuit,
826 2361 988 2434 quae
1025 2363 1175 2409 non
1211 2338 1304 2411 ab
1339 2364 1463 2429 e0,
1496 2339 1806 2439 imperio
1836 2343 2081 2428 istiuS,
2108 2338 2557 2435 abjudicare-

402 2459 522 2516 tur
539 2456 595 2515 ².
615 2445 1190 2520 Innumerabiles
1209 2453 1536 2547 pecuniae
1560 2475 1649 2523 ex
1670 2465 2038 2522 aratorum
2060 2446 2088 2493 ³
2116 2449 2333 2520 bonis
2360 2471 2557 2520 novo

400 2554 828 2654 nefarioque
867 2561 1204 2630 instituto
1242 2574 1544 2650 coactae3
1580 2562 1815 2633 sociis*
1858 2559 2254 2632 fidelissimi
2290 2559 2367 2628 in
2411 2557 2553 2628 ho-

401 2666 620 2737 stium
647 2692 956 2738 numero
978 2669 1397 2758 existimati;
1441 2652 1629 2742 cives
1646 2673 1934 2742 romani
1955 2669 2284 2742 servilem
2305 2669 2381 2739 in
2400 2693 2552 2739 mo-

399 2774 579 2847 dum
606 2778 902 2848 cruciati
931 2793 1006 2850 et
1040 2782 1278 2851 necati
1303 2806 1323 2868 ;
1351 2780 1689 2853 homines
1720 2779 2217 2852 nocentissimi
2249 2791 2557 2878 propter

468 2967 521 3015 9.
543 2951 746 3000 AEdium
779 2967 1051 3003 sacr-arum.
1082 2954 1228 3004 Verr.
1267 2956 1319 3017 1,
1361 2963 1430 3018 49
1588 2957 1655 3003 V.
1700 2969 1747 3002 1.
1784 2956 1903 3001 Tam
1924 2949 2117 3016 patria.
2144 2951 2285 2998 ‘Tam
2324 2947 2547 3012 legitimo

397 3040 448 3080 et
596 3065 609 3080 .

404 3147 412 3156 .
472 3047 834 3162 fflqBonor-um.
855 3113 992 3160 Bona
1015 3124 1065 3162 et
1080 3114 1430 3178 possessiones,

401 3193 577 3240 Verres
604 3207 754 3256 quum
789 3192 870 3253 jus
903 3191 1118 3254 diceret,
1155 3193 1346 3241 addixit
1369 3209 1428 3242 ac

397 3269 606 3320 tradidit
642 3271 820 3334 quibus
849 3271 1037 3330 voluit,
1075 3273 1308 3336 neglectis
1346 3288 1429 3320 eo-

399 3365 535 3409 rum,
567 3351 654 3413 qui
688 3361 800 3398 ante
836 3366 888 3398 se
937 3361 1172 3414 praetores
1205 3351 1399 3400 fuerant
1413 3387 1430 3414 ,

401 3430 574 3478 edictis
616 3440 667 3477 et
705 3427 960 3478 institutis.
988 3432 1130 3478 Verr.
1161 3433 1186 3480 Ι
1203 3465 1218 3490 ,
1259 3439 1346 3491 41,
1379 3440 1431 3479 et

404 3527 546 3574 seqq.
1348 3522 1361 3535 '

473 3605 497 3638 1
511 3605 558 3638 1.
590 3592 878 3640 Tenuertmt.
910 3589 1096 3640 Contra
1121 3591 1287 3639 Verris
1309 3590 1430 3638 libi-

401 3667 566 3716 dinem
583 3669 759 3717 Siculis
779 3686 938 3735 neque
963 3685 1063 3717 σιω
1084 3670 1216 3734 leges
1230 3705 1247 3732 ,
1271 3685 1430 3734 neque

397 3759 566 3796 nostra
607 3748 657 3796 S.
693 3748 782 3812 (3.,
824 3767 887 3799 ne
930 3765 1187 3798 commune
1231 3750 1432 3814 quidem

407 3826 624 3891 gentium
645 3827 727 3888 jus
751 3843 896 3892 opem
921 3829 1070 3877 ullam
1095 3829 1380 3879 attulerunt.

479 3921 560 3954 η.
601 3906 915 3972 Subeerfiegie.
955 3908 1092 3957 Nihil
1132 3918 1207 3956 est
1251 3908 1431 3956 Siculis

409 3985 610 4049 reliqui,
635 3983 728 4032 uisi
751 3984 906 4048 qnod,
941 3986 1196 4051 ignorante
1215 3987 1324 4047 ino,
1346 3997 1431 4036 aut

403 4065 584 4114 lassato
609 4074 658 4113 et
687 4063 864 4113 satiato
877 4098 894 4124 ,
919 4076 1254 4116 servaverunt.

1513 3031 1623 3097 iure
1649 3049 1888 3099 possessa,
1909 3030 2071 3096 qualia
2088 3038 2205 3078 sunt
2230 3043 2343 3092 quae
2370 3027 2430 3074 ab
2448 3026 2555 3074 avis

1518 3112 1581 3160 ad
1614 3121 1869 3176 parentes,
1904 3121 2053 3173 atque
2077 3107 2195 3156 iude
2226 3106 2291 3155 ad
2314 3103 2444 3153 filios
2470 3105 2557 3154 he-

1518 3191 1748 3240 reditario
1770 3193 1880 3252 iure
1900 3189 2386 3240 veniunt.—-Manut.
2403 3183 2558 3233 habet

1512 3271 1721 3336 pau-ita.

1590 3367 1641 3400 a.
1663 3349 2061 3414 Abjudicaretur.
2096 3347 2214 3408 Ejus
2232 3344 2419 3408 judicis
2446 3359 2557 3394 sen-

1519 3431 1673 3480 tentia
1700 3431 1988 3480 auferretur.

1596 3512 1645 3560 3.
1664 3513 1951 3560 Arctorum.
1967 3509 2201 3556 Aratores
2218 3503 2450 3552 fmmenti
2472 3503 2557 3552 de-

1522 3592 1699 3639 cimam
1735 3588 1927 3655 populo
1955 3602 2081 3641 rom.
2104 3583 2315 3643 dabant3
2351 3583 2446 3632 hos
2472 3583 2557 3631 tri-

1518 3668 1613 3718 bus
1637 3669 1845 3735 amplius
1864 3665 2086 3716 decumis
2102 3681 2191 3729 per
2210 3663 2508 3730 publicanos
2524 3679 2557 3711 a

1519 3765 1571 3797 se
1600 3749 1895 3798 subornatos
1923 3750 2103 3795 Verres
2136 3744 2381 3795 exhausit.
2409 3745 2558 3792 Verr.

1519 3829 1613 3877 111.
1650 3829 1877 3878 Ceterum
1918 3826 2135 3874 breviter
2176 3823 2261 3871 hic
2312 3823 2559 3887 percurrit

1524 3925 1633 3973 quae
1658 3909 1814 3957 fusius
1840 3923 1933 3956 sno
1965 3905 2107 3966 loco,
2148 3905 2201 3952 in
2242 3903 2556 3950 accusatione

1524 3987 1757 4052 explicat.

1596 4075 1645 4123 Ιι.
1662 4064 1808 4116 Socii..
1833 4067 1909 4114 De
1924 4064 2003 4114 his
2025 4073 2075 4112 et
2090 4077 2226 4128 seqq.
2238 4060 2553 4112 vid.Verr.V.
