2984 4684
421 364 564 439 250
1063 372 1162 438 M.
1213 372 1292 439 T.
1345 372 1913 441 CICERONIS

416 491 846 563 testimoniis
871 493 1313 563 convenisse.
1359 493 1539 581 Quae
1574 516 1807 588 quum
1836 492 1935 563 ita
1970 491 2153 580 sint,
2192 514 2430 589 usque
2468 518 2563 565 eo

413 602 505 675 de
531 597 875 673 omnibus
898 599 1114 673 bonis
1151 600 1336 673 male
1363 602 1767 690 existimat3
1796 626 2035 699 usque
2071 624 2163 673 eo
2200 606 2563 674 senatoria

404 711 679 808 judicia
714 708 1042 809 perdita⁴
1078 710 1605 811 profligataque
1646 735 1801 783 esse
1838 710 2256 799 arbitratur,
2297 725 2382 781 ut
2416 709 2559 783 hoc

413 822 650 921 palam
701 822 1015 911 dictitet,
1057 847 1210 895 non
1255 824 1414 895 sine
1459 847 1674 895 causa
1714 846 1792 895 se
1837 822 2189 921 cupidum
2230 823 2559 921 pecunia:

411 928 668 1021 fuisse,
705 930 1058 1029 quoniam
1095 946 1382 1003 tantum
1422 933 1499 1003 in
1542 933 1854 1031 pecunia
1886 931 2299 1031 praesidium
2334 957 2555 1032 expe-

407 1044 638 1114 riatur
663 1066 856 1129 esse;
886 1066 1041 1115 sese
1067 1042 1184 1139 (id
1205 1043 1408 1141 quod
1431 1043 1941 1117 difficillimum
1968 1042 2229 1138 fuerit)
2269 1059 2561 1141 tempus

403 1156 648 1252 ipsum
686 1154 944 1227 emisse
966 1150 998 1199 ⁵
1029 1152 1281 1250 judicii
1319 1156 1470 1245 sui,
1512 1181 1667 1253 quo
1702 1171 1943 1229 cetera
1982 1152 2269 1228 facilius
2310 1178 2559 1227 emere

404 1278 680 1362 posset:
701 1278 816 1351 ut,
837 1265 1188 1362 quoniam
1205 1263 1631 1337 criminum⁶
1652 1268 1797 1338 vim
1818 1264 2327 1365 subterfugere
2350 1264 2557 1337 nullo

400 1371 626 1444 modo
661 1387 946 1471 poterat
965 1428 984 1461 ,
1021 1374 1416 1473 procellam
1454 1378 1803 1475 temporis
1832 1374 2209 1449 devitaret.
2242 1374 2467 1467 Quod
2497 1378 2559 1447 si

402 1509 556 1555 non
589 1483 811 1555 modo
838 1486 914 1555 in
940 1508 1180 1573 causa,
1202 1510 1460 1559 verum
1489 1488 1567 1557 in
1594 1487 1839 1587 aliquo
1868 1488 2181 1560 honesto
2200 1486 2559 1585 pracsidio,

406 1609 535 1665 aut
559 1593 864 1691 alicujus
891 1594 1312 1693 eloquentia
1333 1651 1356 1684 ‚
1383 1611 1511 1669 aut
1538 1600 1759 1697 gratia
1778 1654 1798 1685 ,
1831 1623 2033 1696 spem
2062 1598 2377 1696 aliquam
2414 1597 2562 1669 col-

295 1752 301 1757 ·
400 1704 746 1794 locasset3
783 1703 1114 1803 profecto
1142 1732 1292 1779 non
1325 1708 1479 1779 haec
1500 1710 1747 1781 omnia
1770 1708 2141 1806 colligeret
2174 1722 2397 1805 atque
2430 1732 2559 1779 au-

402 1830 828 1913 cuparetur3
869 1842 1044 1889 non·
1066 1843 1300 1916 usque
1333 1844 1424 1891 eo
1461 1818 1867 1917 despiceret
1902 1832 2561 1915 contemneretque

403 1924 738 1998 ordinem
781 1930 1260 2014 senatorium,
1301 1944 1384 2001 ut
1417 1929 1771 2001 arbitratu
1810 1930 1967 2025 ejus
1999 1929 2438 2028 deligeretur
2469 1953 2558 2000 ex

403 2050 693 2121 senatu,
724 2041 854 2135 qui
877 2062 1047 2110 reus
1076 2038 1282 2113 fieret
1303 2053 1328 2097 7
1368 2068 1384 2109 :
1419 2044 1590 2139 qui,
1626 2041 1805 2112 dum
1836 2041 1958 2113 hic
1978 2097 1999 2125 ‚
2036 2065 2198 2138 quae
2236 2064 2427 2137 opus
2460 2064 2563 2111 es-

407 2162 603 2233 sent,
644 2147 1163 2246 compararet⁸,
1207 2176 1498 2223 causam
1530 2152 1809 2225 interea
1846 2166 2014 2223 ante
2050 2176 2221 2223 eum
2260 2149 2558 2222 diceret.

409 2259 702 2347 Quibus
745 2285 882 2359 ego
927 2260 1148 2335 rebus
1195 2262 1376 2360 quid
1427 2268 1561 2336 iste
1598 2278 1873 2362 speret,
1910 2278 1987 2335 et
2037 2288 2189 2361 quo
2232 2263 2557 2334 animum

297 2420 306 2431 -
405 2369 772 2458 intendat,
806 2368 1017 2443 facile
1055 2376 1438 2472 perspicio.
1483 2374 1987 2465 Quamobrem
2023 2398 2196 2444 vero
2228 2396 2305 2445 se
2342 2370 2561 2443 confi-

405 2480 528 2553 dat
561 2482 836 2581 aliquid
865 2484 1214 2583 perficere
1240 2510 1455 2585 posse
1473 2540 1492 2575 ‚
1528 2486 1668 2557 hoc
1689 2484 2118 2583 [Glabrione
2130 2480 2189 2581 9]
2227 2496 2560 2581 praetore,

401 2607 478 2663 et
508 2592 650 2665 hoc
686 2596 1098 2685 consilio¹⁰,
1135 2596 1537 2694 intelligere
1568 2621 1719 2667 non
1744 2619 2065 2693 possum.
2099 2598 2346 2665 Unum
2376 2592 2558 2664 illud

400 2704 758 2803 intelligo,
783 2706 990 2802 quod
1025 2708 1346 2806 populus
1383 2718 1811 2779 romanus¹1
1846 2708 1923 2776 in
1952 2706 2347 2803 rejectione
2368 2716 2427 2747 ¹²
2451 2704 2563 2800 ju-

404 2813 651 2885 dicum
693 2816 1081 2911 judicavit‚
1144 2842 1228 2888 ea
1281 2842 1410 2915 spe
1446 2820 1669 2888 istum
1724 2815 1943 2888 fuisse
1989 2814 2411 2914 praeditum,
2474 2827 2560 2884 ut

403 2949 700 2998 omnem
759 2928 1115 2999 rationem
1177 2926 1426 2999 salutis
1499 2932 1575 2999 in
1641 2930 1951 3025 pecunia
2006 2940 2351 3026 poneret3
2414 2923 2561 2995 hoc

471 3164 522 3213 4.
557 3154 782 3203 Perdita.
815 3155 1034 3203 Omnino
1069 3154 1221 3202 nulla.
1259 3153 1432 3223 Profli-

393 3246 542 3302 gata.
559 3234 771 3292 violata,
789 3234 1002 3292 addicta,
1029 3234 1320 3283 nummaria.

470 3316 518 3365 5.
547 3315 750 3363 Emisse.
787 3314 1018 3363 [effecisse
1059 3314 1266 3377 pecunia
1307 3330 1392 3363 aua
1412 3350 1429 3377 ,

395 3406 468 3455 ut,
482 3393 777 3459 interposito
791 3394 878 3441 illo
895 3393 1183 3457 inquisitore
1195 3394 1430 3453 Achaico,

399 3490 476 3522 rea
516 3474 776 3522 duceretur
808 3474 863 3520 in
894 3488 1078 3520 annum
1117 3485 1428 3537 sequentem3

399 3570 501 3617 quo
527 3570 658 3601 auno
684 3554 746 3602 ab
775 3552 872 3601 hoc
901 3563 1140 3619 praetore,
1168 3564 1217 3602 et
1243 3555 1306 3603 ab
1331 3554 1432 3603 ho-

397 3650 506 3682 rum
542 3634 767 3695 judicum
803 3650 976 3700 magna
1019 3646 1158 3701 parte
1195 3635 1262 3683 ad
1306 3636 1430 3683 alios

399 3728 542 3761 causa
567 3715 922 3763 transferretur.

469 3794 522 3841 6.
555 3792 834 3843 criminum.
855 3797 982 3857 Quae
1013 3810 1039 3841 a
1063 3810 1139 3841 me
1165 3794 1428 3859 proferen-

399 3880 496 3922 tur.
515 3898 586 3908 —-
615 3874 886 3922 procellam
913 3874 1158 3937 temporis.
1184 3873 1266 3922 Ab
1292 3878 1423 3938 opti·

275 3956 292 3979 ³
395 3966 480 3998 mo
508 3962 716 4014 praetore
742 3964 794 4000 et
827 3952 1141 4001 severissimis
1169 3953 1424 4015 iudicibus

397 4028 776 4094 impendentem.

473 4126 524 4172 7.
557 4109 656 4173 Qui
678 4126 788 4159 reus
799 4110 968 4179 fieret.
1010 4114 1170 4174 Quem
1197 4128 1426 4173 accusau-

1520 3152 1637 3202 dum
1662 3152 1725 3201 ab
1750 3153 1847 3201 isto
1871 3152 2093 3202 Achaico
2109 3162 2323 3218 pretore
2343 3160 2563 3211 curaret,

1518 3232 1621 3281 aive
1650 3233 1993 3291 innocentem,
2029 3234 2133 3279 sive
2168 3242 2436 3280 nocentem
2452 3264 2467 3289 ‚
2499 3242 2561 3279 ut

1518 3314 1625 3377 ipse
1654 3324 1847 3377 tempus
1872 3313 2197 3379 protraheret.

1591 3394 1643 3441 8.
1672 3390 2023 3459 Compar-aret.
2054 3390 2335 3457 largitione
2366 3398 2417 3438 et
2442 3404 2561 3438 eor·

1520 3473 1733 3537 ruptela.

1591 3570 1642 3617 9.
1660 3552 1883 3601 Verbum
1902 3552 2001 3601 hoc
2028 3550 2301 3601 Glabrione
2324 3568 2351 3599 e
2380 3548 2561 3615 glosse-

1518 3644 1647 3682 mate
1682 3643 1868 3681 uatum.
1914 3633 2160 3682 Asconius
2201 3642 2254 3680 et
2282 3628 2397 3679 eod.
2429 3644 2561 3677 unus

1516 3712 1668 3761 Paris.
1692 3712 1951 3761 omittunt.

1592 3808 1676 3841 ro.
1710 3790 1939 3843 consilio.
1968 3792 2211 3841 Concessa
2236 3791 2477 3853 judicum.

1588 3888 1611 3919 1
1628 3888 1674 3921 r.
1690 3871 1845 3936 vulg.
1863 3884 2048 3936 ιιι-(τιον
2063 3872 2099 3922 ι’.
2122 3890 2165 3919 r.
2191 3872 2350 3921 Natus
2370 3886 2509 3919 error
2530 3886 2561 3919 e

1514 3952 1813 4018 compendio
1841 3954 1896 4002 P.
1916 3954 1978 4003 R.
2008 3954 2135 4003 LV.
2166 3953 2220 4000 L.

1591 4048 1675 4081 η.
1740 4034 2031 4097 Rejectione.
2080 4032 2341 4095 Utrimque
2394 4040 2560 4078 certus

1516 4126 1745 4160 numerus
1759 4112 1987 4175 judicum
2004 4112 2069 4161 ab
2091 4108 2373 4160 accusatore
2397 4119 2450 4157 et
2470 4124 2559 4157 reo
