2984 4684
804 344 915 415 IN
964 345 1399 417 VERREM
1448 346 1761 416 Acrlo
1810 346 2162 415 PRIMA.
2413 350 2560 445 269

416 482 501 541 ut
516 464 1075 539 discoloribus¹³
1108 470 1327 565 signis
1349 468 1759 563 juratorum
1785 467 2167 539 hominu'm
2195 477 2567 545 sententiae

418 577 895 649 notarentur?
920 581 1089 648 Haec
1116 580 1361 649 omnia
1388 601 1507 649 me
1531 578 1924 675 diligenter
1945 603 2339 678 severeque
2371 597 2569 654 actu-

419 713 583 759 rum
622 712 812 775 esse,
844 687 1213 785 polliceor.

444 786 453 795 ’
516 803 705 869 XIV.
765 800 936 888 Quo
970 823 1085 869 me
1122 797 1419 870 tandem
1458 800 1702 869 animo
1736 797 1892 870 fore
1935 801 2246 896 putetiS,
2287 803 2347 872 si
2383 800 2566 899 quid

420 912 494 978 in
511 906 653 978 hoc
669 910 831 1005 ipso
855 905 1129 1002 judicio
1148 909 1577 981 intellexero
1609 909 1826 981 simili
1851 908 2095 1006 aliqua
2114 913 2393 983 ratione
2413 938 2568 985 esse

418 1017 766 1089 violatum
792 1032 1011 1115 atque
1038 1020 1558 1091 commissum?
1588 1043 1817 1115 quum
1845 1020 2236 1117 praesertim
2267 1020 2568 1117 planum

420 1128 651 1199 facere
706 1128 951 1199 multis
996 1128 1304 1201 testibus
1352 1133 1626 1227 possim
1649 1185 1668 1217 ,
1711 1134 1792 1201 C.
1827 1134 2124 1201 Verrem
2175 1133 2251 1200 in
2291 1133 2526 1203 Sicilia
2549 1188 2570 1215 ,

422 1239 669 1310 multis
708 1237 1215 1327 audientibus,
1250 1264 1441 1338 saepe
1484 1240 1783 1326 dixisse,
1827 1270 1862 1304 α
1890 1245 1980 1312 Se
2021 1240 2293 1311 habere
2338 1241 2570 1333 homi·

422 1379 457 1414 «
488 1374 655 1420 nem
692 1364 1067 1448 potentem
1088 1361 1141 1438 ¹,
1169 1352 1379 1447 cujus
1404 1350 1670 1421 fiducia
1707 1354 2158 1449 provinciam
2193 1351 2566 1450 spoliaret3

420 1489 455 1525 α
483 1484 724 1556 neque
752 1459 889 1530 sibi
922 1459 1056 1531 soli
1092 1461 1474 1557 pecuniam
1506 1485 1864 1557 quaerere,
1893 1459 2143 1532 sedita
2167 1464 2568 1534 triennium

423 1598 459 1635 α
487 1569 667 1641 illud
704 1584 1031 1668 praeturae
1052 1571 1443 1643 Siciliensis
1480 1569 1953 1642 distributum
1989 1571 2257 1643 habere
2279 1626 2298 1659 ,
2341 1588 2421 1644 ut
2462 1598 2572 1644 se-

422 1710 457 1745 «
486 1704 654 1751 cum
686 1680 1022 1778 praeclare
1055 1683 1169 1777 agi
1202 1680 1514 1769 diceret,
1545 1685 1604 1752 si
1639 1683 1861 1752 unius
1894 1685 2069 1753 anni
2101 1696 2463 1779 quaestum
2495 1684 2572 1753 in

422 1820 459 1856 α
492 1815 647 1861 rem
679 1814 885 1862 suam
912 1805 1405 1881 converteret3
1433 1791 1740 1863 alterum
1779 1793 2106 1888 patronis
2141 1806 2215 1861 et
2245 1788 2575 1863 defenso-

423 1932 457 1967 α
486 1899 689 1973 ribus
732 1902 881 1973 suis
918 1901 1265 1990 traderet3
1301 1905 1596 1973 tertium
1628 1900 1836 1971 illum
1877 1900 2334 1972 uberrimum
2377 1927 2572 1998 quae-

422 2042 457 2077 (ι
488 2012 1165 2110 stuosissimumque
1184 2036 1459 2083 annum
1478 2026 1716 2084 toturn
1727 2009 2099 2106 judicibus
2113 2027 2566 2084 reservaret».

424 2127 529 2193 Ex
542 2140 705 2219 'quo
728 2122 909 2193 mihi
936 2126 1235 2195 venitin
1262 2139 1584 2197 mentem
1611 2121 1794 2194 illud
1817 2122 2093 2209 dicere,
2134 2122 2338 2221 quod
2371 2124 2568 2221 apud

423 2232 542 2305 Μ’.
563 2232 1036 2305 Glabrionem
1058 2259 1297 2333 nuper
1324 2259 1592 2331 quum,
1617 2235 1693 2303 in
1727 2232 2136 2331 rejiciendis
2160 2228 2530 2329 judicibus
2547 2290 2567 2323 ,

425 2370 1101 2418 commemorassem
1120 2400 1139 2434 ,
1165 2346 1485 2417 intellexi
1500 2369 1526 2432 ·,
1560 2344 2035 2417 vehementer
2065 2346 2422 2445 populum
2443 2371 2570 2418 ro-

426 2480 723 2527 manum
758 2458 1199 2528 commoveri
1238 2482 1255 2524 :
1310 2482 1429 2528 me
1462 2454 1796 2526 arbitrari
1847 2452 2042 2543 fore,
2081 2459 2186 2527 uti
2231 2459 2567 2530 nationes

424 2581 684 2637 exterae
730 2566 1003 2665 legatos
1045 2566 1136 2639 ad
1182 2567 1545 2665 popultun
1585 2590 1969 2637 romanum
2014 2570 2428 2650 mitterent,
2483 2582 2568 2639 ut

424 2676 543 2749 lex
574 2678 665 2749 de
700 2679 1031 2776 pecuniis
1060 2676 1483 2775 repetundis
1514 2676 2016 2773 judiciumque
2050 2675 2464 2747 tolleretur:
2505 2680 2566 2748 si

426 2787 618 2857 enim
641 2788 910 2883 judicia
940 2788 1141 2859 nulla
1173 2790 1354 2876 sint,
1400 2801 1684 2859 tantum
1721 2810 2330 2884 unumquemque
2367 2787 2568 2860 abla-

426 2911 674 2969 turum
711 2914 1007 2997 putant,
1056 2914 1414 2996 quantum
1456 2896 1596 2969 sibi
1637 2921 1720 2967 ac
1759 2895 2002 2968 liberis
2035 2899 2184 2968 suis
2219 2901 2387 2969 satis
2415 2924 2568 2970 esse

427 3005 941 3098 arbitrentur23
966 3007 1402 3108 nunc,quod
1431 3006 1792 3104 ejusmodi
1807 3006 2077 3102 judicia
2099 3010 2261 3093 sint,
2288 3024 2569 3082 tantum

427 3142 1032 3217 unumquemque
1068 3119 1381 3208 auferre,
1406 3134 1780 3218 ,quantum
1818 3117 1992 3207 sibi,
2033 3122 2357 3217 patronis
2380 3174 2401 3208 ,
2435 3120 2568 3192 ad-

426 3232 733 3317 vocatis,
790 3228 1157 3328 praetori³‚
1209 3229 1580 3327 judicibus
1633 3234 1804 3301 satis
1857 3229 2186 3302 futurum
2245 3234 2378 3318 sit3
2425 3231 2568 3304 hoc

427 3340 759 3440 profecto
803 3339 1171 3413 infinitum
1218 3366 1414 3431 esse;
1459 3366 1536 3413 se
1581 3342 1971 3413 avarissimi
2005 3340 2322 3411 hominis
2361 3347 2568 3440 cupi-

426 3451 633 3524 ditati
675 3450 1081 3523 satisfacere
1126 3477 1377 3549 posse‚
1430 3453 1954 3523 nocentissimae
2009 3452 2371 3521 victoriae‘*
2419 3475 2566 3521 non

424 3685 557 3733 tristi
592 3700 707 3732 nne
742 3683 969 3748 exemplo
1008 3694 1057 3731 et
1082 3681 1215 3747 apud
1236 3683 1455 3733 forenses
1545 3681 1832 3741 dictitabat,
1863 3696 1974 3728 eum
1998 3696 2054 3728 ea
2081 3696 2190 3744 quae
2215 3680 2449 3741 faciebat,
2486 3694 2568 3733 tua

424 3766 727 3815 inveterato!
1544 3780 1596 3811 se
1614 3760 1794 3809 fiducia
1821 3760 1980 3809 facere
1994 3794 2009 3818 ,
2028 3776 2082 3807 ea
2105 3775 2168 3809 ne
2189 3776 2302 3809 vera
2319 3770 2571 3824 putentur,

500 3847 581 3894 13.
610 3842 955 3893 Discolor-ibus.
984 3840 1111 3889 Vide
1137 3842 1303 3891 Diviu.
1332 3858 1379 3891 e.
1401 3858 1452 3904 7.
1543 3842 1636 3891 tibi
1655 3841 1862 3888 maxime
1882 3850 1954 3887 est
1977 3838 2333 3902 providendum
2351 3860 2395 3890 υ.

494 3927 637 3974 xlv.
670 3940 715 3973 ι.
748 3922 1001 3973 Hominem
1035 3932 1297 3986 potentem.
1320 3922 1451 3971 Hor·
1614 3935 1664 3969 2.
1681 3920 1808 3980 Alii,
1839 3918 2223 3968 arbitrarentur
2241 3942 2282 3968 ι.
2303 3922 2351 3968 J.
2371 3923 2437 3970 V.
2461 3925 2519 3972 L.

424 4004 635 4052 tensium
650 4038 667 4061 ‚
686 4020 833 4068 quem
853 4002 921 4051 ita
940 4004 1085 4051 'Vct-r.
1098 4005 1145 4049 V
1166 4000 1451 4064 compellat:
1615 4000 1663 4048 3.
1682 3998 1811 4057 Alii,
1837 4020 1862 4040 n·
1875 3998 2167 4062 praetoribus
2180 4020 2220 4045 »-
2243 4002 2277 4048 J
2280 4000 2370 4048 .V.
2401 4002 2460 4048 L.

424 4098 571 4149 -quae
597 4083 689 4132 iste
706 4080 921 4147 (Verres)
943 4082 996 4130 in
1024 4081 1275 4145 provincia
1296 4081 1455 4145 palam
1621 4088 1672 4135 4.
1707 4078 1950 4127 Victoria.
1976 4076 2322 4142 Absolutioni,
2351 4095 2462 4144 qua
2487 4096 2573 4129 no-
