2984 4684
741 379 850 448 IN
901 379 1336 470 VERREM
1387 379 1599 448 ACT.
1655 379 1762 463 11,
1814 381 1997 448 LIB.
2052 383 2147 449 ΙΙ.
2366 385 2503 478 447

379 500 526 568 lum
554 500 838 594 negavit
859 551 878 583 ,
915 497 1038 568 sed
1073 499 1288 569 etiam
1323 495 1683 584 ostendit,
1714 497 1833 568 id9
1862 498 2017 570 fieri
2050 501 2253 572 nullo
2284 501 2507 574 modo

379 633 621 706 posse,
646 623 730 679 ut
766 612 964 704 signa
1005 609 1534 705 antiquissima,
1572 623 2043 680 monumenta
2080 615 2149 680 P.
2170 608 2508 696 Africani,

376 743 465 789 ex
501 719 774 818 oppido
795 718 1456 805 Thermitanorum,
1500 717 1849 788 incolumi
1886 719 2003 790 illa
2042 724 2325 792 civitate
2372 723 2506 792 im-

376 832 729 925 perioque
763 829 1018 928 populi
1059 832 1379 916 romani,
1415 828 1865 898 tollerentur.

471 942 758 1010 XXXV.
791 941 1068 1018 Etenim
1092 991 1111 1023 ,
1141 953 1222 1008 ut
1245 937 1458 1008 simul
1491 941 1565 1007 P.
1590 934 1903 1009 Africani
1929 962 2231 1036 quoque
2265 940 2510 1012 huma·

373 1050 668 1118 nitatem
699 1062 772 1118 et
797 1052 1204 1144 aequitatem
1235 1049 1684 1144 cognoscatis
1703 1101 1722 1134 ,
1758 1048 2109 1145 oppidum
2146 1052 2503 1123 Himeram

372 1157 996 1254 Carthaginienses
1041 1156 1411 1255 quondam
1465 1172 1842 1254 ceperant,
1906 1157 2383 1254 quodfuerat
2428 1163 2507 1231 iu

371 1270 620 1365 primis
669 1270 918 1341 Siciliae
973 1268 1244 1340 clarum
1307 1281 1384 1338 et
1429 1283 1789 1340 ornatum.
1844 1270 2115 1367 Scipio,
2176 1271 2303 1365 qui
2360 1270 2504 1342 hoc

370 1379 670 1476 dignum
706 1380 982 1477 populo
1022 1403 1322 1449 romano
1363 1377 1857 1466 arbitraretur,
1896 1377 2092 1450 bello
2132 1379 2504 1464 confecto,

369 1492 603 1561 socios
653 1515 782 1562 sua
817 1513 948 1588 per
984 1504 1307 1560 nostram
1337 1492 1709 1558 victoriam
1742 1513 2212 1584 recuperare3
2248 1490 2503 1560 Siculis

368 1601 708 1672 omnibus
731 1655 752 1687 ,
787 1600 1216 1697 Carthagine
1259 1613 1501 1696 capta,
1540 1621 1703 1694 quae
1736 1598 1975 1694 potuit
1999 1651 2018 1684 ,
2054 1597 2501 1670 restituenda

369 1716 667 1782 curavit.
685 1713 974 1781 Himera
997 1709 1231 1781 deleta
1249 1762 1268 1794 ,
1305 1733 1492 1805 quos
1521 1710 1711 1779 cives
1738 1707 1911 1779 belli
1942 1708 2305 1780 calamitas
2330 1709 2498 1782 reli·

367 1845 553 1918 quos
589 1820 890 1908 fecerat,
923 1823 972 1891 ii
1003 1843 1155 1892 sese
1181 1819 1513 1890 Thermis
1544 1819 2023 1908 collocarant,
2063 1823 2139 1889 in
2177 1818 2499 1914 ejusdem

364 1935 514 2028 agri
567 1929 880 2018 finibus,
921 1955 1161 2029 neque
1213 1929 1426 2028 longe
1465 1928 1561 2000 ab
1596 1928 1871 2027 oppido
1913 1931 2236 2026 antiquo.
2290 1931 2383 2000 Hi
2422 1955 2501 2001 se

365 2055 653 2137 patrum
694 2040 1062 2112 fortunam
1105 2065 1187 2112 ac
1233 2039 1659 2138 dignitatem
1706 2063 2135 2136 recuperare
2193 2039 2497 2112 arbitra·
2538 2089 2545 2096 -

363 2145 654 2238 bantur,
688 2176 918 2249 quum
945 2151 1066 2222 illa
1101 2149 1456 2244 majorum
1496 2164 1923 2220 ornamenta
1958 2151 2034 2218 in
2070 2173 2325 2221 eorum
2364 2175 2499 2248 op·

365 2257 538 2354 pido
566 2259 1127 2332 collocabantur.
1171 2265 1393 2332 Erant
1421 2263 1623 2358 signa
1662 2285 1750 2331 ex
1790 2285 1928 2332 aere
1956 2261 2335 2358 complura
2366 2289 2381 2332 ε
2418 2265 2494 2332 in

363 2366 474 2440 his
517 2375 695 2442 mira
753 2369 1294 2468 pulchritudine
1351 2371 1509 2464 ipsa
1548 2372 1879 2457 Himera,
1942 2373 2019 2440 in
2063 2369 2495 2444 muliebrem

361 2477 664 2575 figuram
711 2480 1185 2577 habitumque
1238 2478 1579 2562 formata,
1632 2505 1721 2550 ex
1767 2479 2020 2577 oppidi
2073 2483 2370 2552 nomine
2424 2497 2499 2554 et

363 2589 698 2662 fluminis
731 2597 901 2662 Erat
933 2593 1150 2661 etiam
1193 2589 1619 2660 Stesichori¹
1662 2604 1893 2686 poetae
1938 2603 2175 2660 statua
2210 2591 2491 2676 senilis,

363 2705 691 2784 incurva,
717 2725 884 2772 cum
910 2699 1128 2786 libro,
1155 2723 1474 2786 summn,
1504 2713 1589 2770 ut
1608 2711 1869 2798 putant
1892 2755 1910 2786 ,
1942 2697 2245 2770 artificio
2272 2697 2491 2770 facta:

359 2819 532 2914 qui²
579 2815 716 2888 fuit
765 2821 1102 2902 Himerae,
1157 2815 1286 2886 sed
1337 2829 1412 2884 et
1459 2829 1601 2900 est,
1662 2827 1737 2884 et
1782 2811 1919 2882 fuit
1968 2809 2171 2884 tota³
2224 2816 2495 2886 Graecia

361 2950 644 2999 summo
673 2943 970 3025 propter
999 2926 1370 3023 ingenium
1398 2924 1682 2996 honore
1710 2937 1781 2994 et
1812 2924 2133 2994 nomine.
2162 2927 2327 2994 Hoec
2362 2925 2496 2996 iste

360 3035 447 3106 ad
481 3037 829 3108 insaniam
863 3039 1350 3134 concupierat.
1379 3037 1613 3107 Etiam
1632 3091 1652 3125 ,
1690 3032 1891 3131 quod
1922 3057 2124 3132 paene
2154 3037 2495 3130 praeterii,

360 3147 628 3243 capella
661 3146 991 3244 quaedam
1034 3161 1173 3235 est,
1222 3171 1304 3217 ea
1339 3145 1635 3244 quidem
1676 3146 1899 3232 mire,
1946 3158 2029 3214 ut
2070 3147 2283 3215 etiam
2323 3169 2491 3234 nOS,

359 3257 487 3350 qui
514 3256 779 3327 rudes⁴
813 3256 1071 3327 harum
1089 3281 1332 3327 rerum
1357 3281 1645 3342 sumuS,
1666 3253 2069 3352 intelligere
2097 3256 2491 3352 possimuS,

427 3474 477 3520 9.
496 3457 722 3507 Heoelim
742 3475 1018 3525 pronomen
1039 3460 1096 3508 id
1119 3459 1378 3508 delendum

353 3547 510 3602 putat.
533 3541 566 3587 J
571 3574 584 3588 .
599 3539 662 3586 V.
685 3543 742 3589 L.

425 3619 650 3666 XXXV.
681 3633 725 3667 ι.
766 3617 1037 3666 Stesichori.
1085 3618 1190 3680 Qui
1229 3629 1376 3684 poeta

353 3698 480 3744 eirea
509 3711 690 3746 annum
721 3699 822 3748 612
859 3709 972 3746 onte
1005 3697 1256 3746 christum
1285 3699 1376 3747 sso-

355 3775 506 3825 tab-t.
546 3778 736 3826 Musam
769 3777 1034 3826 Stesichori
1056 3793 1256 3842 gravem
1282 3795 1374 3843 op·

357 3852 504 3916 pellat
527 3859 702 3907 Horat.
723 3855 824 3906 Od.
849 3855 942 3917 w,
970 3871 1020 3920 9.

427 3947 478 3980 ει.
519 3933 650 3981 olim
692 3935 796 3983 «ab
823 3951 884 3984 eo
911 3937 1062 4000 (μὴ,
1105 3953 1372 4002 perperam.

357 4013 466 4058 noe
487 4011 616 4058 euim
640 4011 704 4061 ad
722 4013 1052 4062 Steaiolmrum
1077 4018 1303 4078 pertinet.

433 4091 482 4138 3.
509 4092 654 4154 Vulg.
676 4104 814 4141 «tou
841 4093 892 4140 in
918 4095 1298 4142 (3mcta-.J.v.
1317 4097 1372 4142 Ι..

1542 3467 1595 3516 4.
1614 3459 1711 3520 Qui
1727 3457 1888 3507 mdes.
1901 3457 2403 3506 Animadvertendum
2418 3459 2495 3508 Ci-

1465 3553 1691 3587 era-onem
1732 3537 1917 3602 ubique
1962 3553 2015 3585 se
2065 3538 2269 3584 omnino
2318 3531 2493 3585 baetim

1464 3635 1625 3668 rerum
1648 3618 1817 3666 rudem
1844 3627 1894 3666 et
1920 3627 2309 3680 conte-prorem
2330 3616 2489 3682 profl-

1465 3700 1583 3752 teri.
1606 3699 1791 3762 qnippe
1806 3713 2012 3760 qurum
2031 3696 2253 3746 curioso·
2274 3697 2489 3761 populu·

1465 3787 1799 3826 contemneret
1819 3812 1836 3837 ,
1878 3785 1928 3823 et
1972 3773 2310 3823 Graeculorum
2356 3778 2492 3842 turpi

1463 3856 1663 3906 nomine
1682 3863 1892 3902 notaret.
1912 3854 2107 3902 Seilioet
2128 3867 2288 3903 vetera
2312 3857 2492 3904 Roma·-

1463 3951 1641 3986 normn
1676 3935 1871 3997 ingenia
1912 3931 2038 3980 iuml
2075 3933 2201 3980 infr·
2228 3949 2366 3982 oum
2392 3951 2493 3982 na.

1465 4015 1771 4080 gnimdinem
1804 4011 1981 4061 endere
2012 4012 2380 4072 existimabant,
2415 4024 2495 4061 to-

1463 4097 1601 4157 rique
1634 4095 1687 4140 in
1724 4091 2001 4155 subigendo
2040 4093 2195 4154 orbe,
2231 4091 2327 4140 illis
2352 4107 2492 4142 erant
