2984 4684
822 404 953 472 DE
1001 404 1447 474 sumens
1499 406 1978 476 PRIVATls.
2075 383 2084 394 '
2323 409 2464 508 573

335 527 547 607 bunc-3
600 548 685 590 an
734 526 865 590 hoc
920 543 1243 615 tempore,
1304 528 1496 592 licent
1536 549 1754 615 agere.
1811 527 1942 592 Seu
1993 545 2070 593 ut
2125 545 2224 595 est
2287 532 2464 621 apud

333 635 509 698 Jctos
553 655 570 696 z
632 631 824 721 «ipso
877 633 1067 714 jure,
1104 653 1238 722 re,
1299 648 1640 721 tempore,
1693 633 1871 716 loco,
1921 655 2114 698 causa
2141 666 2187 699 n.
2235 637 2462 704 Cicero

332 762 457 827 pro
500 738 775 802 Murena
806 737 1017 826 lepide
1044 723 1272 803 irridet
1316 739 1433 805 has
1469 739 1818 822 formulas,
1847 761 1964 804 seu
2001 756 2221 825 notas,
2253 759 2330 808 ut
2359 767 2468 809 eas

334 859 558 926 vocat,
594 843 833 933 quibus
859 843 1147 908 actiones
1176 843 1648 932 dirigebantur.
1666 843 1852 910 Idem
1871 867 1994 934 pro
2013 847 2246 912 Caecin.
2269 871 2330 914 c.
2357 849 2491 932 23,-

334 949 645 1014 formulas
679 947 954 1038 appellat
990 949 1267 1037 aucupia
1292 950 1645 1014 verborum
1666 997 1685 1032 ,
1719 965 1785 1015 et
1809 950 2140 1016 literarum
2172 951 2469 1020 tendicu-

334 1055 465 1137 las;
504 1071 699 1144 atque
724 1055 1267 1136 jurisconsultum
1310 1057 1426 1144 qui
1460 1078 1594 1120 non
1627 1055 1712 1120 sit
1747 1043 2010 1140 Orator,
2052 1080 2174 1146 per
2203 1053 2276 1124 se
2307 1060 2470 1125 nihil

334 1160 511 1226 aliud
552 1183 691 1226 esse
730 1159 921 1244 dicit,
966 1160 1092 1224 nisi
1132 1161 1485 1250 leguleium
1519 1159 1870 1249 quemdam
1919 1179 2183 1228 cautum
2217 1181 2284 1228 et
2313 1189 2468 1230 acu-

336 1284 477 1332 tum
494 1316 513 1349 ‚
540 1289 905 1356 praeconem
922 1266 1291 1348 actionum,
1314 1282 1649 1333 cantorem
1669 1268 2098 1333 formularum
2111 1293 2468 1374 ,aucupem

335 1372 752 1462 syllabarum.
786 1372 887 1436 De
920 1372 1099 1436 Orat.
1121 1372 1191 1453 Ι,
1221 1393 1359 1462 cap.
1392 1370 1497 1438 55.
1533 1371 1664 1436 Et
1647 1394 1788 1461 ipse
1819 1373 1912 1438 ait
1949 1371 2146 1438 Gaius
2177 1397 2282 1440 eas
2321 1398 2468 1441 om-

248 1523 267 1540 .
336 1500 451 1542 nes
486 1478 645 1568 legis
680 1478 967 1543 actiones
994 1475 1381 1566 paullatim
1363 1501 1432 1541 ιιι
1465 1476 1696 1542 odium
1731 1478 2025 1545 venisse:
2072 1501 2354 1570 namque
2385 1505 2467 1547 ex

334 1584 531 1648 nimia
557 1599 847 1649 veterum
878 1583 1253 1666 subtilitate,
1272 1583 1387 1671 qui
1409 1599 1570 1648 tunc
1587 1583 1736 1664 jura
1755 1583 2189 1669 condiderint,
2217 1610 2299 1651 eo
2329 1610 2470 1653 rem

334 1688 739 1778 perductam,
760 1705 837 1753 ut
854 1690 957 1754 vel
978 1689 1095 1776 qui
1123 1689 1468 1754 minimum
1497 1706 1771 1753 errasset
1789 1737 1808 1772 ,
1841 1691 2022 1756 litem
2051 1691 2368 1781 perderet.
2393 1693 2470 1758 Id

336 1797 579 1862 scilicet
606 1796 858 1884 patricii
888 1796 1281 1861 invenerunt
1300 1842 1319 1877 ,
1356 1810 1433 1859 ut
1474 1816 1674 1882 penes
1700 1817 1771 1859 se
1801 1795 2087 1885 plebeios
2121 1799 2473 1882 haberent,

334 1904 451 1992 qui
481 1903 1067 1968 controversiarum
1087 1903 1361 1966 omnino
1394 1900 1594 1966 rudes
1615 1950 1635 1985 ,
1661 1900 1744 1966 ad
1775 1902 1934 1968 istos
1967 1927 2052 1969 ne
2077 1905 2240 1994 quid
2269 1907 2339 1971 in
2363 1907 2473 1972 eli-

332 2007 545 2098 genda
586 2009 841 2073 actione
891 2022 1223 2090 errarent,
1246 2023 1313 2071 et
1362 2007 1487 2072 levi
1539 2006 1828 2096 quodam
1887 2024 2226 2098 peccarent
2277 2013 2476 2097 vitio,

333 2117 687 2206 confugere
722 2115 1149 2206 cogebantur.

422 2221 540 2286 His
563 2221 869 2309 expositis
888 2269 906 2297 ‚
942 2243 1089 2308 quae
1112 2219 1315 2284 totius
1348 2216 1546 2298 hujus
1566 2221 1938 2306 argumenti
1961 2221 2093 2287 sint
2115 2225 2300 2311 quasi
2325 2249 2476 2315 pro-

332 2329 619 2393 lusiones
637 2373 657 2408 ,
688 2327 821 2408 jam
846 2323 1197 2390 dicendum
1220 2339 1321 2389 est
1342 2347 1493 2411 quae
1514 2325 1679 2388 ratio
1709 2327 1905 2390 fuerit
1927 2329 2404 2414 postulationis,

423 2433 935 2497 Postulationem
986 2447 1053 2495 et
1092 2429 1365 2494 actionis
1416 2428 1776 2494 editionem
1815 2431 2220 2518 praecedebat
2265 2435 2333 2498 in
2363 2436 2472 2516 jus

334 2538 631 2620 vocati03
683 2536 1077 2624 sequebatur
1116 2535 1253 2600 dies
1286 2533 1682 2622 cognitionis
1697 2581 1716 2616 ‚
1771 2550 1839 2600 et
1878 2534 2163 2623 denique
2190 2538 2470 2608 dationis

330 2644 522 2735 (dies)
563 2642 799 2724 judicis
832 2641 1158 2730 postulati.

420 2751 575 2816 Fuit
606 2748 1063 2815 honestissima
1098 2745 1575 2812 consuetudine
1605 2763 2092 2836 comparatum,
2121 2765 2198 2815 ut
2231 2751 2471 2838 petitor

334 2881 523 2941 eum,
558 2857 737 2922 unde
783 2855 1079 2945 petebat,
1130 2853 1419 2944 primum
1468 2853 1772 2918 omnium
1807 2845 2225 2920 conveniret·
2204 2902 2224 2938 ,
2282 2858 2475 2946 eique

332 2964 749 3032 denuntiaret
784 2977 861 3026 ut
888 2960 991 3026 vel
1023 2959 1205 3048 quod
1237 2957 1506 3025 deberet
1524 3004 1542 3041 ,
1569 2975 1936 3046 praestaret3
1963 2959 2096 3043 vel,
2115 2961 2298 3050 quod
2319 2986 2474 3052 pos-

334 3070 605 3154 sideret,
642 3068 969 3134 exhiberet
982 3115 1001 3149 ,
1038 3066 1504 3132 restitueretve.
1522 3065 1666 3130 Hoc
1692 3081 1829 3129 erat
1859 3065 2208 3155 appellare,
2237 3069 2340 3132 vel
2365 3069 2475 3136 ad·

334 3200 603 3243 monere
634 3175 1027 3240 debitorem.
1058 3173 1193 3240 Cic.
1228 3195 1351 3261 pro
1378 3171 1610 3256 Quint.
1637 3171 1896 3259 passim.

428 3279 629 3364 Quod
670 3282 726 3346 si
774 3304 875 3345 res
922 3281 1051 3344 hoc
1084 3297 1274 3370 pacto
1310 3279 1660 3344 convenire
1691 3278 1864 3342 inter
1905 3275 2302 3344 adversarios
2335 3304 2472 3347 non

332 3403 548 3479 posset
568 3435 587 3468 ,
632 3383 933 3450 nondum
970 3401 1183 3448 tamen
1225 3385 1292 3446 in
1320 3381 1426 3462 jus
1467 3381 1804 3466 adibatur3
1862 3405 1982 3446 nec
2038 3383 2206 3448 actio
2251 3385 2469 3450 inten-

334 3495 647 3574 debatur,
682 3493 842 3579 quin
874 3490 1056 3578 prius
1090 3489 1195 3554 illa
1222 3489 1658 3554 controversia
1693 3487 1776 3552 ad
1813 3511 2194 3556 communes
2229 3491 2478 3580 aliquot

332 3601 579 3666 amicos
602 3645 623 3681 ,
676 3613 743 3662 et
776 3597 1119 3661 familiares
1155 3594 1362 3661 delata
1398 3609 1604 3671 esset,
1651 3595 1764 3682 qui
1810 3594 1979 3660 intra
2019 3597 2301 3685 privatos
2355 3622 2474 3687 pa-

276 3757 285 3766 .
332 3708 525 3772 rietes
558 3703 1028 3792 experirentur,
1059 3724 1143 3766 an
1174 3715 1438 3790 possent
1484 3699 1823 3764 subortam
1871 3723 2266 3790 componere
2309 3727 2475 3770 con·

334 3811 733 3880 troversiam.
774 3809 907 3874 Cic.
940 3830 1061 3898 pro
1086 3807 1317 3890 Quint.
1350 3804 1409 3887 5,
1442 3829 1467 3868 ι
1489 3829 1544 3868 ι.
1593 3804 1760 3870 Inde
1791 3822 1888 3898 est
1923 3807 2102 3894 quod
2137 3809 2362 3874 Cicero
2397 3835 2474 3876 ac

334 3919 551 3985 Livius
576 3915 924 3998 «judicium
960 3913 1125 3976 intra
1158 3911 1429 4001 parietes
1452 3940 1478 3966 a·
1513 3928 1916 3999 nuncupent.

433 4023 631 4108 Quod
655 4024 707 4087 si
730 4020 1166 4086 controversia
1198 4017 1413 4107 peragi
1436 4039 1656 4082 coram
1677 4015 2103 4108 disceptatore
2119 4021 2482 4088 domestico

334 4134 667 4221 nequiret,
707 4127 1089 4193 veniebatur
1122 4127 1185 4191 in
1212 4125 1319 4205 jus
1346 4123 1477 4188 hoc
1513 4139 1726 4210 pacto.
