2984 4684
511 394 653 481 340
1029 389 1036 394 ’
1161 391 1256 462 Μ.
1309 379 1386 460 Τ.
1434 381 1994 492 CICERONIS

503 515 694 588 tuit?
725 517 1003 614 Nuper,
1031 517 1130 584 M.
1153 514 1448 586 Aurelio
1476 518 1823 586 Scauro¹¹
1858 509 2312 610 postulante,
2348 509 2555 609 quod
2588 515 2653 587 is

500 626 767 726 Ephesi
801 647 877 696 se
902 637 1338 721 quaestorem
1369 625 1440 695 vi
1465 621 1923 723 prohibitum
1954 645 2110 694 esse
2136 617 2423 692 dicebat
2442 675 2463 710 ,
2495 645 2653 720 quo

501 741 750 810 minus
781 760 822 806 e
862 732 1036 807 fano
1067 737 1313 806 Dianae
1349 759 1641 806 servum
1678 758 1929 822 suum,
1974 733 2105 830 qui
2143 734 2221 801 in
2260 731 2443 803 illud
2484 757 2652 830 asy-

500 847 732 919 lum¹²
785 841 1272 944 confugisset,
1344 842 1781 934 abduceret;
1859 842 2173 916 Pericles
2239 843 2600 941 Ephesius
2624 898 2646 932 ‚

495 958 722 1030 homo
744 955 1240 1028 nobilissimus
1256 1009 1277 1044 ‚
1302 959 1609 1028 Romam
1626 967 1968 1027 evocatus
1992 967 2103 1024 est
2117 1007 2137 1042 ,
2159 950 2364 1051 quod
2386 967 2651 1026 auctor

497 1069 781 1166 injuriae
822 1067 1017 1138 illius
1057 1064 1279 1139 fuisse
1309 1079 1735 1164 argueretur
1773 1092 1790 1136 t
1833 1078 1949 1152 tu,
1985 1065 2048 1136 si
2082 1077 2156 1134 te
2193 1062 2515 1160 legatum
2544 1066 2645 1136 ita

494 1181 872 1276 Lampsaci
911 1190 1297 1248 tractatum
1351 1201 1541 1264 esse,
1576 1188 1911 1247 senatum
1948 1172 2351 1262 docuisse5‚
2394 1187 2482 1245 ut
2534 1177 2649 1246 tui

493 1291 798 1360 comites
852 1287 1430 1376 vulnerarentur,
1485 1286 1701 1358 lictor
1758 1284 2237 1374 occideretur,
2289 1285 2443 1383 ipse
2500 1285 2646 1356 cir-

492 1420 899 1468 cumsessus
928 1421 1130 1495 paene
1165 1396 1676 1498 incenderere3
1699 1397 1860 1496 ejus
1894 1408 2140 1467 autem
2180 1397 2285 1466 rei
2320 1393 2543 1468 duces
2572 1410 2649 1468 et

487 1522 818 1580 auctores
842 1523 916 1579 et
945 1509 1312 1607 principes
1337 1505 1398 1552 ¹³
1427 1503 1651 1579 fuisse
1667 1561 1687 1593 ,
1713 1531 1901 1604 quos
1924 1503 2180 1579 scribis
2202 1559 2221 1594 ,
2241 1503 2651 1578 Themista·

491 1643 743 1720 goram
781 1632 857 1690 et
892 1619 1313 1690 Thessalum
1349 1647 1366 1690 ε
1399 1621 1565 1716 quis
1601 1642 1754 1689 non
1800 1615 2430 1688 commoveretur?
2470 1618 2641 1713 quis

491 1753 644 1800 non
682 1754 774 1801 ex
809 1728 1074 1823 injuria
1095 1782 1115 1815 ‚
1153 1752 1316 1826 quae
1351 1725 1486 1799 tibi
1524 1741 1709 1798 esset
1741 1725 1926 1798 facta
1944 1780 1965 1815 ,
1998 1724 2136 1797 sibi
2174 1724 2644 1824 provideret?

491 1841 658 1936 quis
693 1840 952 1908 nonin
988 1861 1072 1907 ea
1101 1861 1180 1908 re
1215 1860 1502 1909 causam
1536 1853 1769 1926 tuam,
1796 1835 2207 1935 periculum
2245 1859 2641 1909 commune

489 1949 604 2046 agi
635 1946 1160 2020 arbitraretur?
1196 1949 1484 2019 Etenim
1520 1971 1791 2020 nomen
1829 1945 2046 2044 legati
2090 1945 2449 2043 ejusmodi
2488 1971 2647 2019 esse

491 2055 714 2129 debet
730 2111 750 2146 ,
769 2055 973 2154 quod
1003 2082 1154 2128 non
1179 2056 1406 2129 modo
1425 2061 1619 2130 inter
1646 2060 2010 2130 sociorum
2034 2056 2232 2152 jura,
2266 2056 2395 2130 sed
2422 2059 2643 2128 etiam

488 2171 681 2238 inter
716 2167 1039 2238 hostium
1075 2165 1218 2239 tela
1250 2167 1619 2240 incolume
1645 2168 2075 2240 versetur¹⁴.

583 2279 907 2348 XXXIV.
931 2279 1277 2372 Magnum
1295 2277 1439 2350 hoc
1455 2283 2029 2376 Lampsacenum
2054 2276 2331 2350 crimen
2350 2290 2459 2358 est
2483 2275 2645 2348 libi·

491 2386 683 2459 dinis
717 2401 938 2485 atque
982 2386 1535 2485 improbissimae
1584 2386 2044 2486 cupiditatist
2080 2388 2383 2485 accipite
2430 2405 2640 2459 nunc

485 2498 796 2592 avaritiae
831 2496 1371 2594 propemodum
1398 2500 1476 2568 in
1510 2521 1645 2570 suo
1670 2519 1937 2596 genere
1969 2520 2123 2567 non
2152 2496 2397 2570 levius.
2428 2485 2643 2571 Mile·

561 2787 641 2820 ιι.
665 2773 735 2821 Μ.
751 2772 955 2822 Aurelio
974 2773 1180 2825 Scauro.
1199 2773 1341 2822 Alius
1367 2775 1430 2823 ab
1452 2787 1514 2825 eo

485 2850 574 2914 qui
585 2849 890 2900 Dolabellam
903 2854 1171 2913 accusavit3
1190 2853 1276 2902 ille
1293 2869 1356 2902 ex
1371 2865 1515 2920 gente

483 2929 684 2977 Aurelia
709 2929 900 2995 plebeia
934 2930 1030 2979 fuit
1062 2941 1112 2979 et
1149 2931 1321 2980 consul
1351 2935 1414 2982 A.
1441 2934 1510 2982 U.

487 3009 609 3066 642.
639 3008 756 3058 vid.
791 3009 924 3074 Epit.
963 3010 1068 3060 Liv.
1103 3011 1268 3074 an,
1303 3022 1354 3060 et
1376 3009 1511 3062 vell.

487 3089 593 3137 Pnt.
613 3089 688 3147 11,
721 3101 804 3136 η.

564 3183 647 3217 12.
691 3167 912 3229 Asylum.
956 3167 1050 3216 Jus
1084 3167 1213 3232 agrli
1252 3168 1511 3234 Ephesini,

483 3245 551 3295 ob
579 3262 765 3310 magnae
787 3246 957 3294 Dianae
977 3245 1310 3295 celebritatem
1323 3282 1339 3307 ,
1365 3264 1513 3312 quam

482 3325 582 3375 late
607 3325 845 3391 patuerit,
885 3325 1030 3374 docet
1059 3325 1254 3376 strabo.
1287 3329 1515 3378 Ceoemm

484 3406 722 3471 fugitivo·
759 3419 928 3453 servos
962 3419 1024 3454 ex
1061 3404 1210 3470 asylis
1245 3405 1426 3454 retrahi
1450 3407 1513 3455 li-

485 3487 641 3534 cuisse
661 3485 839 3550 probat
861 3484 1001 3533 locun
1027 3483 1158 3534 Plut.
1183 3485 1244 3532 de
1271 3485 1334 3532 1⁸.
1355 3495 1407 3533 et
1423 3487 1513 3536 0⁸.

481 3566 738 3615 Interdum
764 3576 928 3615 autem
953 3565 1138 3614 Grecis
1161 3565 1412 3630 asylomm
1433 3565 1516 3627 jus

481 3646 579 3695 suit
604 3662 915 3706 concentum,
949 3643 1199 3694 interdum
1229 3643 1513 3710 demptum,

478 3724 598 3773 hinc
615 3725 850 3776 Romanis
865 3723 1077 3790 publice
1093 3723 1295 3772 utilitati
1312 3725 1513 3789 prospi-

482 3805 742 3865 cientibus,
761 3805 880 3853 inde
898 3805 1084 3853 Graecie
1100 3813 1304 3853 vetuste
1319 3803 1515 3869 religio-

481 3885 561 3931 nis
589 3884 698 3944 jura
737 3883 1127 3934 defendentibus.
1163 3883 1318 3948 Quod
1343 3884 1513 3932 scribit

485 3964 688 4010 Sueton.
715 3962 765 4010 in
782 3963 948 4012 Tiber.
969 3961 1063 4012 36:
1097 3983 1120 4008 ιι
1136 3962 1368 4012 Abolevit
1381 3997 1399 4024 ‚
1437 3963 1512 4010 in·

485 4043 620 4106 quit,
638 4041 864 4090 Tiberius
879 4077 894 4102 ,
929 4052 978 4090 et
997 4043 1080 4103 jue
1101 4057 1384 4106 moremque
1405 4058 1513 4106 asy-

481 4121 644 4170 lorum
671 4138 780 4186 quae
807 4136 1010 4186 usquam
1037 4132 1174 4171 crant
1187 4143 1230 4171 a.
1259 4117 1513 4188 Significat

1603 2791 1706 2824 non
1744 2775 1975 2824 omnibus
2008 2775 2156 2824 fuisse
2196 2775 2347 2825 sacris
2372 2775 2499 2825 locis
2524 2789 2641 2844 asy-

1602 2855 1725 2905 lum.
1760 2856 1987 2905 Cetermn
2022 2867 2225 2920 apparet
2242 2856 2325 2917 jus
2350 2853 2417 2904 ad
2450 2863 2641 2907 statuae

1602 2933 1807 2984 dcomm
1827 2944 1914 2983 aut
1930 2935 2279 2999 imperatorum
2296 2935 2641 3001 confugiendi,

1600 3029 1704 3062 non
1726 3013 1931 3063 omnino
1954 3011 2053 3062 hoc
2078 3011 2275 3063 decreto
2300 3015 2447 3064 suinae
2473 3015 2635 3065 subla·

1600 3103 1729 3154 tum,
1761 3103 1811 3142 et
1834 3094 1890 3142 in
1920 3093 2170 3159 Capitolio
2200 3104 2408 3160 propter
2433 3094 2633 3161 religio-

1600 3188 1713 3222 nem
1760 3172 1816 3221 id
1848 3173 1930 3235 jun
1970 3173 2118 3222 fuisse
2156 3189 2219 3222 ne
2254 3173 2504 3240 supplice·
2544 3191 2639 3240 per

1602 3253 1701 3301 vim
1724 3252 2099 3305 abducerentur.
2133 3255 2245 3318 Qua
2276 3253 2340 3303 dc
2368 3271 2423 3303 re
2464 3255 2640 3304 confer

1600 3333 2015 3398 egregiumTaciti
2036 3333 2217 3382 Annal.
2232 3334 2329 3396 111,
2346 3333 2415 3382 60
2438 3333 2605 3382 locum
2618 3369 2635 3394 ,

1602 3421 1653 3460 et
1676 3412 1937 3476 Spanhem.
1960 3411 2023 3460 de
2049 3411 2293 3461 Numism.
2322 3427 2377 3476 pe
2402 3413 2525 3474 671.

1678 3506 1700 3538 1
1712 3489 1763 3539 3.
1782 3493 2018 3539 Gruterus
2040 3499 2242 3540 testatur
2258 3490 2314 3538 in
2334 3491 2459 3539 MSS
2475 3490 2639 3540 tribua

1601 3570 1703 3623 suia
1752 3569 1939 3619 nullam
1980 3585 2083 3620 eene
2130 3569 2359 3636 copulam
2374 3603 2391 3629 ‚
2438 3569 2638 3634 legique

1602 3648 1737 3710 vult,
1774 3659 2041 3698 -auctores
2066 3649 2315 3716 principes
2326 3669 2367 3697 n.
2391 3647 2531 3698 Nihil
2556 3659 2638 3697 ta·

1600 3744 1715 3778 men
1739 3738 1967 3794 putamus
1998 3745 2026 3776 a
2048 3727 2259 3794 vulgatis
2286 3726 2637 3780 recedendum.

1600 3809 1635 3856 J
1642 3843 1655 3858 .
1677 3810 1739 3857 V.
1768 3809 1823 3856 L.

1677 3894 1761 3944 14.
1792 3890 2035 3938 Versetur.
2058 3887 2139 3937 Sic
2177 3886 2241 3935 de
2263 3887 2479 3950 Han-usp.
2506 3901 2639 3949 neap.

1602 3985 1626 4008 α
1642 3966 1723 4016 Sic
1740 3967 1871 4014 enim
1890 3967 2068 4028 tentio,
2080 3967 2162 4028 jus
2184 3965 2473 4031 legatorum,
2482 3979 2639 4028 quum

1598 4044 1857 4094 hominum
1880 4045 2113 4110 presidio
2141 4045 2383 4094 munitum
2410 4044 2499 4102 sit,
2528 4055 2639 4094 tum

1602 4125 1747 4174 etiam
1766 4124 1937 4175 divino
1958 4127 2070 4189 jure
2096 4141 2202 4176 esee
2220 4124 2449 4176 vallatum
2464 4144 2505 4171 a.
