2984 4684
473 387 610 458 262
1113 388 1210 454 M.
1263 387 1340 454 T.
1394 387 1966 463 CICERONIS

463 533 718 581 verum
745 529 899 580 esse
919 505 1289 578 videatur?
1315 509 1501 580 Nam
1532 505 1673 578 hoc
1689 509 1991 580 Verrem
2011 502 2251 577 dicere
2277 505 2566 579 aiebant
2584 561 2607 596 ‚

467 633 538 690 te
577 641 730 688 non
767 613 986 704 fato¹‚
1035 629 1120 686 ut
1150 630 1430 688 ceteros
1477 631 1567 688 ex
1601 631 1837 688 vestra
1874 615 2175 703 familia,
2211 615 2341 688 sed
2387 642 2609 715 opera

463 753 616 817 sua,
641 727 1013 800 consulem
1039 725 1334 800 factum.
1361 732 1531 800 Duo
1556 729 1779 823 igitur
1806 726 2141 798 consules
2169 740 2241 797 et
2268 728 2609 823 q'uoesitor

467 853 684 910 erunt
701 863 790 910 ex
807 837 1001 910 illius
1019 837 1416 910 voluntate.
1431 840 1598 910 Non
1614 837 1851 910 solum
1874 835 2328 934 effugiemuS‚
2342 838 2609 933 inquit,

471 949 847 1024 hominem
897 953 976 1020 in
1021 948 1416 1047 quaerendo
1453 952 1763 1020 nimium
1806 946 2263 1045 diligentem,
2300 949 2607 1018 nimium

469 1062 898 1133 servientem
939 1058 1196 1157 populi
1233 1062 1783 1148 existimationi,
1806 1058 1921 1130 Μ’.
1948 1057 2420 1130 Glabrionem
2450 1084 2468 1128 z
2496 1081 2607 1128 ac·

469 1170 680 1242 cedet
709 1169 924 1268 nobis
951 1174 1168 1242 etiam
1189 1169 1645 1242 illud-'iudex
1668 1183 1779 1242 est
1794 1174 1893 1242 M.
1912 1170 2313 1254 Caesonius,
2333 1166 2607 1264 collega

468 1282 698 1356 nostri
725 1283 1161 1354 accusatoris
1176 1335 1195 1368 ,
1218 1280 1446 1352 homo
1469 1281 1545 1351 in
1570 1279 1793 1353 rebus
1812 1279 2225 1375 judicandis
2248 1291 2611 1376 spectatus

469 1408 543 1464 et
567 1394 925 1489 cognitus;
943 1415 1166 1487 quem
1189 1394 1492 1462 minime
1512 1391 1849 1490 expediat
1880 1415 2035 1464 esse
2056 1394 2133 1462 in
2154 1414 2245 1461 eo
2266 1388 2571 1460 consilio
2585 1443 2607 1476 ‚

469 1502 672 1600 quod
703 1526 1056 1574 conemur
1079 1500 1323 1599 aliqua
1355 1505 1639 1572 ratione
1670 1525 2141 1599 corrumpere
2170 1527 2187 1572 z
2226 1513 2613 1597 propterea

471 1611 674 1710 quod
724 1613 876 1710 jam
923 1626 1164 1700 antea,
1219 1636 1452 1709 quum
1500 1611 1729 1708 judex
1771 1615 1851 1682 in
1896 1613 2255 1684 Iuniano²
2306 1606 2612 1682 consilio

471 1719 758 1808 fuisset,
787 1723 1288 1819 turpissimum
1315 1720 1499 1793 illud
1534 1721 1811 1794 facinus
1842 1747 1993 1793 non
2030 1721 2267 1792 solum
2304 1723 2616 1818 graviter

474 1834 664 1920 tulit,
687 1831 814 1903 sed
851 1833 1067 1903 etiam
1105 1834 1182 1903 in
1219 1832 1541 1904 medium
1572 1832 1899 1931 protulit.
1930 1838 2139 1903 Hunc
2167 1831 2487 1926 judicem
2524 1855 2613 1903 ex

473 1943 612 2019 kal.
637 1946 912 2037 januar.
932 1969 1084 2016 non
1104 1941 1595 2016 habebimus&
1618 1947 1706 2035 Q.
1726 1944 2079 2018 Manlium
2104 1957 2177 2014 et
2194 1945 2283 2032 Q.
2302 1939 2613 2012 Cornifi-

471 2057 666 2126 cium
688 2107 707 2140 ,
745 2053 934 2124 duos
963 2056 1458 2125 severissimos
1501 2070 1721 2153 atque
1756 2059 2262 2151 integerrimos
2293 2051 2614 2148 judices»,

469 2161 674 2261 quod
708 2161 990 2234 tribuni
1029 2161 1264 2261 plebis
1293 2177 1454 2261 tum
1493 2179 1709 2236 erunt
1734 2219 1754 2252 ,
1790 2165 2071 2260 judices
2114 2189 2267 2236 non
2310 2161 2615 2236 habebi-

474 2299 658 2346 mus.
712 2279 786 2346 P.
833 2273 1225 2373 Sulpicius,
1263 2273 1490 2370 judex
1538 2276 1760 2347 tristis
1798 2289 1871 2347 et
1904 2278 2207 2370 integer,
2246 2277 2614 2372 magistra-

474 2399 632 2455 tum
666 2385 903 2456 ineat‘·
929 2409 1223 2458 necesse
1253 2399 1362 2457 est
1395 2388 1617 2456 nonis
1640 2384 2006 2457 decembr.
2038 2390 2135 2456 M.
2160 2386 2613 2482 CrepereiuS‚

473 2519 562 2567 ex
587 2491 980 2566 acerrima⁵
1013 2495 1132 2565 illa
1167 2499 1488 2592 equestri
1508 2495 1778 2569 familia
1806 2511 1880 2568 et
1916 2494 2334 2594 disciplina;
2356 2499 2433 2566 L.
2454 2498 2617 2566 Cas-

473 2607 656 2694 siuS,
705 2629 793 2676 ex
829 2605 1095 2678 familia
1134 2620 1294 2677 tum
1329 2601 1424 2678 ad
1459 2622 1734 2680 ceteras
1770 2631 1885 2678 res
1909 2661 1928 2694 ,
1964 2621 2125 2677 tum
2158 2606 2249 2677 ad
2284 2604 2617 2701 judican-

472 2715 651 2788 dum
677 2718 1154 2805 severissima3
1194 2720 1328 2788 Cn.
1357 2718 1783 2790 Tremellius
1806 2775 1825 2808 ,
1864 2717 2091 2790 homo
2129 2743 2413 2788 summa
2450 2716 2615 2788 reli-

479 2829 696 2924 gione
734 2841 808 2898 et
842 2813 1222 2925 diligentia
1259 2855 1275 2896 z
1316 2843 1460 2898 tres
1491 2827 1569 2898 hi
1597 2828 1931 2900 homines
1970 2825 2301 2899 veteres⁶
2340 2824 2621 2898 tribuni

477 2937 823 3008 militares
845 2952 1014 3008 sunt
1035 2935 1380 3036 designati
1399 2963 1523 3009 :ex
1544 2937 1671 3009 kal.
1686 2938 1971 3033 jariuar.
1987 2961 2142 3008 non
2160 2935 2615 3032 judicabunt.

547 3171 618 3218 Ι.
651 3185 699 3218 1.
728 3167 988 3231 Nonfato.
1027 3167 1222 3218 Anndit
1247 3169 1312 3218 ad
1345 3170 1502 3219 faceta

475 3250 666 3298 dictum
702 3247 860 3297 Naevii
897 3259 1090 3311 poete:
1117 3251 1282 3296 «Fato
1311 3247 1503 3298 Metelli

478 3334 651 3380 Rome
667 3327 795 3378 flunt
819 3329 1114 3386 consules»,
1143 3329 1224 3378 cui
1251 3341 1370 3378 tuuc
1393 3331 1505 3380 Μο-

477 3411 624 3460 tellus
641 3409 818 3458 consul
837 3410 989 3458 iratus
1007 3409 1350 3472 responderat:
1369 3413 1504 3458 «Da-

477 3489 608 3540 bunt
628 3489 810 3538 malum
835 3487 1024 3538 Metelli
1047 3489 1224 3537 Navio
1249 3500 1469 3554 poete».

555 3585 604 3618 a.
662 3569 906 3618 Iuniana.
950 3570 1120 3631 Quum
1171 3570 1501 3632 Oppianicus,

475 3649 642 3710 jndice
693 3649 977 3711 questionis
1019 3649 1174 3697 sunio
1191 3682 1207 3707 ,
1249 3649 1505 3704 dunatus

477 3739 584 3776 est:
609 3738 730 3776 tunc
747 3729 876 3776 enim
893 3728 1144 3778 Caesonius
1161 3727 1318 3788 judex
1339 3743 1505 3776 cor-ru·

479 3818 594 3872 ptos
602 3806 793 3867 judices
807 3808 968 3855 indica
973 3807 1190 3855 vitando
1200 3822 1296 3872 pro
1307 3807 1503 3857 cluent.

557 3888 605 3934 3.
631 3887 744 3934 Non
761 3885 1060 3935 habebimus.
1079 3888 1208 3950 Quia
1229 3887 1320 3934 erit
1335 3886 1509 3944 astulis,

481 3979 532 4015 et
569 3965 877 4026 magistratus
911 3967 1132 4027 judicum
1167 3977 1332 4031 partes
1363 3968 1510 4014 susti-

439 4097 446 4104 ,
477 4062 594 4096 nere
619 4059 707 4107 per
730 4044 860 4106 leges
879 4061 980 4093 non
1000 4059 1222 4109 possunt.

555 4131 604 4180 4.
627 4123 848 4172 Lambiu.
863 4135 1068 4187 oportet.
1091 4127 1142 4174 J.
1159 4127 1225 4173 V.
1244 4127 1297 4172 1..
1317 4153 1387 4162 —
1406 4125 1509 4173 No·

1589 3169 1665 3220 nis
1710 3169 1951 3220 decembr.
1989 3170 2199 3220 Tribuni
2246 3169 2406 3234 plebis
2456 3187 2622 3220 meuse

1590 3248 1835 3300 decembri
1854 3250 2183 3313 magistratum
2204 3249 2426 3298 inibant:
2444 3261 2621 3314 quarto

1590 3328 1703 3377 idus
1718 3363 1735 3389 ‚
1776 3329 2047 3377 secuudum
2074 3329 2267 3377 Livium
2286 3363 2303 3389 ‚
2350 3331 2583 3380 XXXIX
2602 3365 2619 3388 ‚

1594 3407 1659 3456 52
1678 3443 1695 3467 ,
1720 3419 1773 3456 at
1804 3409 2018 3472 Dionys.
2051 3409 2269 3472 1121.V1;
2306 3409 2451 3459 nouis
2474 3411 2621 3471 ves-d,

1590 3497 1731 3536 oute
1752 3487 2005 3536 Ciceronis
2020 3521 2035 3546 ,
2060 3499 2117 3536 ut
2133 3488 2187 3536 h.
2208 3487 2245 3537 l.
2264 3499 2419 3554 patet.

1666 3567 1715 3615 5.
1732 3567 1819 3614 Ex
1842 3567 2101 3615 acen-ima.
2114 3568 2193 3614 Ex
2210 3567 2391 3616 familia
2408 3569 2624 3632 equestri

1592 3655 1763 3705 natus,
1798 3661 1933 3694 nunc
1956 3657 2125 3694 auten
2142 3659 2366 3708 senator3
2396 3648 2533 3712 quod
2560 3665 2621 3697 ex

1590 3741 1655 3775 eo
1676 3727 1856 3790 liquet,
1872 3728 1987 3790 quia
2000 3726 2157 3786 iudex
2180 3737 2269 3776 est.
2291 3729 2483 3776 severis
2505 3744 2623 3776 vero

1590 3807 1843 3855 institutus
1863 3805 2168 3870 disciplinis,
2195 3823 2307 3872 qum
2333 3807 2388 3856 in
2414 3807 2623 3872 equestri

1596 3885 1773 3935 ordine
1792 3885 2037 3949 vigebant.
2308 3889 2317 3896 ’

1666 3969 1721 4014 6.
1756 3968 1965 4014 Veteres.
1992 3966 2223 4030 Antiqua
2246 3967 2535 4015 severitatis.
2554 3993 2625 4002 ——

1605 4043 1805 4092 Tribuni
1832 4045 2067 4094 militares
2088 4045 2151 4093 ab
2168 4045 2545 4110 imperatoribus
2562 4045 2623 4093 ad

1594 4139 1779 4174 aunum
1800 4141 1955 4188 usque
1976 4125 2105 4188 3933
2130 4135 2299 4190 postea
2317 4141 2433 4173 vero
2452 4126 2625 4173 Romae
