2984 4684
711 362 822 431 IN
871 363 1300 432 VERREM
1349 364 1563 430 AcT.
1611 365 1728 445 11,
1773 363 1965 432 Lm.
2018 366 2117 432 11.
2220 365 2227 373 ·
2334 371 2487 463 -477

347 506 610 556 censor
639 498 766 554 aut
799 483 1028 582 legem
1075 499 1436 556 metueret
1449 495 1503 570 ²,
1532 507 1677 580 qua
1702 507 1851 554 non
1880 485 2287 578 tenebatur,
2314 513 2497 586 quo—

347 597 542 666 niam
597 608 885 666 creatus
937 594 1096 693 lege
1155 619 1306 664 non
1362 607 1563 680 erat3
1628 608 1752 665 aut
1802 594 2496 670 animadversionem

349 719 591 792 tuam,
642 729 875 801 quum
934 703 1047 793 id,
1095 703 1300 801 quod
1342 702 1474 774 abs
1525 718 1597 774 te
1650 718 1964 789 emerat,
2013 705 2501 780 vendidisset?

346 819 616 887 Teneat
637 815 787 910 jam
821 839 992 886 sane
1020 838 1225 886 meos
1255 828 1475 885 testes
1502 814 1836 886 Metellus
1856 839 1877 897 ς
1901 831 2111 912 cogat
2136 817 2318 889 alios
2344 819 2495 890 lau·

347 924 556 1010 dare,
596 928 782 994 sicut
822 926 898 994 in
951 923 1198 995 multis
1247 939 1551 997 conatus
1582 938 1691 997 est
1726 950 1741 992 τ
1784 924 2011 996 modo
2050 925 2203 998 haec
2246 927 2497 1016 faciat,

347 1058 510 1130 quae
541 1031 728 1104 facit.
765 1035 946 1124 Quis
984 1035 1178 1105 enim
1207 1058 1557 1132 umquam
1596 1049 1797 1105 tanta
1830 1059 1869 1105 a
1907 1060 2281 1133 quoquam
2321 1063 2497 1110 con-

349 1145 682 1235 tumelia,
738 1148 904 1242 quis
960 1160 1158 1216 tanta
1209 1147 1607 1243 ignominia
1660 1143 1966 1218 affectus
2008 1148 2164 1217 est?
2216 1150 2494 1239 Quinto

347 1278 644 1352 quoque
676 1277 870 1324 anno
901 1254 1138 1326 Sicilia
1166 1270 1316 1327 tota
1344 1270 1683 1327 censetur
1711 1284 1727 1326 τ
1762 1270 1915 1328 erat
1942 1281 2157 1328 censa
2190 1273 2495 1357 praetore

345 1361 711 1436 PeducaeO.
742 1368 1060 1456 Quintus
1092 1391 1328 1438 annus
1363 1391 1595 1463 quum
1631 1381 1702 1438 te
1745 1381 2055 1464 praetore
2092 1370 2494 1460 incidisset,

344 1497 559 1545 censa
590 1463 834 1547 denuo
863 1491 990 1547 est.
1029 1481 1325 1547 Postero
1351 1463 1549 1547 antio
1578 1481 1657 1547 L.
1676 1477 2013 1548 Metellus
2046 1481 2491 1552 mentionem

333 1585 452 1655 ‘tui
489 1609 750 1658 census
808 1583 968 1673 fieri
1009 1600 1203 1657 vetat
1241 1613 1257 1656 z
1293 1610 1633 1658 censores
1680 1587 1853 1658 dicit
1892 1585 1985 1660 de
2023 1591 2309 1688 integro
2352 1591 2491 1663 sibi

343 1698 568 1766 creari
618 1697 905 1793 placere
944 1723 960 1764 :
1006 1697 1280 1768 interea
1324 1696 1850 1769 Peducoeanum
1890 1722 2189 1769 censum
2236 1699 2488 1772 obser-

341 1807 492 1875 vari
521 1805 756 1900 jubet.
806 1811 960 1876 Hoc
1003 1807 1066 1877 si
1109 1821 1282 1878 tuus
1314 1808 1650 1879 inimicus
1688 1807 1820 1878 tibi
1872 1808 2192 1899 fecisset,
2245 1826 2486 1885 tamen

342 1912 510 1985 etsi³
546 1919 794 1987 animo
825 1941 1038 2014 aequo
1081 1919 1456 2014 provincia
1487 1919 1791 2006 tulisset,
1828 1918 2100 1990 inimici
2135 1920 2487 2016 judicium

342 2017 592 2122 grave'*
613 2026 986 2098 videretur
1014 2055 1029 2097 :
1061 2025 1240 2099 fecit
1267 2029 1541 2099 amicus
1570 2052 1847 2116 recem,
1886 2043 1959 2099 et
1986 2046 2334 2126 cognatus
2366 2058 2491 2105 vo—

342 2137 696 2209 luntarius
720 2134 772 2209 ⁵.
825 2138 1051 2230 Aliter
1086 2142 1278 2210 enim
1303 2193 1323 2226 ‚
1373 2141 1432 2209 si
1475 2135 1973 2239 provinciam⁶
2019 2142 2374 2230 retinere,
2430 2144 2490 2213 si

341 2247 577 2318 salvus
608 2249 763 2347 ipse
792 2248 868 2318 in
894 2250 1272 2346 provincia
1296 2250 1511 2321 vellet
1548 2274 1704 2322 esse
1721 2305 1740 2339 ‚
1772 2249 2007 2322 facere
2040 2277 2195 2323 non
2222 2256 2486 2362 pptuit.

439 2362 653 2429 LVII.
693 2362 1080 2454 Exspectas
1100 2361 1352 2446 etiam,
1372 2358 1555 2457 quid
1587 2360 1665 2429 hi
1684 2359 2047 2454 judicent?
2071 2364 2143 2432 Si
2171 2361 2307 2433 tibi
2342 2389 2488 2436 ma-

341 2469 720 2564 gistratum
746 2466 1161 2564 abrogasset
1181 2480 1232 2556 ¹,
1255 2471 1541 2539 minore
1574 2469 1971 2565 ignominia
1999 2483 2071 2541 te
2108 2469 2488 2562 affecisset,

339 2603 562 2676 quam
596 2602 830 2675 quum
864 2601 988 2665 ea,
1029 2603 1192 2674 quae
1241 2580 1320 2648 in
1369 2579 1795 2676 magistratu
1832 2581 2146 2676 gessisti,
2202 2583 2489 2654 sustulit
2522 2614 2529 2624 ·

339 2704 560 2788 atque
587 2691 784 2760 irrita
807 2687 1019 2783 jussit
1055 2712 1228 2761 esse.
1249 2689 1509 2784 Neque
1545 2689 1620 2757 in
1655 2687 1907 2777 haere
1945 2689 2097 2760 sola
2134 2689 2273 2761 fuit
2300 2686 2487 2789 ejus·

345 2800 724 2891 modi;sed
743 2855 762 2890 ‚
781 2793 1174 2898 antequam
1201 2823 1337 2896 ego
1372 2801 1449 2869 in
1484 2800 1801 2871 Siciliam
1826 2800 1994 2871 veni
2014 2855 2034 2888 ‚
2053 2802 2128 2896 in
2158 2805 2488 2876 maximis

343 2913 558 2984 rebus
593 2937 676 2984 ac
713 2910 1062 3011 plurimis.
1107 2913 1291 2982 Nam
1337 2923 1408 2980 et
1443 2908 1773 2980 Heraclio
1829 2906 2275 3005 Syracusano
2318 2927 2487 2984 tuos

415 3163 465 3197 α.
504 3147 632 3206 Alii,
673 3148 927 3206 metuerit,-
963 3147 1046 3196 alii
1063 3183 1078 3209 ,
1113 3154 1368 3195 nutrierat.

343 3255 412 3265 —-
433 3228 530 3290 Qui
553 3243 646 3292 pro
673 3228 781 3291 quis
807 3229 1044 3290 sumitur,
1074 3237 1132 3274 ut
1155 3241 1298 3290 προ.
1337 3237 1346 3248 ·

415 3308 443 3354 3
453 3340 466 3355 .
478 3306 610 3354 Olim
621 3341 636 3364 ,
650 3317 814 3354 tamen
827 3307 898 3363 si,-
911 3305 1062 3355 codd.
1074 3304 1143 3354 al.
1156 3303 1366 3352 tametsi.

341 3386 526 3434 Mureti
546 3383 694 3434 codd.
721 3387 985 3449 sequimur.
1009 3382 1145 3434 LV.
1173 3386 1227 3431 L.

416 3475 464 3524 4.
486 3464 732 3513 Iudicium
743 3481 918 3529 grave.
939 3469 1116 3529 Ingens
1137 3463 1230 3512 tibi
1249 3480 1371 3528 prae·

331 3545 578 3604 judicium
603 3541 710 3590 fieri
725 3543 990 3606 videretur.

415 3626 463 3672 5.
494 3624 738 3688 Cognatas
780 3621 1108 3672 voluntarius.
1145 3625 1369 3686 Repente

341 3707 470 3754 enim
508 3703 662 3768 coepit
694 3702 854 3751 dicere
871 3738 886 3764 ,
923 3718 974 3750 ee
1015 3703 1176 3750 omnia
1203 3701 1370 3750 Verris

342 3799 486 3832 cauea
513 3783 662 3840 velle,
678 3781 868 3846 sibique
889 3798 1000 3830 cum
1025 3797 1084 3829 eo
1105 3779 1368 3830 amicitiam

343 3881 448 3912 esse
474 3875 523 3912 et
547 3863 906 3927 cognationem.

415 3946 466 3994 6.
484 3944 539 3992 Si
545 3943 868 4008 provinciam.
898 3943 1143 3990 Excusare
1155 3937 1368 4004 primum

345 4023 599 4071 Metellum
620 4023 828 4081 videtur,
859 4023 946 4070 sed
971 4025 1128 4084 reipsa
1158 4031 1370 4078 accunt,

277 4129 298 4138 —
343 4105 480 4167 quod
501 4105 566 4152 ita
584 4104 644 4151 sit
669 4115 882 4153 mutatus
900 4101 1038 4168 quasi
1065 4101 1158 4167 ipsi
1183 4117 1370 4150 summa

1459 3145 1535 3192 vis
1570 3143 1789 3192 adhibita
1827 3144 2013 3193 fuisset.
2038 3147 2221 3193 Femt.
2250 3145 2488 3212 intellige-

1457 3224 1544 3272 bat
1560 3225 1602 3272 ai
1620 3225 1925 3288 provinciam
1952 3240 2057 3272 non
2079 3227 2279 3288 penitus
2303 3231 2485 3292 everti,

1459 3319 1694 3366 suamque
1732 3301 1907 3366 agendi
1946 3303 2183 3350 rationem
2225 3305 2485 3369 reprehen-

1459 3383 1597 3431 sione
1616 3398 1777 3430 carere
1794 3381 1963 3430 vellet.
1985 3384 2153 3431 Garat.
2166 3399 2284 3432 vero
2296 3385 2402 3433 haec
2420 3386 2487 3435 ad

1458 3463 1719 3527 quemdam
1746 3462 2004 3511 seditionis
2032 3474 2216 3512 metum
2244 3465 2485 3529 pertinere

1459 3545 1592 3604 conj.
1620 3547 1836 3593 Frustra.
1858 3543 1966 3592 Cic.
1980 3543 2107 3591 hauc
2125 3559 2262 3590 sunm
2282 3557 2485 3595 senten-

1457 3623 1573 3670 tiam
1592 3622 1817 3686 pluribus
1829 3623 1931 3684 jam
1950 3639 2051 3670 non
2067 3623 2216 3671 semel
2235 3624 2393 3673 verbis
2406 3643 2487 3676 ex-

1456 3701 1653 3766 plicuit3
1678 3718 1851 3767 nempe
1866 3703 2071 3750 omnino
2084 3702 2359 3752 deserturos
2372 3719 2485 3771 pro·

1455 3781 1667 3829 vinciam
1680 3781 1935 3845 agricolas,
1957 3781 2050 3828 nisi
2067 3781 2207 3830 aliter
2222 3796 2483 3848 regeretur.

1528 3861 1677 3908 Lvn.
1728 3877 1773 3910 1.
1811 3861 2125 3925 Abrogasset.
2176 3862 2454 3915 Ademimt
2470 3902 2485 3926 ‚

1457 3952 1673 3988 curasset
1697 3950 1753 3988 nt
1780 3956 1807 3988 a
1840 3952 1887 3990 te
1911 3942 2209 4002 auferretur3
2248 3943 2484 4009 abrogare

1459 4020 1588 4067 enim
1634 4021 1965 4084 magistratum
2007 4020 2178 4081 alicui,
2212 4034 2285 4072 est
2328 4023 2485 4088 legem

1459 4100 1585 4146 ferre
1602 4133 1617 4158 ,
1638 4111 1693 4146 ut
1714 4115 1830 4148 suus
1863 4095 2141 4149 ei'tollatur
2165 4102 2485 4165 magistratus.
