2984 4684
554 373 639 444 52
650 373 693 442 8
1336 371 1393 438 Ε
1406 373 1473 439 Χ
1487 372 1547 440 C
1561 371 1624 440 U
1638 371 1700 438 R
1715 370 1761 436 S
1779 373 1842 441 U
1857 373 1904 438 S

546 511 743 570 esset,
773 510 916 557 tum
935 541 954 576 ,
978 509 1055 557 ut
1078 493 1334 575 Romae,
1366 493 1460 556 sic
1484 493 1554 555 in
1589 492 1922 581 provincia
1955 491 2062 554 ille
2093 491 2380 579 peritum
2411 491 2710 579 aliquem

546 601 669 665 sibi
696 602 763 663 in
794 598 1139 662 consilium
1170 595 1555 678 advocabat,
1590 615 1786 684 atque
1819 620 1897 659 ex
1925 598 2064 677 ejus
2097 597 2420 660 sententia
2451 596 2710 676 judiea-

548 708 663 770 bat
697 729 713 770 ε
760 703 941 793 quod
978 727 1059 768 ex
1108 702 1323 768 verbis
1372 703 1465 768 Μ.
1517 702 1728 768 Petilii
1789 700 1875 766 ad
1917 702 2192 768 Verrem
2237 700 2704 767 admonemur.

546 812 689 876 Lib.
727 811 823 891 Π,
860 833 915 874 c.
944 809 1049 874 30.

639 919 769 982 Ista
790 939 935 1006 quae
964 915 1337 980 notavimus
1358 936 1594 1003 praeses
1616 913 1900 978 habebat
1928 913 1999 976 in
2015 913 2164 994 jure
2193 910 2488 977 dicundo
2505 936 2710 1002 pecu-

548 1025 725 1088 liaria
750 1045 766 1088 :
796 1023 864 1086 in
888 1022 1151 1102 ceteris,
1190 1019 1417 1086 eadem
1452 1021 1520 1082 in
1552 1019 1902 1108 provinciis
1929 1020 2268 1084 actionum
2299 1020 2468 1082 ratio
2497 1019 2708 1084 fuisse

546 1130 826 1211 videtur,
856 1151 931 1194 ac
965 1131 1211 1192 Romoe.
1236 1130 1409 1192 Ante
1430 1125 1752 1207 judicium
1779 1123 2176 1208 vadationes,
2205 1127 2706 1215 compromissa,

546 1239 953 1327 sponsion‘es,
976 1233 1460 1315 satisdationes3
1480 1247 1632 1322 post
1651 1232 1974 1313 judicium
2001 1250 2253 1314 autem,
2273 1231 2708 1314 addictiones,

546 1344 996 1423 abductiones,
1020 1357 1087 1406 et
1104 1357 1317 1404 cetera
1346 1338 1704 1420 ejusmodi,
1723 1338 1806 1404 de
1830 1339 2092 1427 quibus,
2125 1361 2334 1428 quum
2357 1337 2444 1402 de
2467 1339 2706 1404 ordine

541 1450 941 1530 judiciorum
970 1469 1271 1538 agemus,
1306 1446 1765 1535 disputabitur.

634 1558 851 1642 Atque
895 1554 1025 1618 hoc
1078 1550 1343 1640 quidem
1400 1551 1602 1616 modo
1647 1552 2047 1641 privatarum
2099 1552 2706 1616 controversiarum

542 1661 871 1752 cognitio,
920 1681 1117 1747 quam
1148 1657 1414 1748 proprie
1439 1656 1962 1739 jurisdictionem
2007 1656 2454 1746 appellarunt,
2489 1657 2702 1722 admi-

543 1767 966 1834 nistrabatur.
1028 1765 1224 1828 Nunc
1282 1761 1844 1852 quemadmodum
1897 1760 2141 1844 judicia
2199 1762 2465 1852 publiea
2486 1811 2506 1846 ,
2583 1787 2708 1829 seu

547 1874 937 1963 quaestiones
953 1918 972 1952 ,
1008 1887 1487 1946 exercerentur,
1521 1869 2070 1962 demonstremus.

640 1983 865 2044 Romae
902 1979 1009 2058 jus
1049 1977 1157 2040 alii
1207 1975 1381 2040 inter
1428 1977 1598 2040 cives
1643 1991 1711 2040 et
1758 1976 2138 2065 peregrinos
2187 1971 2542 2058 dicebant;
2595 1977 2704 2040 alii

544 2083 791 2168 judicia
825 2081 1087 2171 publica
1124 2080 1554 2144 exercebant:
1595 2097 1663 2144 at
1702 2103 1840 2144 non
1891 2079 1982 2144 ita
2030 2096 2168 2144 erat
2212 2079 2283 2143 in
2321 2081 2702 2169 provinciis.

552 2194 843 2278 Utraque
864 2189 1155 2277 cognitio
1188 2151 1445 2275 praesidi
1478 2187 1824 2275 provinciae
1855 2209 1892 2250 a
1925 2187 2172 2275 populo
2199 2209 2480 2250 romano
2510 2211 2700 2252 com·

552 2298 745 2363 missa
779 2295 905 2360 fuit
938 2317 954 2359 ε
990 2294 1385 2382 privatarum
1423 2293 1691 2381 quidem
1734 2293 1987 2374 litium,
2026 2316 2105 2357 ex
2147 2316 2220 2356 ea
2252 2294 2396 2382 lege
2435 2317 2586 2382 quae
2623 2317 2702 2358 ex

548 2407 775 2473 decem
818 2405 1181 2494 legatorum
1218 2404 1538 2468 sententia
1578 2402 1726 2467 data
1769 2402 2022 2484 fuerat3
2060 2401 2480 2490 publicorum
2537 2427 2700 2468 vero

552 2515 935 2593 criminum,
972 2534 1051 2575 ex
1078 2533 1153 2574 ea
1176 2533 1323 2598 quae
1354 2508 1437 2573 de
1468 2531 1736 2598 quoque
1768 2508 2038 2572 crimine
2071 2509 2558 2598 cognoscendo,
2585 2527 2700 2576 aut

546 2617 968 2705 vindicando,
1004 2618 1131 2682 lata
1168 2617 1314 2682 fuit.
1733 2693 1754 2706 ο

638 2726 921 2791 Publicae
959 2724 1345 2812 quaestiones
1378 2725 1682 2805 filerunt,
1717 2723 1836 2807 vis,
1859 2723 2220 2812 peculatus,
2258 2721 2528 2805 falsum,
2563 2747 2700 2788 ma-

542 2835 773 2914 jestas,
809 2849 877 2896 et
914 2832 969 2896 si
1026 2852 1153 2919 qua
1202 2830 1323 2893 alia
1366 2828 1508 2909 ejus
1559 2829 1834 2918 generis.
1891 2829 2134 2893 Earum
2187 2826 2698 2894 exercendarum

551 2938 779 3004 eadem
814 2939 883 3002 in
914 2937 1265 3026 provinciis
1296 2937 1500 3020 ratio,
1537 2959 1615 3001 ac
1649 2938 1902 3018 Romae,
1946 2937 2087 3000 fuit.
2126 2936 2560 3001 Deferebatur
2600 2939 2698 3000 rei

548 3069 795 3112 nomen
822 3044 903 3109 ab
930 3059 1302 3108 accusatore
1332 3041 1510 3132 apud
1537 3059 1922 3132 praetorem3
1949 3059 2213 3130 praetor,
2239 3043 2294 3106 si
2325 3041 2394 3106 id
2425 3043 2700 3131 recepis-

550 3170 677 3234 set,
708 3151 883 3216 diem
903 3149 1128 3229 judicii
1160 3148 1620 3214 constituebat.
1657 3149 1788 3212 Ubi
1815 3147 1918 3212 illa
1951 3147 2324 3231 advenerat,
2360 3166 2696 3214 accusato—

548 3283 685 3325 rem
708 3309 725 3342 ,
756 3280 943 3322 reum
965 3305 981 3338 ,
1010 3274 1076 3321 et
1102 3271 1297 3320 testes
1320 3255 1502 3318 citari
1535 3277 1654 3342 per
1683 3277 2050 3343 praeconem
2075 3253 2388 3336 jubebat5
2423 3255 2696 3322 interro-

548 3368 809 3458 gatione
857 3363 1123 3427 testium
1172 3361 1499 3442 absoluta,
1542 3360 1934 3425 sortiebatur
1977 3381 2056 3424 ex
2099 3359 2242 3448 lege
2285 3383 2430 3448 quae
2483 3359 2562 3426 de
2613 3386 2694 3427 eo

544 3473 817 3536 crimine
838 3471 963 3534 lata
982 3466 1572 3550 fuerat,judice3,et
1582 3465 1848 3554 quidem
1865 3489 1901 3530 e
1919 3483 2284 3530 conventu:
2301 3469 2694 3554 sequebatur

549 3579 811 3658 rejectio
840 3598 1022 3640 more
1046 3596 1354 3638 romano:
1385 3573 1624 3661 quibus
1645 3571 1987 3652 absolutiS,
2013 3571 2282 3638 sedente
2301 3574 2368 3638 in
2385 3574 2690 3640 tribunali

550 3709 626 3750 ac
668 3685 819 3749 sella
862 3698 1169 3770 praetore,
1217 3677 1551 3760 judicibus
1587 3680 1655 3742 in
1695 3678 2045 3760 subselliis,
2083 3703 2272 3744 causa
2303 3679 2386 3744 ab
2419 3697 2693 3770 utraque

545 3806 726 3879 parte
757 3789 1087 3878 agebatur,
1114 3788 1155 3850 i.
1172 3809 1229 3850 e.
1256 3785 1337 3848 ab
1368 3785 1853 3850 accusatoribus
1883 3801 1950 3849 et
1974 3785 2266 3873 patronis
2295 3787 2419 3852 rei:
2456 3804 2693 3876 praetor

542 3917 699 3960 cum
734 3893 1005 3958 consilio
1036 3890 1507 3983 cognoscebat3
1543 3907 1742 3980 atque
1784 3912 1864 3957 ex
1899 3890 2152 3956 consilii
2191 3894 2548 3972 sententia,
2578 3895 2690 3958 ubi

540 4003 626 4066 ab
658 4018 938 4088 utraque
970 4015 1153 4088 parte
1183 4015 1562 4087 peroratum
1595 4015 1766 4082 erat,
1800 4022 1987 4065 reum
2021 4014 2138 4063 aut
2159 3999 2688 4086 comperendina-

538 4110 671 4190 bat,
705 4123 820 4172 aut
842 4104 1349 4189 condemnabat,
1374 4122 1489 4171 aut
1512 4107 1920 4188 absolvebat,
1953 4122 2068 4170 aut
2085 4106 2364 4196 amplius
2385 4129 2685 4197 pronun-
