2984 4684
714 366 826 438 IN
877 367 965 455 Q.
1019 364 1567 434 cAEcleM
1613 362 2188 434 DlleATm.
2372 385 2509 457 217

291 578 298 587 ο
383 491 752 589 cognoscit
772 487 1091 579 3-factum
1127 486 1497 586 improbat
1522 513 1543 571 3
1571 486 1765 583 cogit
1791 500 2224 582 quaestorem
2262 506 2512 573 suum,

385 601 768 701 pecuniam
789 656 808 687 ‚
846 623 1066 696 quam
1108 622 1196 668 ex
1238 596 1583 694 Agonidis
1626 595 1840 666 bonis
1880 594 2273 692 redegisset
2292 647 2311 683 ,
2356 618 2515 665 eam

385 711 668 801 mulieri
712 734 1002 780 omnem
1049 730 1527 779 annumerare
1572 722 1645 777 et
1684 703 2013 776 reddere.
2071 708 2199 775 Est
2232 702 2471 774 adhuc
2496 756 2517 791 ,

383 821 459 892 id
491 820 690 920 quod
725 846 854 891 vos
887 844 1144 891 omnes
1184 815 1523 889 admirari
1558 816 1773 888 video
1794 870 1813 905 ‚
1858 840 2013 886 non
2046 818 2313 887 Verres
2334 868 2353 903 ‚
2389 814 2517 887 sed

385 934 477 1023 Q.
515 932 796 1001 Mucius
821 940 904 999 ¹¹.
971 928 1166 1020 Quid
1242 929 1438 1000 enim
1513 926 1747 999 facere
1818 927 2059 1024 potuit
2122 925 2518 1023 elegantius

383 1040 476 1113 ad
516 1040 898 1112 hominum
941 1039 1601 1110 existimationem?
1660 1038 1939 1135 aequius
1986 1033 2080 1107 ad
2130 1034 2513 1106 levandam

383 1149 704 1221 mulieris
736 1148 1254 1220 calamitatem?
1292 1147 1794 1219 vehementius
1822 1145 1912 1217 ad
1941 1146 2317 1244 quaestoris
2350 1143 2516 1215 libi-

378 1258 623 1331 dinem
653 1255 1173 1329 coercendam?
1199 1262 1494 1329 Summe
1528 1256 1679 1328 haec
1712 1258 1957 1327 omnia
1982 1254 2161 1325 mihi
2180 1251 2519 1325 videntur

381 1394 537 1441 esse
581 1366 962 1454 laudanda.
1018 1366 1159 1439 Sed
1205 1382 1509 1465 repente
1576 1392 1619 1437 e
1666 1368 1965 1463 vestigio
1984 1418 2004 1453 ‚
2053 1390 2141 1436 ex
2179 1363 2475 1435 homine
2498 1418 2521 1453 ‚

383 1492 752 1575 tamquam
798 1476 1041 1574 aliquo
1084 1477 1354 1548 Circaeo
1392 1477 1662 1576 poculo
1680 1488 1771 1567 ¹²,
1806 1476 2037 1548 factus
2079 1489 2191 1547 est
2214 1478 2515 1561 Verres3

379 1588 567 1659 redit
603 1586 694 1658 ad
721 1611 797 1659 se
833 1602 1052 1683 atque
1081 1585 1173 1658 ad
1205 1611 1444 1659 mores
1470 1610 1642 1658 suos
1674 1616 1691 1659 ε
1728 1610 1897 1658 nam
1932 1611 2023 1658 ex
2056 1585 2179 1657 illa
2210 1588 2517 1682 pecunia

379 1720 711 1794 magnam
737 1710 1016 1795 partem
1042 1695 1132 1768 ad
1161 1722 1238 1769 se
1263 1699 1478 1769 vertit
1496 1694 1593 1785 ¹33
1625 1695 1913 1767 mulieri
1941 1693 2262 1767 reddidit
2280 1717 2515 1791 quan·

385 1807 617 1877 tulum
655 1812 890 1879 visum
927 1820 1056 1878 est.
1890 1816 1895 1821 “

476 1922 728 1990 XVIII.
765 1918 900 1989 Hic
953 1931 1036 1989 tu
1062 1971 1082 2005 ‚
1133 1918 1195 1988 si
1259 1916 1509 1988 laesum
1530 1926 1553 1959 ¹
1610 1929 1683 1987 te
1721 1938 1761 1987 a
1793 1919 2043 1989 Verre.
2082 1935 2236 1984 esse
2284 1909 2516 1997 dices;

379 2029 610 2126 patiar
644 2042 719 2099 et
757 2025 1152 2099 concedam
1185 2055 1201 2098 :
1240 2027 1301 2099 si
1332 2028 1673 2121 injuriam
1708 2025 1843 2096 tibi
1870 2023 2133 2097 factam
2158 2022 2515 2120 quereris;

377 2137 762 2211 defendam
789 2152 864 2210 et
886 2138 1186 2237 negabo,
1221 2137 1503 2209 Deinde
1528 2135 1620 2207 de
1644 2137 1908 2231 injuria
1924 2188 1947 2223 ‚
1971 2158 2131 2232 quae
2168 2131 2302 2204 tibi
2329 2130 2515 2203 facta

377 2251 469 2319 sit
481 2259 540 2338 ²,
563 2252 928 2322 neminem
948 2264 1277 2321 nostrum
1299 2248 1704 2345 graviorem
1733 2244 2095 2317 vindicem
2120 2268 2275 2316 esse
2296 2267 2517 2341 opor·

379 2372 506 2447 tet,
527 2384 750 2455 quam
769 2361 1120 2457 teipsum,
1139 2359 1258 2429 cui
1273 2355 1460 2428 facta
1473 2358 1760 2428 dicitur.
1782 2358 1856 2430 Si
1877 2371 1960 2428 tu
1977 2380 2146 2427 cum
2168 2355 2294 2425 ino
2320 2367 2519 2451 post-

379 2491 464 2539 ea
491 2469 568 2539 in
595 2471 896 2565 gratiam
925 2468 1202 2557 redisti3
1233 2469 1291 2538 si
1315 2467 1516 2537 domi
1544 2466 1735 2537 illius
1761 2466 2143 2563 aliquoties
2166 2462 2362 2534 fuisti
2374 2461 2425 2553 ³3
2456 2464 2517 2533 si

375 2576 501 2649 ille
539 2578 737 2677 apud
774 2594 846 2651 te
893 2593 1142 2676 postea
1189 2576 1543 2661 coenavit,
1580 2590 1828 2645 utrum
1865 2590 1937 2646 te
1975 2572 2512 2672 perfidiosum⁴‚

378 2710 472 2758 an
508 2688 1126 2786 praevaricatorem
1165 2686 1559 2757 existimari
1594 2685 1858 2756 mavis?
1901 2682 2133 2756 Video
2183 2705 2336 2752 esse
2381 2705 2512 2751 ne·

1566 2898 1649 2947 13.
1696 2894 1913 2945 Lambin.
1958 2896 2039 2943 Fr.
2080 2894 2265 2943 Fabrit.
2314 2892 2514 2941 mallent

1486 2977 1671 3025 averrit
1682 3012 1701 3035 ,
1773 2985 1975 3039 propter
2047 2974 2510 3039 agnominationem.

374 2899 599 2948 homines
620 2910 978 2964 recuperarent.
1004 2900 1064 2946 In
1086 2898 1288 2963 privatis
1313 2914 1399 2946 au-

375 2989 474 3027 tem
506 2978 707 3039 judiciis
721 3013 736 3037 ,
779 2976 1015 3026 arbitratu
1055 2978 1281 3043 praetoris
1314 2989 1400 3025 eut

368 3057 523 3118 index
545 3056 752 3105 dabatur
772 3072 922 3115 unns,
948 3057 1035 3120 qui
1063 3056 1124 3104 de
1149 3056 1282 3103 facto
1307 3070 1398 3103 co·

374 3147 654 3199 gnoeceret3
673 3146 758 3184 aut
775 3146 1135 3199 recuperatores
1149 3146 1263 3183 tres.

449 3229 529 3263 n.
569 3216 628 3278 Q.
674 3214 883 3263 Mucius.
924 3214 1058 3263 Alter
1097 3216 1161 3278 Q.
1199 3214 1398 3261 Mucius

374 3295 588 3341 Scaevola
607 3329 623 3355 ‚
666 3294 755 3358 qni
784 3294 950 3341 Asiam
988 3294 1059 3341 ita
1101 3291 1398 3340 abstinenter

373 3371 754 3434 administravit,
780 3382 838 3419 nt
853 3372 1048 3420 virtutis
1073 3386 1129 3419 ac
1148 3371 1396 3419 modestiae

372 3452 650 3516 exn-plum
665 3460 1040 3514 proponeretur.

447 3547 530 3579 ω.
575 3530 762 3578 Circoeo
800 3530 999 3593 poculo.
1049 3530 1182 3578 Nota
1232 3528 1396 3577 fabula

372 3608 536 3657 Circes
549 3643 565 3669 ,
617 3624 728 3671 quse
788 3606 1038 3656 medicatis
1101 3608 1395 3671 potionibus

369 3688 562 3753 fflyesie
581 3688 748 3737 socios
767 3688 816 3733 in
842 3702 951 3734 sues
967 3686 1190 3735 mutavit.
1208 3686 1391 3750 odyss.

369 3768 437 3816 X.
455 3767 604 3816 Ludit
627 3768 680 3815 in
705 3766 984 3829 ambiguum
1011 3764 1176 3813 Verris
1197 3780 1394 3825 nomen,

369 3848 456 3909 qni
481 3856 530 3894 et
554 3864 686 3895 suem
716 3862 820 3895 non
847 3856 1094 3894 exsectum
1109 3880 1124 3904 ,
1161 3856 1209 3892 et
1238 3844 1394 3893 homi-

371 3940 486 3973 nem
512 3923 774 3989 signifieat.
791 3923 1082 3973 Rufinianus
1102 3924 1223 3987 legit
1243 3918 1410 3972 etam-‘

371 4020 516 4067 quam
561 4016 710 4069 epoto
745 4004 934 4055 Circaeo
951 4026 1001 4065 n,
1042 4003 1180 4069 quod
1215 4004 1398 4067 recepit

373 4080 554 4133 Schiitz
573 4084 744 4133 addito
759 4086 958 4149 poculo.

1486 3056 1685 3104 Gruter.
1708 3055 1869 3105 verrit.

1556 3136 1744 3183 xvm.
1769 3134 1879 3183 nsi
1896 3134 2081 3183 Ioeswn.
2102 3132 2155 3181 Si
2168 3131 2261 3180 tibi
2279 3131 2509 3179 dnn-num

1485 3226 1537 3263 et
1548 3214 1917 3263 incommodum
1934 3213 2131 3262 allatum
2154 3212 2275 3259 dicis
2293 3227 2319 3257 a
2334 3212 2512 3271 Verre3

1484 3293 1749 3341 concedam
1770 3308 1784 3343 τ
1824 3294 1909 3342 sed
1927 3294 1971 3342 si
1988 3294 2165 3355 injuste
2184 3292 2245 3339 ab
2264 3306 2325 3338 co
2348 3300 2511 3337 actum

1485 3371 1608 3420 dicis
1626 3406 1642 3433 ‚
1666 3372 1872 3437 negab0.

1559 3466 1611 3501 2.
1650 3454 1809 3500 Facta
1854 3452 1934 3501 sit.
1990 3454 2147 3513 Quam
2196 3450 2373 3497 factam
2392 3462 2511 3503 ⁴esee

1485 3529 1625 3579 dicit.

1555 3610 1606 3657 3.
1625 3610 1791 3672 Vulgo
1810 3589 1948 3657 abest
1960 3604 2129 3671 finni.
2156 3605 2284 3652 ιτ.
2312 3604 2371 3651 L.

1554 3696 1605 3745 4.
1631 3687 1967 3755 Perfidiosum.
1989 3684 2041 3733 Si
2064 3700 2175 3731 eum
2200 3683 2511 3731 vehementer

1481 3784 1678 3817 accuses
1691 3800 1707 3826 ‚
1733 3782 1845 3815 cum
1870 3780 1971 3829 qno
2000 3763 2171 3811 redisti
2202 3765 2256 3811 in
2281 3764 2510 3827 gratiam

1473 3847 1923 3913 praevaricatorem,
1956 3845 1999 3891 si
2012 3878 2029 3905 ,
2058 3844 2173 3908 qnia
2190 3844 2373 3893 amicus
2406 3854 2507 3901 est,

1484 3926 1681 3974 remisse
1719 3937 1771 3975 et
1810 3924 1987 3974 leniter
2026 3940 2137 3973 enm
2184 3922 2507 3988 persequeris.

1484 4004 1615 4053 Illud
1644 4003 1709 4052 ad
1748 4006 1809 4055 C.
1824 4003 2055 4067 Verrem,
2088 4004 2185 4053 hoo
2215 4003 2279 4051 ad
2314 4001 2508 4052 Siculos

1486 4084 1709 4131 refertur.
2000 4079 2011 4097 ⁸
