2984 4684
743 380 851 450 IN
902 378 1339 449 VERREM
1388 378 1610 447 AcT.
1663 378 1771 463 Π,
1820 380 2005 452 Lm.
2063 381 2117 447 1.
2353 378 2489 479 317

358 526 510 573 sem
538 499 631 573 ad
660 500 921 573 Delum
952 500 1436 598 appulissent,
1461 498 1865 597 quidquam
1899 516 2340 574 conarentur
2373 523 2500 578 aut

357 612 651 701 violare,
671 628 797 684 aut
818 616 1188 710 attingere.
1205 620 1363 685 Hoc
1383 628 1463 683 tu
1481 611 1733 683 fanum
1751 611 2175 715 depopulari
2189 612 2248 707 ⁸,
2272 618 2500 691 homo

358 722 895 822 improbissime
936 737 1157 821 atque
1202 723 1730 811 ardentissime,
1777 723 2144 798 audebas?
2187 725 2323 799 fuit
2352 731 2502 801 ulla

361 832 717 931 cupiditas
743 846 942 905 tanta
964 888 983 923 ,
1013 857 1175 931 quae
1208 848 1477 905 tantam
1511 835 2001 933 exstingueret
2034 837 2503 936 religionem?

362 960 472 1033 et,
523 948 584 1014 si
630 958 788 1015 tum
831 944 985 1016 haec
1020 969 1173 1015 non
1207 943 1613 1042 cogitabas,
1667 969 1760 1017 ne
1809 971 2008 1019 nunc
2049 949 2348 1044 quidem
2384 976 2502 1023 re·

362 1054 677 1126 cordaris
696 1108 715 1144 ‚
749 1054 1034 1125 nullum
1073 1078 1226 1126 esse
1262 1068 1548 1126 tantum
1585 1055 1858 1127 malum
1885 1111 1906 1146 ,
1955 1057 2156 1154 quod
2189 1084 2342 1131 non
2372 1062 2504 1134 tibi

362 1190 499 1263 pro
534 1164 930 1237 sceleribus
969 1168 1111 1236 tuis
1127 1163 1410 1259 jamdiu
1440 1164 1844 1239 debeatur?

460 1280 650 1346 XIX.
718 1279 804 1346 In
866 1275 1105 1345 Asiam
1127 1285 1148 1318 ¹
1205 1299 1382 1346 vero
1428 1290 1822 1373 postquam
1863 1280 2097 1366 venit,
2143 1280 2322 1377 quid
2368 1308 2504 1380 ego
2595 1310 2609 1323 ‘

362 1384 763 1457 adventus²
808 1385 1013 1455 istius
1056 1383 1396 1482 prandia,
1442 1410 1727 1476 coenas,
1778 1413 2008 1485 equos
2056 1416 2507 1492 muneraque

363 1493 1185 1568 commemorem?Nihil
1224 1519 1391 1566 cum
1410 1498 1634 1567 Verre
1665 1494 1756 1568 de
1785 1498 2228 1594 quotidianis
2268 1505 2508 1574 crimi-

363 1609 581 1680 nibus
625 1621 919 1679 acturus
962 1630 1147 1679 sum.
1190 1606 1373 1677 Chio
1417 1631 1550 1706 per
1591 1612 1738 1679 vim
1773 1610 1976 1706 signa
2021 1610 2508 1708 pulcherrima

362 1717 525 1791 dico
564 1716 979 1806 abstulisse3
1007 1719 1182 1790 item
1214 1717 1540 1816 Erythris
1569 1733 1644 1791 et
1669 1720 2196 1794 Halicarnasso.
2215 1724 2507 1811 Tenedo

360 1836 763 1929 (praetereo
802 1832 1187 1928 pecuniam
1210 1884 1229 1920 ‚
1268 1854 1491 1927 quam
1526 1830 1834 1928 eripuit)
1864 1830 2183 1904 Tenem3
2225 1836 2506 1932 ipsum,
2589 1878 2594 1888 ·

366 1946 495 2039 qui
519 1941 714 2041 apud
740 1939 1100 2013 Tenedios
1120 1942 1611 2013 sanctissimus
1645 1940 1826 2014 deus
1861 1941 2196 2032 habetur,
2229 1948 2357 2042 qui
2389 1971 2509 2017 ur-

362 2052 533 2124 bem
563 2052 759 2123 illam
794 2052 1061 2124 dicitur
1096 2050 1536 2137 condidisse,
1583 2052 1793 2149 cujus
1830 2078 1921 2125 ex
1953 2058 2252 2126 nomine
2277 2060 2508 2129 Tene-

363 2164 503 2237 dus
553 2165 1013 2251 nominatur;
1050 2162 1249 2235 hunc
1291 2165 1573 2261 ipsum,
1613 2166 1920 2262 inquam
1944 2220 1963 2254 ,
1998 2170 2304 2256 Tenem,
2343 2169 2510 2267 pul-

365 2273 720 2346 cherrime
739 2270 1012 2343 factum
1035 2328 1056 2362 ‚
1078 2298 1299 2371 quem
1321 2273 1700 2371 quondam
1729 2277 1805 2346 in
1829 2278 2125 2348 comitio
2149 2280 2176 2328 ⁴
2204 2277 2511 2369 vidistis,

366 2382 665 2455 abstulit
698 2402 963 2479 magno
1008 2406 1177 2453 cum
1220 2385 1493 2480 gemitu
1533 2384 1856 2483 civitatis.
1905 2385 2034 2457 Illa
2070 2410 2245 2458 vero
2279 2414 2512 2488 expu-

368 2496 615 2592 gnatio
635 2491 784 2564 fani
804 2492 1286 2591 antiquissimi
1314 2507 1387 2565 et
1413 2492 1843 2566 nobilissimi
1868 2499 1906 2566 J
1911 2495 2206 2569 unonis⁵
2225 2502 2475 2593 Samiae
2494 2554 2514 2588 ,

370 2628 590 2702 quam
644 2601 977 2675 luctuosa
1022 2604 1273 2675 Samiis
1317 2601 1501 2674 fuit?
1537 2628 1760 2700 quam
1805 2604 2062 2677 acerba
2115 2610 2249 2678 toti
2289 2610 2514 2679 Asiae?

371 2740 589 2811 quam
616 2713 807 2786 clara
836 2713 1034 2813 apud
1064 2712 1369 2785 omnes?
1392 2738 1612 2812 quam
1644 2715 1919 2785 nemini
1953 2730 2272 2787 vestrum
2308 2720 2514 2789 inau-

344 2826 562 2897 ‘ditai‘
584 2824 675 2897 de
704 2850 848 2924 qua
876 2826 1411 2925 expugnatione
1440 2850 1673 2923 quum
1698 2825 1912 2924 legati
1929 2826 2021 2898 ad
2043 2831 2120 2899 C.
2147 2831 2511 2903 Neronem

373 3006 554 3057 tundos
578 3025 607 3056 a
629 3008 797 3057 Tullio
818 3022 1075 3070 numeros,
1098 3006 1215 3055 dum
1236 3016 1401 3055 orato·
1487 3007 1648 3073 primo
1668 3006 1916 3067 inviseret,
1932 3007 2020 3056 ubi
2039 3008 2220 3056 Achaia
2239 3020 2288 3059 et
2304 3012 2514 3076 Sicyon,

374 3104 475 3136 rem
502 3088 629 3153 agit,
656 3088 824 3136 amari.
1342 3124 1348 3129 .
1486 3098 1660 3152 postea
1683 3088 1934 3148 Athenae,
1958 3088 2152 3146 Delum,
2185 3089 2380 3150 Chium,
2399 3093 2520 3157 Ery-

448 3171 499 3216 8.
520 3167 781 3215 Lambinus
815 3166 986 3215 maluit
1020 3164 1339 3231 «depeculari
1354 3185 1397 3212 ι.
1489 3165 1640 3224 thras,
1666 3168 1886 3223 Samum,
1905 3165 2158 3214 Tenedum
2171 3201 2184 3225 ,
2205 3182 2314 3231 quae
2328 3170 2484 3217 insula
2499 3204 2515 3229 ,

370 3249 425 3297 J.
444 3250 509 3296 V.
534 3249 588 3294 L.
1488 3256 1627 3293 extra
1674 3244 2050 3309 Hellespontum
2069 3280 2084 3305 ,
2119 3246 2320 3295 adversa
2355 3251 2514 3313 Sigaeo

446 3326 595 3373 xltx.
621 3340 666 3373 1.
692 3326 751 3371 In
783 3325 979 3374 Asiam.
1013 3326 1261 3373 Minorem
1277 3361 1294 3386 ,
1318 3324 1401 3373 cui
1486 3324 1622 3373 litori
1634 3324 1838 3386 adjacet.
1854 3324 1978 3373 Plin.
1993 3328 2328 3391 :nummi-g,
2344 3329 2512 3388 11,21.

376 3407 435 3455 C.
459 3403 593 3451 Nero
616 3412 835 3466 praeerat.
1560 3413 1609 3461 4.
1637 3406 1700 3451 In
1725 3404 1937 3454 comitio.
1966 3408 2028 3453 In
2057 3406 2198 3465 foro,
2237 3408 2376 3468 cujus
2403 3424 2516 3472 pars

450 3499 499 3531 2.
555 3480 739 3530 Coeliun
780 3479 1093 3544 Rhodiginus
1132 3485 1269 3544 conj.
1304 3482 1402 3531 ad·
1490 3495 1595 3533 erat
1611 3485 1890 3544 comitinm3
1917 3500 2069 3548 quum
2093 3484 2156 3533 ab
2183 3485 2406 3535 aedilibus
2436 3485 2516 3534 lu·

378 3574 549 3617 ventu,
589 3560 727 3626 quod
750 3569 880 3608 recte
902 3560 1149 3626 improbat
1176 3562 1403 3611 Gulielm.
1494 3560 1672 3611 dorum
1698 3580 1840 3611 causa
1868 3574 2139 3613 ornaretur.
2171 3566 2326 3612 Porro
2356 3564 2523 3613 aedilee

376 3646 427 3695 J.
442 3646 510 3693 V.
538 3646 598 3692 L.
1080 3686 1084 3691 .
1494 3642 1634 3706 signa
1683 3641 1868 3689 nobilia
1914 3658 1976 3690 ex
2028 3642 2232 3691 urbibus
2270 3643 2520 3692 sociorum

451 3724 499 3774 3.
527 3724 718 3771 Tenem.
738 3719 897 3786 Cycni
918 3717 1093 3781 filium,
1111 3720 1173 3769 ab
1191 3720 1407 3783 Achille,
1494 3720 1871 3780 mutuabantur,
1899 3736 2010 3786 (με
2033 3732 2202 3785 postea
2230 3723 2522 3787 reportanda

380 3805 583 3871 perinde
600 3812 657 3852 ut
671 3802 828 3851 fuerat
840 3810 992 3865 pater,
1012 3800 1253 3849 occisum:
1268 3800 1406 3849 ideo-
1497 3800 1748 3850 curabant.
1770 3800 1848 3847 De
1869 3800 2074 3849 comitio
2094 3800 2208 3849 vide
2238 3800 2329 3851 inf.
2354 3819 2399 3852 c.
2423 3818 2488 3850 aa
2503 3836 2524 3863 ‚

379 3901 475 3948 que
492 3885 769 3933 institutum
796 3894 897 3943 est,
920 3892 977 3931 ut
1012 3880 1063 3928 in
1090 3882 1195 3941 ejas
1219 3882 1406 3947 templo
1497 3892 1603 3931 not.
1627 3896 1676 3929 a.

380 3980 643 4028 numquam
681 3963 931 4013 audiretur
964 3959 1171 4012 Achillis
1209 3976 1407 4009 nomen.
1569 3960 1619 4007 5.
1655 3958 1863 4007 lunonis
1895 3958 2094 4009 Samia.
2139 3962 2198 4008 In
2239 3959 2332 4009 bae
2369 3960 2527 4009 insul·

384 4042 508 4091 Plnt.
527 4046 626 4105 Qu.
640 4060 711 4108 gr.
734 4046 882 4093 Hunc
903 4044 993 4090 viae
1012 4056 1206 4090 cursum
1228 4056 1407 4103 seqnu-
1494 4042 1528 4091 J
1533 4054 1632 4087 nno
1673 4038 1921 4101 precipue
1957 4037 2226 4089 colebatur.
2248 4040 2388 4104 Virg.
2415 4040 2532 4089 ΕΩ.

381 4132 459 4170 ms
484 4176 489 4179 ,
512 4134 613 4172 erat
649 4123 859 4185 Verres,
904 4134 962 4171 ut
1011 4120 1411 4187 Peloponnesum
1501 4120 1554 4179 1,
1583 4118 1666 4167 ιδ.
