2984 4684
516 335 656 418 224
1157 332 1253 399 M.
1305 329 1383 397 T.
1437 326 1999 400 CICERONIS

508 451 898 550 desperatae
923 448 1336 548 reipublicae
1353 504 1372 537 ‚
1401 448 1839 546 judiciisque
1876 450 2239 549 corruptis
2254 461 2313 494 ¹²
2350 474 2436 522 ac
2469 476 2643 523 con·

507 563 868 634 taminatis
903 584 1307 659 paucorum
1342 560 1517 629 vitio
1550 582 1634 629 ac
1660 557 2143 656 turpitudine,
2182 558 2517 632 homines
2546 562 2642 633 ad

506 673 752 771 legum
817 668 1314 742 defensionem
1349 722 1369 755 ‚
1449 667 2040 765 judiciorumque
2095 674 2593 741 auctoritatem
2615 724 2638 759 ‚

489 802 727 880 'quam
751 780 1294 853 honestissimos
1313 775 1373 822 ¹³
1397 793 1468 849 et
1493 780 1997 876 integerrimos
2020 778 2635 877 diligentissimos·
2726 774 2734 780 ’

502 916 649 989 que
665 889 1041 976 accedere3
1072 902 1196 959 aut
1214 942 1233 977 ‚
1255 890 1314 959 si
1335 914 1428 959 ne
1455 887 1598 960 hoc
1622 887 1918 985 quidem
1948 888 2291 985 prodesse
2330 892 2635 987 poterit,

502 998 828 1100 profecto
857 999 1061 1071 nulla
1086 1022 1439 1096 umquam
1479 998 1839 1070 medicina
1866 997 1981 1069 his
2016 1013 2129 1069 tot
2160 1000 2637 1071 incommodis

499 1112 924 1209 reperietur.
981 1109 1194 1179 Nulla
1231 1107 1424 1179 salus
1483 1106 1899 1205 reipublicae
1960 1106 2192 1202 major
2232 1122 2373 1195 est,
2416 1132 2635 1205 quam

501 1246 658 1309 eos,
707 1221 838 1318 qui
885 1220 1193 1291 alterum
1230 1210 1601 1305 accusant,
1654 1242 1808 1287 non
1848 1218 2089 1289 minus
2130 1218 2221 1289 de
2255 1218 2502 1307 laude,
2542 1217 2635 1291 de

496 1332 820 1418 honore,
861 1329 952 1401 de
992 1327 1185 1400 fama
1213 1351 1372 1416 sua,
1402 1352 1624 1424 quam
1658 1325 1857 1414 illos,
1889 1327 2019 1423 qui
2053 1342 2509 1413 accusantur,
2544 1326 2634 1399 de

497 1443 730 1540 capite
757 1464 840 1513 ac
875 1438 1188 1511 fortunis
1224 1439 1370 1510 suis
1403 1438 1933 1535 pertimescere.
1970 1441 2226 1533 Itaque
2262 1461 2550 1536 semper
2582 1438 2635 1507 ii

495 1550 1034 1649 diligentissime
1091 1546 1795 1643 laboriosissimeque
1847 1563 2278 1619 accusarunt
2300 1602 2321 1635 ‚
2381 1548 2512 1645 qui
2556 1572 2633 1619 se

494 1663 692 1760 ipsos
717 1662 791 1731 in
821 1658 1205 1731 discrimen
1235 1658 1783 1729 existimationis
1807 1656 2056 1727 venire
2084 1656 2409 1729 arbitrati
2434 1670 2623 1728 sunt.

588 1775 814 1842 XXII.
853 1768 1348 1861 Quamobrem
1392 1767 1537 1839 hoc
1578 1780 1929 1853 statuere,
1959 1764 2272 1861 judice5‚
2310 1764 2629 1857 debetiS,

495 1883 583 1971 Q.
621 1880 1017 1967 Caecilium,
1063 1878 1154 1950 de
1192 1902 1342 1976 quo
1381 1877 1591 1947 nulla
1626 1901 1980 1973 umquam
2021 1877 2313 1973 opinio¹
2371 1874 2633 1965 fuerit,-

493 1988 841 2086 nullaque
889 1990 970 2058 in
1018 1987 1162 2059 hoc
1202 1990 1362 2085 ipso
1400 1985 1675 2082 judicio
1731 1989 2171 2085 exspectatio
2214 1984 2457 2057 futura
2491 1988 2628 2076 sit;

495 2100 624 2198 qui
652 2122 926 2197 neque,
961 2112 1048 2169 ut
1079 2112 1246 2168 ante
1273 2097 1647 2169 collectam
1668 2108 1698 2139 ²
1736 2095 2001 2169 famam
2040 2113 2457 2185 conservet,
2498 2124 2626 2171 ne-

491 2235 638 2308 que
680 2212 790 2280 uti
830 2208 1095 2307 reliqui
1140 2212 1488 2307 temporis
1544 2206 1797 2305 spem3
1842 2210 2264 2298 confirmet,
2305 2210 2626 2296 laborat;

493 2343 646 2390 non
673 2318 935 2389 nimis4
963 2317 1164 2415 hanc⁵
1185 2342 1474 2389 causam
1511 2340 1787 2405 severe,
1827 2344 1977 2390 non
2016 2321 2228 2390 nimis
2262 2334 2627 2406 accurate,

491 2455 644 2501 non
672 2430 885 2499 nimis
913 2426 1296 2527 diligenter
1317 2444 1689 2500 acturum:
1717 2427 1937 2500 habet
1962 2432 2155 2500 enim
2184 2429 2362 2500 nihil
2380 2484 2399 2517 ,
2426 2428 2628 2527 quod

491 2542 568 2610 in
607 2538 1012 2611 offensione
1035 2536 1062 2583 ⁵
1110 2538 1499 2637 deperdat3
1540 2536 2131 2637 ut·turpissime⁶
2166 2539 2627 2637 flagitiosissi-

492 2676 755 2749 meque
801 2650 1162 2737 discedat,
1219 2649 1401 2720 nihil
1438 2648 1532 2721 de
1577 2650 1723 2720 suis
1773 2648 2140 2720 veteribus
2180 2652 2627 2751 ornamentis

488 2761 831 2857 requiret.
876 2766 934 2831 A
967 2759 1178 2831 nobis
1203 2758 1480 2831 multos
1510 2757 1802 2831 obsides
1824 2770 1850 2814 ⁷
1895 2757 2118 2831 habet
2151 2760 2469 2858 populus
2502 2785 2623 2832 ro-

490 2894 783 2957 maum,
830 2894 1017 2967 quos
1059 2885 1141 2941 ut
1192 2870 1593 2943 incolumes
1646 2893 2114 2958 conservare,
2164 2872 2385 2957 tueri,
2445 2896 2623 2941 con-

566 3115 647 3146 ια.
687 3096 947 3161 Comapct's.
975 3100 1184 3163 Propter
1209 3114 1294 3146 eon
1319 3100 1406 3161 qui
1431 3114 1512 3145 ac·
1673 3105 1723 3153 4.
1754 3098 1871 3145 Non
1896 3096 2053 3150 nimis.
2079 3101 2275 3157 Parum,
2302 3098 2461 3147 mium
2478 3116 2623 3163 quam

487 3187 721 3242 ceperunt
771 3178 1026 3240 pecuniam
1045 3194 1060 3237 ς
1128 3176 1471 3225 contaminatis
1493 3211 1510 3231 ‚
1602 3187 1845 3241 oportat-

485 3254 934 3323 propter‘judicum
971 3256 1218 3304 infamiam
1252 3271 1380 3320 quos
1402 3270 1510 3305 ma·
1672 3257 1719 3303 5.
1734 3256 1795 3302 In
1815 3254 2102 3321 effimione.
2124 3258 2177 3307 Si
2195 3258 2318 3321 quid
2331 3260 2625 3323 peccaverit,

486 3337 672 3384 culosos
687 3345 936 3382 senatores
957 3334 1171 3398 appellnt
1193 3335 1302 3383 Cic.
1323 3334 1386 3381 ad
1399 3338 1504 3383 Διὶ.
1597 3334 1641 3383 εἰ
1658 3334 1723 3381 ab
1750 3334 1908 3383 officii
1932 3336 2011 3383 eui
2035 3336 2271 3399 religione
2291 3336 2626 3396 declinaverit,

487 3419 510 3463 1
528 3450 542 3473 ‚
578 3418 659 3464 23.
1595 3414 1721 3463 nihil
1747 3426 1819 3463 eet
1838 3415 1928 3475 illi,
1942 3416 2081 3480 quod
2106 3416 2304 3481 perdat.

565 3496 644 3544 13.
685 3492 1074 3541 Honestissimos.
1117 3490 1198 3539 Ad
1249 3506 1507 3555 personam
1667 3494 1717 3543 6.
1742 3496 1806 3542 Ue
1828 3493 2115 3559 turpissime.
2139 3495 2340 3544 Etiamsi
2356 3496 2549 3545 infamia
2572 3508 2623 3545 et

487 3574 706 3635 refertur,
721 3584 771 3621 et
795 3571 859 3621 ad
879 3570 1237 3620 excludendum
1259 3570 1507 3620 Caecilium
1594 3571 1811 3636 perfidie
1831 3573 2032 3621 crimine
2049 3585 2275 3636 notatus,
2299 3591 2359 3623 ex
2378 3575 2461 3623 illa
2479 3591 2625 3625 causa

484 3653 632 3701 valet.
1596 3651 1885 3711 discederet,
1900 3669 2004 3700 uon
2022 3664 2185 3701 tamen
2206 3653 2441 3718 pristinos
2460 3654 2625 3703 hono-

560 3734 652 3779 XX
661 3733 726 3780 11.
741 3747 763 3777 ι
778 3765 792 3779 .
813 3729 988 3795 Opinio
997 3728 1177 3795 liter-it.
1191 3733 1348 3793 Quem
1362 3745 1507 3779 nemo
1593 3747 1673 3779 ,res
1725 3730 1873 3797 (quos
1896 3746 2163 3795 numquam
2190 3732 2411 3799 habuit),
2452 3744 2623 3797 posset

487 3826 716 3873 umquam
749 3808 804 3855 in
837 3820 1156 3874 patronorum
1194 3824 1397 3857 numero
1424 3809 1505 3857 ha-
1588 3812 1831 3860 amittere.

483 3887 662 3936 buerit.
1461 3932 1470 3939 ,
1668 3908 1716 3952 7.
1768 3890 1985 3939 Obsides.
2044 3889 2203 3939 Multa
2262 3891 2437 3939 Cicero
2487 3891 2623 3956 apud

559 3984 608 4015 α.
625 3966 1070 4033 ΟοΙΙεοεαιῃ.Ωυιιιιι
1089 3969 1272 4017 nullam
1289 3967 1502 4035 collegit.
1591 3970 1836 4035 populum
1882 3969 2087 4033 pignora
2133 3968 2381 4033 deposuit.
2431 3970 2623 4035 Nempe

555 4048 608 4095 3.
625 4047 780 4111 Spem.
811 4046 935 4108 Qua·
963 4045 1024 4095 de
1045 4062 1106 4095 eo
1129 4047 1264 4095 nulla
1284 4057 1376 4097 est.
1591 4059 1640 4096 et
1670 4048 2075 4099 existimationem
2112 4064 2139 4096 ι
2168 4065 2219 4097 ω
2256 4048 2541 4112 collectum,
2572 4060 2622 4097 et
