2984 4684
505 373 652 459 446
1147 371 1245 440 Μ.
1297 372 1374 440 Τ.
1431 371 1997 442 CICERONIS

501 493 984 578 nobilitatem,
1015 512 1244 576 nunc,
1280 504 1584 588 propter
1608 501 1855 562 suam²
1886 490 2389 582 calamitatem,
2416 509 2638 592 atque

501 606 704 676 istius
730 602 1084 698 insignem
1111 601 1486 696 injuriam,
1506 599 1849 673 omnibus
1876 618 2119 676 notus.
2140 604 2375 698 Hujus
2392 604 2637 704 hospi-

501 717 604 788 tio
626 718 886 786 Verres
917 735 1146 808 quum
1191 726 1376 783 esset
1407 737 1611 800 usus,
1644 725 1717 782 et
1744 736 1977 808 quum
2008 711 2203 811 apud
2240 739 2449 800 eum,
2482 741 2639 788 non

499 823 720 896 modo
746 821 1074 894 Thermis
1117 845 1625 944 saepenumero
1658 820 1953 910 fuisset,
2002 823 2129 896 sed
2166 829 2381 898 etiam
2424 825 2637 898 habi-

495 947 746 1019 tasset;
795 932 1016 1004 domo
1069 931 1224 1027 ejus
1263 931 1507 1004 omnia
1548 929 1875 1016 abstulit,
1912 958 2077 1030 quae
2120 935 2367 1033 paullo
2410 943 2635 1034 magis

493 1046 821 1116 animum
875 1043 1276 1140 cujuspiam
1329 1057 1457 1114 aut
1508 1041 1763 1116 oculos
1804 1059 2103 1141 possent
2148 1071 2635 1120 commovere.

491 1155 774 1224 Etenim
793 1151 1132 1224 Sthenius
1149 1149 1242 1222 ab
1267 1150 1749 1224 adolescentia
1784 1153 2029 1251 paullo
2059 1157 2455 1230 studiosius
2480 1157 2633 1230 haec

489 1261 998 1360 compararat-³,
1013 1261 1535 1360 supellectilem
1568 1285 1659 1333 ex
1678 1287 1819 1334 aere
1840 1263 2383 1360 elegantiorem,
2403 1283 2474 1336 et
2496 1271 2635 1340 De-

491 1376 779 1460 liacam,
815 1389 886 1444 et
925 1371 1409 1461 Corinthiam,
1457 1371 1738 1444 tabulas
1778 1376 2043 1470 pictas,
2084 1377 2307 1448 etiam
2351 1377 2633 1472 argenti

491 1483 682 1556 bene
713 1483 917 1578 faeti,
947 1499 1168 1582 prout
1197 1483 1645 1554 Thermitani
1680 1482 1997 1556 hominis
2034 1482 2403 1558 facultates
2442 1484 2630 1558 fem-

489 1594 702 1683 bant,
737 1596 905 1666 satis
935 1619 952 1666 ε
983 1619 1144 1691 quae
1161 1647 1182 1680 ,
1219 1617 1450 1690 quum
1487 1607 1675 1665 esset
1696 1595 1777 1664 in
1804 1597 1969 1666 Asia
1992 1593 2415 1670 adolescens
2434 1649 2455 1684 ,
2480 1611 2629 1668 stu-

491 1703 694 1776 diose
711 1759 730 1792 ‚
767 1718 847 1774 ut
873 1704 1054 1788 dixi,
1090 1715 1569 1800 compararat,
1608 1727 1757 1774 non
1782 1717 1931 1776 tam
1958 1729 2105 1776 suae
2132 1705 2631 1780 delectationis

487 1839 970 1911 causa,quam
1010 1812 1101 1884 ad
1134 1813 1629 1884 invitationes‘*
1658 1811 2159 1910 adventusque
2204 1830 2623 1888 nostrorum

489 1925 872 1996 hominum
891 1977 912 2010 ,
966 1926 1362 1996 amicorum
1399 1945 1699 1994 suorum
1732 1936 1951 2020 atque
1988 1922 2385 2021 hospitum.
2451 1927 2629 2014 Quae

489 2051 964 2134 posteaquam
1005 2036 1139 2106 iste
1175 2035 1421 2106 omnia
1456 2031 1759 2104 abstulit
1781 2087 1801 2118 ,
1862 2033 1997 2104 alia
2041 2034 2369 2132 rogando
2393 2031 2447 2124 ⁵,
2494 2034 2629 2106 alia

487 2146 854 2244 poscendo
873 2199 892 2233 ,
915 2146 1050 2217 alia
1073 2143 1430 2216 sumendo
1453 2170 1474 2230 ;
1501 2141 1779 2215 ferebat
1812 2145 2179 2228 Sthenius,
2210 2161 2293 2218 ut
2322 2161 2625 2244 poterat.

487 2252 962 2354 Augebatur⁶
1013 2271 1252 2326 tamen
1309 2255 1535 2326 animi
1584 2252 1840 2326 dolore
1900 2256 2303 2328 necessario
2322 2267 2374 2340 ⁷,
2426 2253 2631 2353 quod

485 2369 788 2440 domum
825 2368 1012 2463 ejus,
1053 2379 1469 2438 exornatam
1518 2381 1739 2461 atque
1784 2366 2211 2438 instructam
2248 2365 2399 2438 fere
2422 2421 2442 2454 ,
2478 2367 2629 2462 jam

485 2480 619 2550 iste
671 2477 1086 2552 reddiderat
1133 2474 1406 2548 nudam
1463 2489 1685 2572 atque
1739 2478 2051 2548 inanem.
2107 2481 2627 2550 Verumtamen

485 2588 813 2661 dolorem
845 2613 1058 2659 suum
1097 2589 1373 2658 nemini
1410 2584 1870 2683 impertiebat
1904 2614 1923 2656 ε
1964 2590 2293 2685 praetoris
2328 2587 2629 2683 injurias

483 2701 698 2770 tacite
721 2753 742 2786 ,
779 2698 1084 2795 hospitis
1112 2694 1390 2795 placide
1416 2694 1751 2768 ferendas
1794 2695 2299 2770 arbitrabatur.
2344 2703 2629 2768 Interea

483 2807 874 2905 cupiditate
907 2809 1040 2880 iste
1087 2807 1208 2878 illa
1247 2830 1376 2878 sua
1417 2820 1591 2876 nota
1612 2859 1633 2892 ‚
1682 2819 1901 2903 atque
1932 2805 2133 2904 apud
2170 2832 2425 2880 omnes
2459 2833 2626 2906 per·

485 2912 832 3014 vulgata⁸‚
849 2941 1082 3012 quum
1109 2919 1310 3014 signa
1337 2914 1665 3012 quaedam
1694 2917 2176 3013 pulcherrima
2196 2934 2415 3016 atque
2444 2920 2625 2990 anti-

479 3028 825 3124 quissima
841 3026 1167 3098 Thermis
1195 3028 1270 3097 in
1303 3023 1601 3124 publico
1622 3028 1855 3122 posita
1878 3027 2173 3100 vidisset
2190 3083 2211 3118 ,
2238 3028 2621 3102 adamavit:

479 3163 520 3208 a
539 3137 836 3208 Sthenio
863 3151 1112 3234 petere
1135 3138 1356 3234 ooepit
1370 3188 1390 3222 ‚
1421 3149 1503 3205 ut
1526 3133 1619 3206 ad
1638 3159 1724 3208 ea
1746 3136 2071 3210 tollenda
2092 3163 2392 3236 operam
2420 3163 2625 3210 suam

478 3247 985 3345 profiteretur,
1017 3271 1240 3344 seque
1283 3246 1672 3340 adjuvaret.
1716 3247 2058 3322 Sthenius
2100 3273 2275 3320 vero
2316 3275 2469 3322 non
2500 3273 2625 3320 so-

479 3463 768 3515 dedititiae
785 3461 1035 3512 Plutarch.
1053 3463 1107 3509 in
1135 3465 1311 3526 Pomp.
1330 3474 1380 3510 et
1397 3463 1503 3511 Cic.
1590 3465 1769 3512 Partim
1797 3467 2050 3531 precibus,
2080 3469 2257 3530 partin
2282 3467 2506 3532 imperio.
2530 3471 2623 3516 Su-

475 3547 530 3594 Ιι.
547 3557 672 3594 ont.
685 3561 798 3609 etp.
817 3545 902 3600 46.
1591 3544 1783 3592 mdo.
1814 3545 1879 3594 Vi
1904 3557 1955 3594 et
1978 3547 2205 3610 inperio.

549 3642 600 3672 ι.
643 3627 812 3672 Suam.
869 3622 1056 3672 Helen.
1099 3632 1152 3670 et
1201 3633 1325 3671 vett.
1381 3621 1503 3672 edd.
1664 3625 1714 3672 6.
1732 3624 1857 3682 Alii.
1876 3624 2271 3690 «ungebatur»,
2298 3627 2625 3691 ninunigni-

473 3719 798 3752 «mn,
1590 3700 1809 3754 flamer-
1832 3705 2091 3768 squinum·
2114 3705 2171 3754 C.
2190 3704 2361 3769 Steph.
2382 3709 2433 3755 J·
2444 3707 2506 3756 V.
2526 3709 2585 3756 L.

551 3779 1148 3845 &Affihieetpnnoinfi
1161 3779 1503 3845 comparabat.
1668 3799 1715 3844 7.
1760 3784 2065 3834 Necessario.
2100 3785 2259 3846 Quem
2300 3801 2403 3834 uon
2443 3785 2621 3834 sentim

551 3870 600 3918 4.
615 3860 704 3909 Aa
723 3859 1046 3910 invitationes.
1065 3861 1228 3922 Quam
1245 3870 1306 3908 nt
1321 3860 1384 3907 iis
1401 3871 1529 3908 ω’
1586 3877 1695 3912 non
1718 3873 1943 3927 potarat,
1970 3879 2121 3928 quum
2160 3874 2237 3912 tot
2260 3867 2475 3926 pretio-
2500 3862 2619 3910 arti·

475 3952 640 3998 retur,
660 3955 814 4003 quum
839 3940 1032 3988 invitati
1051 3939 1116 3988 ad
1143 3955 1254 3988 eun
1281 3938 1503 3991 venirent
1590 3953 1905 3992 monumenta
1930 3957 1959 3990 a
1982 3942 2134 3990 domo
2160 3952 2461 4004 raperentur.

471 4039 598 4070 rom.
621 4021 952 4083 magam-tus,
979 4035 1064 4068 neu
1086 4019 1322 4084 hospiten-
1662 4024 1715 4070 8.
1740 4021 1891 4070 Multi
1914 4030 2203 4084 receperunt
2223 4040 2245 4062 ι
2266 4031 2525 4084 pervagata
2540 4043 2563 4060 ι·
2589 4035 2616 4066 e

545 4103 590 4148 5.
619 4098 874 4162 Rogaeedo.
907 4099 993 4144 Per
1017 4111 1202 4160 preces.
1229 4099 1499 4146 Ponendi».
1590 4100 1755 4149 multis
1776 4100 2049 4148 codicibus.
2072 4100 2105 4147 J
2110 4135 2125 4148 .
2142 4101 2207 4146 V.
2236 4100 2288 4144 1..
