2984 4684
754 375 862 447 ΙΝ
911 373 1337 446 VERREM
1385 371 1598 441 Aer.
1647 371 1764 455 11,
1814 371 1999 440 Lm.
2052 374 2107 440 1.
2356 375 2497 473 289

365 507 878 594 certamenque
905 495 1259 568 venerint.
1287 487 1611 564 Absens⁸
1634 491 1695 560 si
1720 494 1853 562 iste
1880 507 2066 566 esset
2092 483 2499 588 damnatus,

365 631 522 677 non
552 620 702 676 tam
735 609 887 704 ipse
926 604 1064 677 sibi
1105 603 1588 690 consuluisse,
1625 624 1845 697 quam
1882 602 2219 676 invidisse
2251 623 2504 680 vestrae

367 715 566 788 laudi
600 715 994 788 videretur.

465 831 550 897 II.
607 829 865 924 Neque
901 826 1098 897 enim
1141 825 1333 897 salus
1397 823 1547 895 ulla
1596 821 2011 921 reipublicae
2068 827 2299 920 major
2361 828 2503 902 hoc

267 925 278 938 ’
367 948 734 1034 tempore¹
774 937 1078 1036 reperiri
1127 946 1367 1034 potest
1393 988 1412 1022 ‚
1455 955 1678 1031 quam
1718 932 2076 1030 populum
2118 959 2505 1009 romanum

367 1047 803 1145 intelligere,
859 1045 1244 1144 diligenter
1287 1045 1617 1141 rejectis²
1671 1040 1764 1113 ab
1798 1057 2212 1115 accusatore
2244 1044 2508 1140 judici-

367 1157 546 1245 buS,
589 1161 822 1230 socios
841 1211 860 1244 ‚
906 1156 1098 1255 leges
1117 1211 1137 1245 ‚
1180 1155 1708 1254 rempublicam
1730 1208 1749 1241 ‚
1794 1159 2156 1226 senatorio
2206 1159 2537 1238 consilio,

371 1273 683 1340 maxime
720 1293 930 1366 posse
968 1265 1301 1340 defendi:
1329 1291 1573 1362 neque
1602 1279 1801 1336 tanta
1836 1263 2513 1373 fortunis'omnium

369 1382 730 1478 pernicies
758 1393 1000 1478 potest
1036 1377 1374 1449 accedere
1390 1374 1446 1465 ³,
1481 1399 1703 1474 quam
1731 1378 2079 1474 opinione
2104 1378 2359 1475 populi
2390 1376 2515 1452 roi-

369 1492 566 1560 mani
593 1493 952 1560 rationem
979 1490 1338 1575 veritatis5
1364 1487 1831 1585 integritatis,
1869 1484 2070 1576 fidei,
2108 1489 2516 1586 religioniS,

373 1597 465 1670 ab
495 1597 636 1668 hoc
663 1597 922 1670 ordine
940 1597 1352 1692 abjudicari.
1373 1600 1629 1694 Itaque
1654 1593 1834 1666 mihi
1858 1595 2112 1669 videor
2142 1623 2518 1698 magnam,

374 1723 448 1782 et
507 1713 820 1781 maxime
871 1733 1166 1808 aegram,
1221 1722 1296 1780 et
1348 1733 1581 1808 prope
1634 1707 2040 1808 depositam
2097 1709 2518 1806 reipublicae
2586 1701 2591 1713 '

375 1825 706 1918 partem‘·
755 1820 1195 1917 suscepisse;
1247 1843 1490 1917 neque
1534 1822 1609 1890 in
1643 1811 1744 1904 ,eo
1777 1819 2003 1916 magis
2038 1844 2255 1909 meae,
2298 1846 2522 1918 quam

375 1945 630 2003 vestrae
684 1930 880 2003 laudi
928 1931 1592 2029 existimationique
1630 1934 1955 2002 servisse.
2003 1933 2286 2002 Accessi
2324 1931 2521 2002 enirn

378 2039 468 2112 ad
494 2040 836 2113 invidiam
856 2039 1300 2136 judiciorum
1335 2040 1741 2128 levandam,
1764 2041 2524 2139 vituperationemque

376 2149 776 2223 tollendam
821 2180 836 2222 z
876 2166 994 2242 ut,
1049 2177 1280 2250 quum
1331 2151 1484 2224 haec
1531 2177 1649 2224 res
1688 2175 1826 2250 pro
1862 2152 2232 2222 voluntate
2268 2153 2525 2251 populi

377 2265 660 2334 romani
705 2278 892 2336 esset
917 2263 1276 2360 judicata,
1304 2263 1550 2360 aliqua
1582 2287 1671 2334 ex
1715 2275 1921 2361 parte
1958 2287 2121 2334 mea
2155 2262 2527 2360 diligentia

379 2376 608 2444 consti
619 2371 804 2444 tuta⁵
821 2377 1211 2446 auctoritas
1225 2373 1673 2469 judiciorum
1692 2369 2064 2472 videretur
2079 2399 2098 2459 ;
2125 2387 2523 2470 postremo,

380 2496 464 2552 ut
491 2479 725 2555 esset⁶
745 2481 888 2554 hoc
919 2482 1326 2578 judicatum
1346 2536 1367 2570 ‚
1397 2496 1481 2553 ut
1513 2479 1683 2551 finis
1720 2479 2111 2578 aliquando
2128 2481 2527 2576 judiciariae

383 2597 890 2666 controversiae
935 2597 1526 2665 constitueretur.
1572 2595 1860 2662 Etenim
1897 2593 2053 2662 sine
2096 2590 2326 2663 dubio
2344 2647 2363 2680 ,
2402 2593 2525 2688 ju-

383 2845 484 2884 tete
521 2834 910 2900 labor-&finctus
939 2834 992 2883 in
1029 2833 1240 2884 honesta
1268 2831 1414 2883 laude
1503 2849 1626 2888 rom.
1654 2833 1886 2898 opinetur
1912 2831 2191 2896 equitatem
2207 2868 2225 2894 ,
2250 2843 2348 2884 etc.
2374 2834 2428 2882 in
2454 2851 2527 2884 se-

381 2915 612 2978 ponitur.
626 2914 754 2962 Vide
775 2914 996 2964 Coruum
1015 2915 1080 2963 ad
1097 2915 1290 2964 Sallust.
1307 2915 1413 2964 Cat.
1502 2924 1729 2962 natorum
1750 2913 1949 2975 judiciis
1971 2929 2216 2962 remanere
2238 2930 2343 2962 non
2364 2931 2527 2979 posse.

385 2995 603 3053 XXXV,
634 2996 684 3045 3.
1576 3004 1624 3052 4.
1644 2999 1859 3043 Partem.
1893 2997 1926 3044 J
1928 2993 2105 3042 udicia.
2135 3021 2207 3031 -—
2226 2995 2524 3060 Depositam.

459 3075 510 3122 8.
529 3075 730 3123 Absens.
743 3075 804 3121 In
831 3075 1059 3124 exsilium
1081 3074 1416 3125 voluntarium
1502 3075 1833 3137 Desperatum.
1881 3073 2176 3137 Metaphora
2224 3074 2285 3120 de
2338 3075 2533 3138 aegrotis

387 3163 498 3200 ente
531 3152 680 3201 lutam
715 3155 1006 3202 sententiam
1048 3154 1316 3219 profectus.
1349 3182 1417 3191 —
1506 3164 1721 3216 sumpta,
1747 3151 1835 3216 qui
1852 3151 2093 3216 desperati
2108 3162 2219 3199 ente
2232 3153 2405 3212 januas
2424 3169 2535 3200 suns

388 3233 681 3281 Damnatus.
705 3233 930 3298 quue
951 3235 1068 3284 ideo
1096 3249 1200 3282 non
1233 3233 1420 3281 vitaba-
1509 3230 1883 3296 deponebantur
1901 3266 1917 3288 ,
1958 3243 2017 3280 ut
2055 3247 2082 3279 ι
2124 3232 2535 3296 praetereuntibus

387 3321 470 3358 tur
495 3313 742 3360 damnatio
753 3347 768 3372 ,
787 3325 836 3361 et
861 3313 1144 3362 damnatum
1160 3313 1242 3362 hic
1257 3313 1420 3376 ipsum
1509 3311 1783 3359 viserentur
1799 3327 1855 3359 ac
1872 3323 2175 3371 curarentur,
2205 3312 2247 3358 si
2266 3311 2387 3375 quid
2410 3312 2535 3360 forte

387 3390 452 3437 iri
477 3391 789 3455 supponitur.
1512 3391 1621 3454 opis
1654 3392 1708 3438 in
1740 3392 1812 3439 eis
1848 3400 1988 3439 esset.
2018 3391 2148 3439 Vide
2176 3391 2312 3439 Serv.
2332 3390 2397 3439 ad
2425 3395 2535 3438 AEu.

463 3469 530 3514 11.
555 3485 600 3516 ι.
620 3470 722 3516 Hoc
737 3481 970 3532 tempore.
980 3471 1100 3532 Quo
1116 3469 1335 3535 populus
1355 3469 1422 3516 il-
1512 3473 1639 3527 ΧΠ,
1669 3471 1790 3534 395.

391 3546 488 3594 hm
515 3554 726 3592 veterem
742 3547 1044 3606 iudiciorum
1067 3549 1168 3596 vim
1195 3549 1416 3613 requirit.
1580 3551 1635 3600 5.
1656 3549 1945 3599 comeieuta.
1964 3549 2304 3601 constabilita.

391 3625 562 3673 Divin-
591 3624 641 3671 3·
1581 3629 1633 3677 6.
1673 3628 1913 3678 Lambino
1941 3628 2163 3692 placebat
2190 3649 2217 3670 e-
2234 3643 2387 3691 quum
2412 3637 2538 3676 esset

465 3720 518 3752 π.
553 3700 778 3766 Bejeetis.
805 3703 850 3753 Ι.
889 3719 937 3753 e.
967 3703 1151 3753 electis.
1167 3705 1285 3753 vid.
1307 3706 1418 3754 Aet.
1510 3706 1607 3755 hoc
1628 3705 1786 3768 judie.
1808 3729 1835 3749 ιο
1861 3707 2062 3754 Mureto
2086 3716 2181 3754 »ut
2206 3717 2263 3754 ut
2287 3717 2411 3754 esset
2437 3707 2487 3756 h.
2510 3728 2538 3749 a

395 3786 450 3846 1,
481 3785 532 3832 3.
1145 3775 1156 3796 ‘
1512 3787 1615 3835 Ani
1652 3786 1793 3834 auter
1835 3785 2123 3846 oonjidunt.
2160 3784 2297 3848 Legit
2332 3787 2539 3835 notem.

471 3865 516 3912 3.
536 3861 800 3912 Ruhnken.
820 3863 882 3912 ad
902 3863 1058 3912 Rutil.
1084 3863 1210 3930 Lup.
1235 3879 1349 3928 pag.
1373 3865 1428 3928 3,
1517 3876 1605 3914 «et
1628 3863 1792 3914 finis».
1814 3867 2041 3915 Ceterum
2070 3863 2216 3912 docet
2232 3867 2280 3913 J.
2302 3867 2353 3912 F.
2378 3867 2539 3914 Gron.

396 3942 644 3999 accidere,
673 3941 810 4005 qnod
825 3941 1070 3992 habebant
1083 3944 1184 4004 jam
1204 3943 1426 4006 quedam
1516 3943 1721 3993 observ.
1745 3946 1845 4002 111,
1870 3945 1903 3991 6
1918 3977 1934 4004 ,
1963 3953 2019 3990 ue
2042 3959 2173 4006 uaepe
2196 3941 2327 3992 idem
2355 3961 2457 3993 esse
2481 3959 2541 3992 ae

399 4021 514 4068 edd.
530 4023 563 4070 J
567 4055 580 4068 .
598 4023 665 4068 V.
691 4021 980 4084 L.—Quam
997 4021 1246 4085 opinione.
1267 4023 1426 4086 Quam
1519 4033 1651 4080 utut,
1676 4035 1946 4088 utcumque.
1960 4021 2111 4086 Quod
2128 4023 2219 4070 etsi
2242 4024 2547 4072 verissimum

291 4152 301 4160 .
401 4099 853 4161 prave-judicando
897 4101 1082 4161 facere,
1119 4113 1177 4152 ut
1211 4103 1428 4170 populus
1518 4114 1617 4166 est,
1654 4119 1855 4168 parvam
1878 4113 2040 4152 temen
2062 4102 2114 4152 h.
2132 4102 2167 4152 l.
2194 4101 2541 4152 obscuritatem

597 4188 653 4254 Ῑ.
709 4205 800 4252 Οἰσ-
814 4220 926 4266 pars
947 4205 1166 4252 secunda.
2220 4213 2303 4284 19
