2984 4684
483 314 572 390 58
1165 324 1927 396 ARGUMENTUM.

554 458 785 510 omnes,
811 441 968 500 solus
990 442 1208 501 crimen
1233 444 1294 502 in
1327 445 1483 522 ipsos
1513 443 1931 503 criminationis
1958 455 2225 500 auctores
2251 441 2520 515 retorsit3
2548 443 2615 502 in

551 536 993 614 Chrysogonum
1023 537 1521 602 vehementissime
1546 554 1635 602 est
1662 542 1923 600 invectus
1941 582 1959 612 ,
2000 539 2083 598 ita
2109 553 2319 610 tamen,
2348 551 2445 610 ut,
2468 538 2613 598 dum

553 633 826 694 libertum
849 655 988 695 vere
1021 656 1263 698 romana
1291 659 1437 698 voce
1467 650 1942 720 persequeretur,
1980 636 2198 696 Sullam
2222 635 2445 695 invidia
2465 657 2613 716 pur-

552 742 735 808 genet,
754 733 922 809 quasi
943 733 1144 811 ignaro
1164 735 1268 793 illo
1292 748 1353 795 et
1375 735 1781 816 imprudente,
1810 747 1901 794 tot
1922 733 2181 792 facinora
2204 733 2448 792 fuissent
2472 749 2613 810 per-

553 841 797 906 petrata.
823 829 990 892 Conf.
1013 833 1300 908 Lunaque,
1329 835 1505 892 Cours
1526 836 1599 889 de
1628 835 1823 890 Litte‘r.
1847 829 1968 888 vol.
1994 833 2103 889 111.
2592 891 2601 900 ,

629 929 818 984 Causa
845 925 1084 1000 publica
1131 941 1237 986 est.
1287 928 1384 988 Sic
1429 941 1624 988 autem
1681 926 2053 1006 appellantur
2110 943 2296 984 causae
2316 967 2335 996 ,
2398 927 2613 983 consti-

556 1034 694 1081 tutae
719 1021 795 1081 de
821 1022 1160 1083 criminibus
1200 1023 1482 1104 publicis,
1518 1044 1651 1102 quoe
1686 1025 1797 1085 toti
1836 1021 2173 1103 reipublicae
2202 1021 2474 1099 injuriam
2516 1022 2611 1080 af-

550 1118 776 1192 ferunt,
820 1121 894 1180 ad
935 1121 1060 1200 ejus
1099 1121 1416 1200 perniciem
1443 1123 1675 1196 valent,
1726 1135 1785 1180 et
1810 1140 2065 1200 quorum
2092 1118 2389 1197 castigatio
2422 1121 2612 1198 perti—

551 1230 650 1275 net
697 1217 769 1276 ad
815 1220 1182 1298 exemplum3
1249 1220 1446 1298 qualia
1506 1233 1641 1279 sunt
1702 1218 1955 1279 ambitus
1974 1261 1993 1291 ,
2038 1217 2126 1278 vis
2192 1215 2473 1296 publicae,
2536 1216 2613 1276 de

549 1315 798 1388 sicat-iiS,
840 1329 954 1376 etc.
1003 1321 1219 1378 Praeest
1269 1319 1408 1378 huic
1457 1318 1681 1397 judicio
1723 1322 1811 1376 M.
1855 1315 2113 1377 Fannius
2156 1319 2430 1391 quoesieor
2466 1318 2619 1372 inter

549 1416 803 1485 sicarios,
835 1415 875 1473 i.
903 1435 954 1474 e.
980 1415 1031 1475 is
1051 1429 1290 1494 praetor,
1313 1419 1410 1478 cui
1439 1417 1556 1477 hoc
1583 1416 1785 1476 datum
1815 1428 1971 1488 erat,
2000 1427 2069 1474 ut
2090 1430 2165 1473 eo
2196 1433 2382 1486 anno,
2402 1413 2453 1471 si
2479 1414 2615 1491 quis

549 1522 846 1589 tamquam
883 1512 1125 1572 sicarius
1157 1527 1562 1590 accusaretur,
1604 1513 1680 1573 de
1723 1532 1799 1599 ea,
1833 1533 1899 1571 re
1940 1511 2317 1592 questionem
2367 1508 2617 1569 haberet

547 1626 617 1666 ac
634 1607 943 1684 judicaret.
975 1610 1244 1669 Praetoris
1274 1631 1419 1670 vero
1453 1611 1517 1668 iu
1544 1608 1731 1670 causis
1758 1607 2007 1688 publicis
2038 1606 2186 1667 illud
2215 1617 2341 1665 erat
2369 1625 2583 1666 munus
2600 1649 2619 1679 ,

550 1715 618 1762 ut
637 1703 904 1781 judicum
923 1749 942 1778 ,
968 1707 1070 1784 qui
1111 1706 1475 1780 assidebant,
1515 1707 1831 1767 sententias
1855 1705 2182 1784 colligeret,
2210 1717 2271 1762 et
2302 1723 2375 1762 ex
2406 1721 2615 1762 eorum

555 1799 768 1860 tabulis
785 1801 877 1879 (ut
893 1803 1052 1881 apud
1073 1823 1182 1864 nos
1205 1809 1286 1862 les
1305 1803 1492 1884 jures)
1521 1804 1950 1882 pronuntiaret.
1982 1807 2092 1875 (De
2111 1814 2366 1880 praetore
2386 1798 2614 1859 urbano

552 1897 726 1976 plura
745 1899 882 1957 vide
901 1899 978 1958 ad
1000 1899 1313 1962 calavena
1337 1900 1778 1966 1.)Assidebant
1802 1919 1987 1980 porro
2018 1904 2101 1958 Μ.
2126 1898 2351 1958 Fannio
2387 1894 2615 1974 judices

552 2013 627 2053 ex
647 1993 1186 2078 ordine-senatorio,
1206 1999 1310 2076 qui
1331 1999 1490 2057 solus
1510 2012 1648 2056 tunc
1667 1996 1890 2076 judicia
1912 1995 2236 2055 exercebat.
2267 1999 2614 2072 Equestrem

549 2091 704 2152 enim
734 2092 998 2152 ordinem
1030 2093 1225 2167 Sulla,
1264 2094 1392 2171 lege
1418 2095 1687 2154 Cornelia
1707 2093 2044 2172 judiciaria,
2084 2094 2313 2150 honore
2353 2091 2455 2150 illo
2484 2091 2614 2171 pri—

555 2203 813 2248 πνοι-αι.

633 2291 780 2346 Acta
807 2306 984 2346 causa
1013 2288 1184 2366 estin
1213 2289 1344 2348 foro
1364 2331 1382 2361 ,
1423 2288 1486 2347 in
1514 2285 1831 2368 conspectu
1858 2287 2037 2347 totius
2064 2285 2273 2367 populi
2296 2327 2313 2360 ,
2346 2283 2615 2364 judicum

561 2379 836 2442 subsellia
881 2383 1340 2456 circumstantis,
1378 2389 1450 2443 Δ..
1477 2389 1555 2445 U.
1584 2387 1649 2444 C.
1684 2383 1799 2457 673
1820 2425 1838 2456 ,
1884 2389 1953 2443 L.
1996 2381 2273 2442 Cornelio
2312 2380 2475 2444 Sulla
2520 2385 2617 2451 11,

557 2485 631 2554 Q.
656 2479 898 2539 Metello
923 2481 1032 2540 Pio
1071 2499 1246 2554 coss„
1273 2480 1557 2541 Cicerone
1583 2481 1897 2568 septimum
1920 2491 1982 2540 et
2015 2478 2363 2558 vigesimum
2396 2497 2617 2537 annum

555 2589 780 2656 agente.

631 2675 952 2738 Absolutus
967 2691 1056 2737 est
1071 2681 1134 2737 S.
1151 2677 1416 2751 Roscius,
1441 2689 1507 2735 ut
1524 2695 1597 2735 ex
1612 2675 1927 2736 Plutarcho
1946 2687 2175 2734 constat
2192 2673 2255 2732 iu
2272 2673 2393 2734 Cic.
2412 2671 2523 2730 vit.
2546 2673 2581 2730 3
2600 2695 2613 2729 :

554 2773 913 2852 Ᾰναὸιξάμνος
953 2779 1030 2836 οὗν
1071 2783 1154 2840 τὴν
1197 2781 1472 2856 συνηγορίαν
1496 2819 1511 2846 ,
1552 2781 1637 2835 καὶ
1682 2783 2015 2852 κατορθώσας,
2062 2779 2349 2851 mundabo.
2408 2773 2485 2829 Et
2542 2789 2617 2830 ex

557 2871 668 2930 bac
698 2888 870 2930 causa
896 2883 1116 2930 tantam
1143 2885 1539 2950 consequutus
1564 2884 1653 2930 est
1688 2871 1893 2931 Cicero
1918 2868 2151 2930 virtutis
2173 2887 2241 2927 ac
2268 2866 2617 2945 eloquentiae

555 2965 815 3036 laudem,
836 2981 904 3026 ut
943 2988 1061 3025 non
1098 2968 1218 3027 ulla
1243 2981 1394 3027 esset
1422 2987 1597 3028 causa
1626 2987 1759 3046 quae
1792 2987 1914 3026 non
1935 2965 2061 3044 ejus
2087 2965 2263 3044 digna
2284 2964 2617 3044 patrocinio

555 3063 874 3124 videretur.
895 3069 1056 3124 Brut.
1085 3083 1182 3142 9⁰·
1215 3070 1305 3124 De
1333 3065 1504 3125 Offic.
1534 3069 1623 3138 11,
1666 3074 1761 3136 ιι..
1796 3070 1891 3126 An
1918 3083 2061 3124 vero
2090 3063 2153 3122 in
2187 3073 2431 3141 paterna
2458 3059 2619 3120 bona

556 3163 858 3222 restitutus
883 3162 1062 3222 fuerit
1085 3162 1350 3234 Roscius,
1367 3181 1488 3222 non
1513 3163 1719 3241 liquet.

634 3257 732 3319 Ab
752 3259 866 3318 hac
889 3257 1084 3318 statim
1111 3277 1282 3318 causa
1309 3259 1649 3318 Ciceronem
1684 3258 2015 3338 profectum
2040 3277 2169 3318 esse
2204 3257 2267 3316 iu
2298 3257 2618 3328 Graeciam,

557 3370 716 3416 metu
755 3355 928 3418 Sullae
967 3353 1350 3427 dominantis,
1401 3355 1559 3415 idem
1596 3365 1797 3414 narrat
1840 3339 2223 3426 Plutarchus,
2252 3352 2349 3414 cui
2382 3352 2620 3412 videtur

558 3452 841 3514 Eusebius
871 3454 933 3511 in
961 3452 1258 3514 Chronico
1281 3452 1609 3532 suffragari.
1634 3451 1751 3514 Sed
1780 3451 1995 3511 refellit
2023 3471 2125 3511 eos
2152 3452 2276 3530 ipse
2298 3451 2527 3511 Tullius
2557 3451 2619 3509 in

561 3554 762 3624 Bruto,
785 3571 912 3631 cap.
936 3571 1034 3628 91,
1059 3549 1164 3609 ubi
1183 3569 1385 3610 veram
1407 3550 1793 3636 prossctionis
1810 3569 1933 3608 suae
1958 3568 2189 3608 causam
2212 3549 2419 3628 aperit.
2442 3552 2619 3607 Auno

559 3660 842 3726 preterea
869 3661 1144 3728 aequente
1159 3691 1178 3720 ,
1199 3649 1486 3708 Arretina
1508 3647 1769 3709 mulieris
1794 3645 2127 3726 libertatem
2156 3657 2361 3704 contra
2386 3647 2618 3704 Cottam

561 3749 764 3804 Romae
787 3745 1064 3807 defendit.

1281 3848 1328 3916 S
1339 3849 1402 3915 Y
1415 3845 1482 3916 N
1493 3847 1559 3914 Ο
1574 3846 1628 3914 Ρ
1642 3845 1727 3916 81
1740 3845 1806 3913 S.

551 3969 774 4037 Quaestlo
795 3979 869 4020 est
886 3969 942 4020 in
961 3987 1136 4036 genere
1149 3971 1371 4034 iudiciali
1389 3988 1402 4022 :
1423 3984 1486 4020 an
1513 3969 1629 4021 Sex.
1654 3971 1864 4020 Roscius
1881 3981 2071 4036 patrem
2091 3981 2231 4017 auum
2252 3962 2513 4016 occiderit.

555 4063 720 4112 Parte·
738 4059 976 4110 untionis
994 4045 1142 4123 buitt's
1164 4071 1280 4112 suut
1307 4061 1527 4126 quinque
1549 4076 1563 4110 :
1598 4059 1869 4110 Exordium
1882 4091 1898 4120 ,
1924 4059 2027 4108 1-5.
2056 4057 2312 4120 Nun-atio,
2338 4056 2487 4106 6-12.
2512 4055 2621 4102 Par-
