2984 4684
686 364 1674 474 DE'VECTIGALIBUS
1722 405 1988 474 REIP.
2041 418 2173 476 etc.
2355 403 2498 502 549

375 535 543 584 esset
573 521 855 608 pretium
886 543 1007 610 pro
1039 543 1297 610 quaque
1333 545 1548 588 merce
1577 523 1957 589 solvendum
1977 573 1997 608 ,
2030 547 2166 590 non
2191 542 2290 590 est
2315 527 2498 615 quod

374 623 713 691 affirmem.
760 628 1001 692 Contra
1046 651 1203 692 vero
1244 628 1540 694 existimo
1587 631 1981 719 portitorum
2031 631 2226 696 fuisse
2268 633 2498 706 mercis

376 729 692 818 cujusque
720 732 1231 798 aestimationem.
1274 733 1504 822 ltaque
1530 735 1806 802 sarcinas
1835 757 2126 824 quasque
2155 736 2500 826 diligenter

375 837 815 920 excutiebant;
880 838 1101 904 omnia
1154 839 1407 904 ctu-iose
1460 842 1928 924 observabant3
1979 841 2500 928 sciscitabanttir3

378 942 691 1008 mercium
726 943 795 1007 in
826 945 1060 1032 pretia,
1082 945 1215 1010 vim
1235 993 1253 1026 ,
1291 961 1622 1031 naturam,
1654 947 1986 1036 regionem
2019 946 2196 1012 unde
2222 945 2504 1014 advehe·-

378 1065 626 1131 rentur,
666 1048 1118 1138 inquirebant3
1169 1067 1235 1118 et
1274 1073 1353 1119 ex
1388 1075 1612 1122 earum
1643 1077 1682 1117 a
1725 1076 1796 1118 se
1835 1055 2001 1118 facta
2041 1055 2464 1120 aestimatione
2483 1105 2503 1136 ,

376 1176 499 1244 pro
546 1155 795 1220 ratione
842 1157 1031 1243 pretii
1073 1156 1343 1246 vectigal
1384 1157 1743 1248 exigebant.
1781 1157 2088 1224 Testatur
2124 1158 2390 1230 Plautus
2435 1160 2500 1223 in

376 1257 695 1326 Menaech.
728 1277 854 1325 act.
878 1261 941 1343 I,
984 1284 1073 1327 sc.
1108 1283 1179 1344 2,
1216 1261 1331 1325 ubi
1364 1261 1810 1329 Menaechmus
1833 1263 1916 1328 de
1949 1263 2220 1328 muliere
2251 1265 2503 1332 curiosa

378 1361 445 1426 in
474 1363 730 1450 primis,
754 1385 899 1450 quae
918 1364 1133 1438 virum
1167 1362 1367 1428 domo
1392 1363 1865 1454 egredientem,
1897 1381 1964 1430 et
1992 1365 2377 1431 redeuntem
2405 1389 2504 1430 ses

378 1462 537 1527 dulo
582 1463 995 1545 observabat,
1044 1463 1167 1549 ait,
1202 1465 1506 1554 «Rogitas
1559 1489 1694 1555 quo
1729 1488 1852 1557 ego
1903 1489 2044 1532 eam
2065 1516 2086 1549 ,
2129 1490 2326 1555 quam
2361 1489 2502 1532 rem

376 1586 561 1653 agam
580 1613 599 1646 ,
625 1565 786 1654 quid
818 1567 1061 1656 negotii
1100 1589 1353 1655 geram,
1386 1567 1548 1655 quid
1574 1583 1788 1658 petam
1809 1617 1828 1652 ,
1867 1569 2026 1659 quid
2053 1570 2292 1652 feram,
2343 1567 2504 1657 quid

377 1670 535 1734 foris
574 1673 857 1761 egerim3
896 1673 1278 1761 portitorem
1335 1672 1609 1738 domum
1657 1674 1812 1740 duxi
1831 1725 1852 1758 ,
1907 1676 1994 1742 ita
2029 1697 2294 1742 omnem
2339 1674 2514 1761 mihi,

374 1799 514 1842 rem
554 1799 815 1844 necesse
847 1779 1031 1866 loqui
1060 1794 1185 1864 est,
1238 1779 1566 1869 quidquid
1599 1782 1700 1872 egi
1721 1831 1739 1864 ,
1771 1799 1970 1870 atque
1999 1805 2122 1873 ago
2131 1813 2176 1846 ν.
2202 1783 2518 1848 Testatur-

379 1884 656 1967 Quintil.
700 1886 983 1950 Declam.
1015 1885 1173 1966 340,
1208 1887 1309 1951 his
1338 1888 1552 1954 verbis
1583 1911 1598 1952 :
1642 1917 1667 1944 κ
1696 1889 1972 1954 Videtur
1993 1889 2306 1980 Mangoni
2339 1913 2504 1978 puer

375 1989 731 2079 pretiosus;
764 1991 985 2056 timuit
1010 2013 1094 2056 ne
1120 2014 1357 2082 magno
1384 1993 1870 2060 aestimaretur».
1895 1993 2062 2068 Vide
2083 2011 2151 2060 et
2173 1995 2498 2069 Plutarch,

377 2093 459 2160 de
522 2097 824 2163 Curiosit.
890 2096 1061 2162 Hinc
1112 2097 1371 2166 Nonius
1430 2097 1772 2174 Marcellus
1813 2101 2179 2188 portitores,
2240 2098 2467 2166 definit
2483 2148 2506 2184 ,

375 2231 403 2258 ι
424 2202 800 2284 telonarios,
840 2203 957 2290 qui
993 2219 1261 2293 portum
1302 2203 1672 2276 obsidentes
1707 2207 1928 2282 omnia
1963 2205 2390 2288 sciscitantur,
2424 2222 2506 2276 ut.

374 2329 455 2372 ex
499 2329 579 2372 eo
622 2309 895 2398 vectigal
945 2307 1261 2396 accipiant
1279 2339 1329 2370 a.
1362 2308 1583 2387 Varias
1615 2308 1874 2384 fraudes
1911 2311 2228 2386 adhibitas
2266 2311 2502 2392 fuisse,

374 2413 613 2501 quibus
670 2413 1195 2480 circumscribere
1239 2413 1568 2502 vectigalia
1623 2415 1906 2480 solerent
1958 2417 2412 2506 negotiatores,
2449 2418 2504 2480 si

376 2517 630 2601 dixero,
660 2541 797 2584 non
830 2519 953 2584 erit
986 2519 1169 2607 quod
1200 2518 1463 2602 μήτοι-β,
1492 2541 1712 2605 neque
1745 2521 1801 2583 si
1835 2521 2182 2592 ostendero
2225 2522 2498 2586 sesuma-

372 2628 585 2692 tiones
616 2625 751 2692 illas
780 2648 923 2713 quaa
958 2648 995 2690 a
1028 2624 1455 2714 portitoribus
1488 2610 1976 2710 inducerentur,
1999 2647 2166 2713 saepe
2190 2626 2272 2695 ab
2301 2627 2502 2714 eequi-

372 2749 503 2800 tate
532 2733 783 2812 abiisse.
828 2733 999 2798 Hinc
1030 2732 1359 2798 continuae
1380 2731 1465 2798 de
1509 2731 1900 2820 portitorum
1933 2731 2189 2812 iniuriis,
2225 2733 2513 2820 quereb.

372 2838 549 2928 apud
604 2853 899 2904 auctores
954 2851 1353 2916 occurrunt,
1336 2860 1351 2874 ·
1390 2859 1536 2924 quae
1585 2837 1833 2917 injuriae
1885 2835 2188 2908 tollendis
2237 2835 2508 2908 tandem

371 2946 681 3036 portoriis
703 2965 961 3024 causam
978 2943 1271 3011 attulere.
1300 2943 1429 3023 Cic.
1456 2942 1541 3020 ad
1559 2942 1642 3025 Q.
1663 2943 1768 3009 Fr.
1794 2942 1993 3030 Epist.
2015 2943 2070 3024 Ι,
2092 2966 2145 3008 1.
2172 2943 2498 3011 Hactenus

374 3049 457 3118 de
480 3051 819 3174 portorio:
846 3050 979 3132 jam
1006 3046 1090 3116 ad
1120 3047 1456 3130 decumas,
1488 3047 1766 3128 alterum,
1793 3048 2118 3136 vectigalis
2153 3069 2392 3136 genus,
2417 3071 2501 3114 ex

372 3159 541 3248 agris
576 3157 835 3228 elocutis
868 3157 1037 3246 exigi
1061 3157 1324 3220 solitum
1347 3155 1754 3238 ,veniamus,
1885 3216 1892 3226 ,

461 3263 754 3330 Alterum
795 3261 1204 3352 vectigalium
1250 3283 1496 3350 genus
1488 3259 1704 3334 fuisse
1755 3259 2036 3330 diximus
2079 3258 2276 3342 illud,
2323 3259 2522 3348 quod.-
2543 3257 2558 3264 ’

375 3372 541 3460 agris
574 3371 1051 3459 imponebatur„
1094 3371 1267 3457 Ager
1296 3367 1840 3456 fiebat-vectigalis
1869 3367 2016 3446 jure
2041 3367 2518 3437 victwioe..Rn-:

374 3478 549 3545 mani
580 3475 861 3566 populos
894 3477 1067 3546 bello
1098 3473 1399 3548 devictos
1414 3491 1530 3548 aut
1559 3477 1894 3554 immunes,
1923 3495 2218 3554 esse,:ae
2243 3474 2376 3538 suis
2407 3473 2521 3567 ¹²¹¹:

376 3582 565 3673 gibus
590 3582 805 3646 vivere
831 3581 1165 3661 volebant3
1197 3596 1311 3644 aut
1340 3581 1473 3652 suis
1501 3603 1618 3652 eos
1643 3579 1812 3670 agris
1835 3579 2194 3660 exuebant,
2227 3600 2392 3666 quos
2428 3580 2519 3644 int

374 3687 711 3778 publicum
749 3686 909 3774 reip.
947 3685 1409 3774 patrimonium
1445 3685 1842 3773 redigebant.
1888 3685 2062 3753 Hinc
2105 3685 2310 3750 toties
2329 3685 2524 3774 apudz

374 3795 787 3875 Ciceronem,
818 3807 885 3868 et
908 3791 1095 3874 alios,
1121 3790 1255 3880 agri
1283 3790 1596 3856 dicuntur
1623 3789 1934 3878 publicati
1967 3788 2216 3870 fuisses
2253 3822 2284 3857 ::
2355 3825 2432 3857 ιω

460 3903 789 3990 Agrorum
812 3898 1222 3988 vectigalium
1246 3897 1478 3985 triplex
1503 3916 1710 3985 genus
1737 3895 1865 3960 fuit
1879 3917 2010 3983 pro
2029 3893 2503 3965 mndoetsarin

374 4005 721 4082 deditionis
760 4005 967 4070 forma
1005 4029 1020 4081 3
1064 4015 1123 4078 ιο
1154 4018 1269 4078 aut
1300 4002 1477 4068 enim
1512 4001 1650 4088 agri
1685 4020 1782 4070 ex.
1805 3999 2103 4079 hostibus
2139 4001 2342 4090 capti,
2379 4003 2500 4069 toti

378 4113 619 4200 publici
637 4160 656 4195 ,
689 4129 755 4178 et
774 4113 931 4200 reip.
956 4109 1133 4185 velut
1164 4108 1630 4198 patrimonium
1665 4105 1925 4178 fiebant.
1955 4105 2128 4172 Talis
2147 4129 2300 4196 ager
2325 4107 2508 4176 Cam·-
