2984 4684
478 357 571 441 42
1118 354 1215 422 M.
1267 350 1346 421 T.
1400 351 1988 423 CICERONIS

476 476 855 548 communi
898 473 1061 545 luce
1088 476 1431 572 privaret,
1479 473 1625 546 Ubi
1671 486 1878 545 erant
1913 473 2134 543 ceteri
2172 470 2566 545 creditores
2593 476 2626 543 ἓ

481 584 804 684 denique
828 583 973 655 hoc
998 598 1327 683 tempore
1359 583 1489 656 ubi
1512 584 1726 657 sunt?
1750 586 1914 681 quis
1938 596 2067 669 est,
2079 584 2209 680 qui
2235 580 2630 656 fraudatio-

478 698 594 767 nis
625 718 839 767 causa
868 696 1156 767 latuisse
1181 693 1411 766 dicat?
1442 699 1609 794 quis
1632 749 1651 783 ,
1683 697 1812 791 qui
1838 692 2214 764 absentem
2241 690 2624 765 defensum

480 823 701 904 neget
726 830 879 878 esse
908 805 1345 899 Quintium?
1374 811 1609 880 Nemo
1637 806 2030 876 invenitur.
2067 807 2163 875 At
2187 819 2441 875 contra
2466 828 2628 875 om·

478 944 649 1007 neS‚
686 918 1130 1016 quibuscum
1171 921 1357 989 ratio
1382 916 1560 1004 huic
1601 932 1729 989 aut
1760 930 1903 1005 est,
1943 916 2088 987 ‘aut
2116 912 2258 986 fuit
2281 970 2300 1005 ,
2325 914 2626 1005 adsunt,

490 1027 898 1101 defendunt
923 1054 941 1097 ε
971 1026 1198 1099 fides‘*
1224 1027 1446 1124 hujus
1478 1028 1727 1099 multis
1761 1029 1938 1099 locis
1965 1029 2290 1123 cognita3
2335 1050 2428 1097 ne
2461 1051 2628 1125 per-

486 1136 663 1209 fidia
709 1143 867 1211 Sex.
912 1140 1134 1211 Naevii
1184 1136 1612 1235 derogetur,
1656 1135 2010 1209 laborant.
2067 1142 2153 1207 In
2206 1134 2624 1233 hujusmodi

487 1251 960 1345 sponsionem
997 1262 1212 1319 testes
1246 1242 1417 1318 dare
1448 1247 1840 1346 oportebat
1871 1272 1961 1318 ex
1991 1271 2080 1319 eo
2109 1271 2448 1333 numere,
2491 1250 2622 1344 qui

486 1357 636 1429 haec
673 1356 1045 1429 dicerent:
1080 1355 1598 1429 Vadimonium
1649 1356 1828 1429 mihi
1877 1357 2232 1447 deseruit3
2281 1382 2396 1429 me
2428 1354 2632 1429 frau-

484 1468 719 1556 davit3
740 1493 784 1538 a
806 1492 925 1538 me
954 1465 1318 1539 nominis⁵
1348 1470 1543 1565 ejus»,
1567 1467 1771 1566 quod
1801 1466 2149 1539 infitiatus
2183 1482 2400 1556 esset,
2427 1466 2624 1539 diem

485 1581 790 1677 petivit:
834 1600 969 1675 ego
1003 1580 1310 1677 experiri
1348 1603 1501 1649 non
1537 1581 1784 1677 potui3
1827 1579 2166 1666 latitavit,
2211 1592 2632 1676 procurato-

489 1714 645 1758 rem
696 1688 983 1759 nullum
1028 1690 1345 1787 §eliquit
1382 1696 1666 1761 Horum
1710 1688 1892 1760 nihil
1943 1687 2232 1759 dicitur.
2278 1692 2632 1759 Pal-antur

490 1812 747 1887 testeS,
784 1801 913 1895 qui
963 1798 1110 1869 haec
1162 1798 1425 1870 dicant.
1484 1804 1756 1871 Verum
1785 1852 1804 1887 ,
1843 1802 2141 1897 opinor,
2192 1795 2586 1869 viderimus
2609 1854 2632 1882 ,

494 1934 731 2007 quum
760 1908 1077 1983 dixerint
1106 1935 1122 1978 :
1157 1935 1385 1980 unum
1412 1924 1654 1981 tamen
1687 1909 1832 1981 hoc
1865 1914 2222 2007 cogitent,
2247 1912 2342 1979 ita
2365 1932 2442 1979 se
2475 1931 2632 2005 gra-

492 2018 667 2093 ves⁶
706 2046 897 2109 esse,
929 2035 1013 2090 ut
1041 2024 1101 2091 si
1133 2026 1514 2093 veritatem·
1551 2023 1802 2094 volent
1832 2026 2174 2111 retinere,
2217 2023 2635 2118 gravitatem

495 2134 779 2230 possint
811 2130 1185 2221 obtinere3
1217 2134 1275 2202 si
1314 2144 1471 2203 eam
1507 2134 1878 2231 negligent
1898 2144 1952 2221 ⁷,
1983 2136 2084 2203 ita
2120 2133 2313 2203 leves
2333 2132 2516 2219 sint,
2548 2144 2638 2201 ut

498 2264 753 2311 omnes
797 2241 1239 2337 intelligant,
1272 2266 1423 2312 non
1457 2241 1551 2313 ad
1581 2243 2068 2314 obtinendum
2105 2240 2561 2313 mendacium
2576 2237 2666 2327 ⁸,-

498 2348 625 2421 sed
653 2349 744 2420 ad
777 2376 1031 2422 verum
1066 2352 1560 2451 probandum,
1592 2358 2094 2425 auctoritatem
2125 2352 2482 2451 adjuvare.

517 2520 532 2525 -
594 2464 851 2532 XXIV.
880 2466 1067 2559 Ergo
1100 2464 1253 2535 haec
1282 2464 1431 2535 duo
1465 2488 1713 2562 quaero
1747 2492 1762 2533 ε
1797 2468 2150 2563 primum,
2177 2486 2314 2563 qua
2345 2466 2634 2535 ratione

496 2576 781 2645 Naevius
813 2589 1230 2671 susceptum
1264 2579 1642 2672 negotium
1677 2600 1826 2645 non
1861 2577 2296 2671 transegerit,
2320 2572 2464 2643 boc
2487 2586 2637 2658 est,

501 2706 634 2753 cur
670 2682 902 2773 bona,
936 2710 1095 2781 quae
1136 2712 1223 2756 ex
1252 2686 1489 2757 edicto
1529 2686 1980 2783 possidebat,
2017 2710 2166 2755 non
2202 2683 2639 2767 x‘endiderit3

502 2791 790 2879 deinde,
823 2820 955 2864 cur
976 2820 1061 2865 ex
1087 2810 1196 2865 tot
1232 2795 1717 2867 creditoribus
1748 2795 1905 2866 aliis
1932 2796 2023 2866 ad
2054 2800 2248 2866 istan
2277 2797 2637 2863 rationem

504 2924 725 2970 nemo
752 2908 1132 2974 accesserit
1164 2932 1180 2974 ε
1226 2920 1311 2975 ut
1338 2910 1740 2977 necessario
1779 2906 2199 2993 confiteare.
2223 2928 2468 2999 neque
2511 2929 2636 2974 eo—

505 3034 672 3080 rum
702 3026 845 3081 tam
878 3017 1339 3084 temerarium
1377 3042 1824 3112 quemquam
1858 3016 2114 3103 fuisse,
2147 3038 2372 3109 neque
2421 3029 2492 3083 te
2532 3016 2636 3110 ip-

506 3146 670 3193 sum
703 3121 778 3192 id
806 3134 857 3211 ¹,
886 3122 1087 3219 quod
1120 3129 1533 3221 turpissime
1571 3129 2006 3224 suscepisses
2029 3180 2048 3212 ,
2081 3146 2528 3223 perseverare
2561 3136 2638 3191 et

510 3234 905 3331 transigere
938 3236 1281 3332 potuisse.
1325 3235 1526 3325 Quid
1570 3240 1626 3307 si
1669 3252 1749 3307 tu
1789 3241 1942 3335 ipse
1970 3290 1988 3325 ,
2039 3240 2180 3307 Sex.
2215 3234 2413 3305 Naevi
2437 3288 2456 3320 ‚
2493 3248 2638 3303 sta-

579 3476 626 3523 4.
648 3464 854 3531 Schiitz,
883 3477 1082 3515 auctore
1108 3468 1359 3528 Erue-stin,
1384 3469 1539 3517 corri—
1697 3470 1746 3517 6.
1777 3470 1970 3517 Graves.
1997 3467 2289 3517 Auem-itate
2323 3466 2518 3529 praediti
2553 3481 2639 3529 pa·

508 3546 613 3609 git=
654 3546 831 3594 «Fidei
842 3580 962 3597 .....
990 3547 1202 3610 cognitae
1234 3562 1296 3594 ne
1320 3564 1371 3611 p.
1396 3548 1445 3595 S.
1472 3549 1536 3597 N.
1625 3560 1798 3597 rantur
1834 3560 2007 3607 testee3
2053 3546 2127 3597 sd
2161 3546 2260 3592 nisi
2300 3560 2472 3592 verum
2509 3542 2642 3591 dixe-

512 3625 775 3687 derogetur
786 3648 828 3675 ».
856 3630 909 3675 J.
934 3630 997 3675 V.
1034 3628 1086 3676 L.
1121 3630 1333 3674 Frustra.
1370 3626 1540 3674 Lutim
1627 3630 1742 3689 rint,
1765 3628 1890 3677 levis
1911 3626 2346 3677 eommauctoritas
2367 3626 2530 3671 futura
2547 3634 2642 3679 est,

508 3702 643 3751 enim
668 3703 847 3752 dicitur
856 3706 1019 3773 sidem
1044 3706 1199 3755 alicui
1213 3708 1548 3771 derogares-4
1628 3724 1718 3757 nec
1736 3708 1914 3756 efficiet
1934 3720 1989 3756 ut
2010 3710 2152 3754 vincat
2171 3704 2502 3753 mendacium.

509 3782 747 3849 Perfidia.
766 3786 855 3832 Per
880 3784 1149 3849 perfidiam.
1703 3806 1750 3849 7.
1788 3788 1920 3839 Edit.
1945 3790 2092 3846 1480,
2135 3806 2157 3827 ι
2181 3784 2488 3847 neglexerint
2505 3805 2548 3830 ιο.
2584 3784 2640 3831 J.

586 3862 635 3909 5.
664 3861 901 3910 Nominis.
923 3866 1099 3913 Sensus
1122 3876 1197 3913 est
1215 3880 1231 3913 :
1260 3867 1428 3927 Quum
1450 3865 1537 3913 de·
1629 3871 1692 3915 V.
1711 3872 1766 3917 L.
2359 3914 2362 3919 .

509 3941 699 4003 bitum,
726 3942 863 4006 quod
896 3944 1132 3993 infitiatus
1164 3957 1295 4008 erat,
1330 3946 1537 4010 probas·
1697 3950 1744 3997 8.
1799 3947 2108 3996 Obu‘neneum
2150 3942 2480 3993 mendacium.
2519 3942 2644 3991 Effi-

511 4036 640 4079 κω,
672 4032 721 4069 et
752 4038 803 4069 se
830 4023 1207 4072 condemnatum
1234 4026 1293 4072 iri
1318 4026 1534 4082 videret,
1626 4026 1881 4085 ciendum,
1912 4040 1964 4076 ut
1987 4022 2224 4075 mendacio
2246 4023 2488 4071 credatur.

512 4110 702 4165 tempus
730 4100 931 4164 aliquod
952 4118 979 4147 a
1006 4118 1085 4150 me
1106 4102 1265 4163 petiit.
1697 4110 1888 4156 XXIV.
1927 4124 1970 4156 1,
1999 4104 2077 4151 ld.
2119 4102 2304 4151 Pendet
2347 4118 2372 4149 a
2419 4102 2646 4150 secundo
