2984 4684
735 414 868 482 DE
917 412 1678 484 VECTIGALIBUS
1728 415 1983 486 REIP.
2030 428 2163 486 etc.
2377 404 2517 482 563

379 557 438 601 c.
462 534 542 623 37
563 559 582 617 ς
607 534 720 611 lib,
743 535 880 617 XL,
898 556 952 599 c.
981 533 1016 600 5
1031 558 1086 615 ι,
1119 534 1394 622 probare
1417 551 1741 599 conantur
1756 534 1864 615 jus
1890 534 2053 601 illud
2082 530 2519 598 instituendo-

379 664 528 707 rum
571 641 980 730 vectigalium
1027 640 1280 706 senatui
1332 662 1486 705 cum
1534 641 1919 713 censoribus
1962 638 2515 706 communicatum

379 744 596 814 fuisse.
624 750 892 812 Fatetur
923 744 1097 812 idem
1125 750 1539 813 Burmannus
1575 765 1643 813 et
1682 770 1985 815 censores
2020 764 2086 813 et
2117 747 2275 812 alios
2312 746 2515 836 magi-

377 870 616 919 stratus
639 855 1006 919 inventores
1039 850 1340 941 quidem,
1375 876 1705 936 suasores,
1728 871 1795 919 et
1821 869 2073 919 tutores
2104 852 2515 941 vectigalium

378 960 612 1041 fuisse3
647 977 714 1023 at
748 974 940 1049 negat
971 958 1113 1023 illos
1142 981 1219 1024 ea
1247 960 1433 1025 aliter
1467 982 1667 1048 quam
1704 982 1783 1025 ex
1817 958 2385 1025 senatusconsulto
2415 958 2517 1021 in·

379 1064 708 1130 stituisse:
743 1080 809 1129 et
839 1080 1070 1129 testem
1117 1063 1255 1145 ejus
1287 1065 1382 1129 rei
1414 1064 1721 1154 producit
1770 1065 2184 1147 Ciceronem,
2236 1064 2353 1151 qui
2396 1063 2519 1127 ob·-

373 1173 617 1253 jectum
671 1172 948 1236 Fonteio
1003 1172 1278 1259 portorii
1315 1171 1543 1236 vinarii
1600 1171 1671 1235 in
1724 1168 1927 1237 Gallia
1974 1170 2055 1234 ab
2104 1192 2184 1233 eo
2236 1168 2516 1234 instituti

379 1278 624 1342 crimen
662 1299 970 1367 magnum
1003 1288 1204 1341 vocat·
1221 1282 1372 1366 (pro
1404 1277 1599 1342 Font.
1640 1300 1697 1342 c.
1738 1276 1805 1365 5)
1824 1326 1844 1361 ,
1889 1294 1955 1341 et
1990 1277 2149 1341 salso
2182 1276 2517 1357 objectum

379 1384 578 1448 fuisse
631 1382 990 1447 contendit.
1039 1380 1242 1467 Quod
1288 1398 1677 1473 argumento
1726 1400 1863 1467 est,
1910 1382 2071 1447 nulli
2110 1381 2516 1471 magistratui

379 1490 669 1569 licuisse,
711 1490 1083 1555 inconsulto
1133 1507 1400 1572 senatu,
1437 1490 1773 1579 vectigalia
1820 1490 2180 1560 instituere.
2236 1490 2420 1572 Quin
2456 1498 2523 1553 e't

381 1594 664 1660 civitates
697 1612 768 1659 et
795 1596 1181 1685 municipia,
1215 1596 1455 1683 quibus
1491 1596 2045 1684 permittebantur
2073 1596 2239 1686 agri,
2264 1618 2521 1684 pascua,

379 1716 444 1765 et
477 1702 761 1785 metalla,
807 1724 887 1767 ex
919 1725 1203 1790 quorum
1237 1703 1531 1793 vectigali
1564 1724 1765 1768 onera
1806 1726 1925 1767 sua
1956 1702 2350 1767 sustinerent
2369 1749 2388 1782 ,
2419 1702 2523 1782 jus

382 1808 596 1895 ipsum
632 1808 954 1897 vectigalis
989 1809 1143 1872 novi
1179 1807 1451 1888 alicujus
1505 1808 1892 1874 instituendi
1937 1830 2073 1872 non
2116 1807 2523 1889 habuerunt3

381 1912 498 1978 sed
533 1910 692 1977 illud
726 1937 765 1977 a
798 1930 1024 1980 senatu
1061 1914 1359 1979 obtinere
1391 1911 1785 1979 debuerunt.

471 2018 898 2107 Vectigalium
926 2018 1162 2084 locatio
1181 2070 1201 2103 ,
1238 2040 1354 2084 seu
1373 2066 1392 2101 ,
1427 2034 1507 2083 ut
1540 2040 1709 2108 saepe
1738 2019 1966 2085 Cicero
2001 2018 2318 2106 loquitur,
2358 2040 2519 2083 ven·

383 2124 566 2208 ditio,
587 2124 966 2189 censoribus
993 2147 1028 2188 a
1046 2141 1274 2189 senatu
1289 2126 1601 2214 permissa
1622 2140 1789 2190 erat:
1811 2123 2091 2189 debebat
2108 2123 2247 2189 fieri
2271 2126 2519 2191 Romae.

383 2234 696 2297 Censores
719 2230 1050 2320 vectigalia
1075 2231 1348 2294 locaturi
1368 2232 1620 2297 tabulas
1642 2231 1901 2321 publice
1923 2230 2383 2321 proponebant
2398 2279 2415 2312 ,
2450 2232 2519 2295 in

383 2338 623 2427 quibus
649 2338 822 2428 leges
849 2354 915 2401 et
939 2335 1350 2403 conditiones
1379 2337 1720 2400 locationis
1748 2335 2085 2425 descriptae
2116 2352 2321 2407 erant.
2350 2336 2521 2403 Hinc

387 2446 632 2510 mentio
661 2444 1030 2509 tabularum
1055 2458 1124 2506 et
1152 2442 1370 2530 legum
1403 2430 2184 2529 censoriarum‘f‘requens
2216 2440 2394 2531 apud
2414 2442 2525 2505 Ci-

385 2574 690 2617 ceronem
717 2550 785 2613 in
813 2542 1106 2611 Verrim‘s
1126 2592 1145 2627 ,
1171 2562 1237 2609 ct
1259 2544 1441 2609 alios.

475 2658 593 2722 His
635 2656 854 2721 multae
880 2650 1390 2717 continebantur
1410 2650 1476 2713 in
1504 2671 1617 2713 eos
1645 2646 1959 2730 definitae,
1984 2648 2096 2736 qui
2126 2648 2527 2715 fraudassent

387 2764 684 2854 vectigal;
710 2744 792 2825 ‘et
821 2758 1320 2825 remittebantur
1351 2756 1559 2845 pretia
1594 2752 2059 2842 redemptionis
2092 2756 2171 2828 iis
2191 2804 2208 2837 ,
2246 2757 2363 2844 qui
2400 2758 2529 2821 frui
2618 2738 2625 2744 ’

387 2870 654 2961 publico
685 2890 804 2957 per
830 2866 1087 2929 hostem
1123 2886 1256 2927 non
1292 2877 1581 2951 possent.
1622 2861 1887 2925 Locatio
1918 2875 2141 2925 autem
2182 2860 2521 2947 [Macrob.

389 2978 518 3041 Sat.
561 2978 625 3056 Ι,
671 2996 812 3062 cap.
855 2970 969 3060 12]
1015 2970 1246 3058 quinto
1279 2988 1547 3056 quoque
1591 2988 1804 3047 anno,
1850 2988 2076 3031 mense
2108 2968 2378 3051 martie,
2411 2970 2526 3057 qui

385 3084 634 3173 primus
669 3079 824 3143 anni
857 3076 1240 3155 habebatur,
1281 3072 1478 3137 fiebat
1516 3071 1584 3135 in
1622 3073 1799 3147 fore,
1832 3071 2016 3135 hasta
2056 3073 2297 3159 posita,
2344 3095 2523 3161 quoe-

389 3208 562 3256 store
595 3202 943 3277 praesente,
980 3183 1094 3271 qui
1123 3180 1328 3270 pretia
1359 3178 1601 3267 quibus
1632 3178 1985 3241 locationes
2020 3177 2201 3241 factae
2232 3182 2491 3245 fuerant
2510 3230 2527 3261 ,

393 3299 460 3367 in
481 3294 770 3361 codicem
787 3292 1034 3358 dictum
1049 3288 1427 3367 hastarium,
1449 3284 1787 3350 referebat.
1805 3282 1952 3349 vid.
1964 3284 2232 3348 Tertull.
2248 3286 2528 3375 Apolog.

391 3426 448 3466 c.
487 3426 507 3465 1
524 3402 584 3483 3,
611 3418 678 3465 et
703 3400 794 3463 ibi
822 3395 1050 3487 Rigalt.
1075 3391 1467 3482 Excipienda
1491 3408 1709 3456 tamen
1738 3406 1835 3454 est
1856 3388 2089 3472 Sicilia,
2116 3395 2309 3471 cujus
2332 3394 2529 3455 vecti-

394 3508 554 3598 galia
587 3528 720 3571 non
755 3529 792 3569 a
823 3500 1234 3581 censoribus,
1277 3496 1390 3563 sed
1413 3498 1499 3562 ab
1530 3497 1685 3585 ipsis
1720 3495 2203 3585 magistratibus
2237 3498 2350 3584 qui
2387 3519 2529 3561 eam

393 3613 788 3703 provinciam
826 3606 1248 3689 obtinebant3
1277 3626 1412 3669 non
1447 3606 1675 3667 Romoe
1708 3603 1777 3665 in
1808 3601 1989 3682 fore,
2016 3600 2133 3665 s'ed
2159 3602 2229 3664 in
2262 3602 2399 3690 ipsa
2426 3604 2530 3667 in·-

393 3722 570 3803 sula3
597 3742 732 3785 non
767 3740 931 3781 nova
965 3715 1106 3804 lege
1143 3730 1210 3777 et
1235 3708 1649 3792 conditione,
1680 3707 1795 3773 sed
1825 3708 2026 3772 veteri
2052 3722 2119 3771 et
2150 3708 2495 3775 Hieronica
2513 3760 2531 3793 ,

394 3826 588 3892 vendi
624 3826 1002 3891 debuerant.
1044 3821 1177 3885 Cic.
1207 3820 1275 3883 in
1301 3818 1486 3881 Verr.
1516 3815 1634 3880 lib.
1666 3814 1798 3895 111,
1826 3836 1881 3879 c.
1912 3814 1975 3877 6.

485 3933 716 3998 Omnis
745 3949 1094 3995 censorum
1123 3940 1404 4015 potestas
1439 3922 1611 3986 circa
1634 3920 1987 3984 locationes
2011 3916 2357 3985 finiebatur
2380 3946 2395 3985 ε
2422 3946 2535 4012 pe·

395 4040 655 4104 cuniam
689 4062 767 4104 ex
801 4033 1221 4125 vectigalibus
1263 4028 1585 4094 redactam
1622 4027 1745 4116 ipsi
1780 4048 1914 4089 non
1948 4026 2347 4117 recipiebant
2368 4078 2383 4104 ,
2420 4028 2533 4092 sed

398 4162 792 4232 quaestorum
821 4166 892 4209 ea
915 4164 1064 4206 cura
1092 4138 1235 4204 fuit.
1255 4135 1615 4203 Consulum
1638 4132 1825 4198 etiam
1854 4150 2063 4220 partes
2090 4134 2319 4221 aliquae
2340 4132 2539 4199 fuisse

2240 4238 2351 4308 36.
