2984 4684
720 356 827 426 IN
876 355 1317 425 VERREM
1366 355 1586 424 Ac'r.
1640 357 1749 441 11,
1798 357 1984 426 LIB.
2038 356 2092 422 1.
2271 380 2276 386 ·
2335 353 2475 452 379

332 489 523 552 esset
554 499 731 548 usus
757 500 1029 575 :quum
1061 476 1178 549 die
1206 492 1487 550 ceteros
1514 473 2014 575 redemptores
2041 477 2484 568 exclusisset,

334 600 491 657 tum
519 587 598 656 in
637 586 793 682 ejus
828 584 1208 658 arbitrium
1243 612 1327 659 ac
1357 601 1792 686 potestatem
1824 589 2070 660 venire
2097 588 2483 677 nolebant,

333 697 462 796 qui
499 694 637 768 sibi
673 711 996 795 ereptam
1033 695 1349 795 praedam
1386 696 1884 769 arbitraretur.
1917 701 2103 771 Nam
2141 697 2322 796 quid
2363 723 2484 770 ar-

333 822 869 905 gumentamur,
899 832 1052 905 quo
1097 813 1235 880 ista
1272 809 1580 908 pecunia
1618 808 2075 909 pervenerit?
2114 807 2286 882 fecit
2325 810 2484 908 ipse

333 916 710 988 indicium.
737 921 1059 989 Primum
1079 942 1313 1016 quum
1340 919 1847 992 vehementius
1877 943 2044 990 cum
2075 943 2164 992 eo
2192 924 2280 991 D.
2307 925 2482 992 Bru-

338 1043 455 1098 tus
492 1027 1173 1126 contenderet‚.qui
1211 1028 1303 1100 de
1345 1053 1475 1102 sua
1507 1033 1820 1129 pecunia
1848 1026 2041 1102 H-sss
2081 1055 2222 1102 »ιι
2264 1031 2486 1103 millia

336 1141 783 1228 numeravit3
830 1137 1035 1236 quod
1060 1139 1265 1236 jam9
1300 1141 1436 1213 iste
1479 1138 1671 1214 ferre
1705 1165 1858 1212 non
1897 1153 2218 1240 poterat,
2255 1164 2482 1239 opere

332 1246 662 1337 addicto,
693 1248 1061 1347 praedibus
1092 1252 1442 1349 acceptis,
1481 1249 1574 1322 de
1605 1254 1758 1323 H-S
1790 1275 1952 1322 1013
1985 1248 2305 1320 millibus
2327 1303 2347 1338 ,
2376 1273 2486 1320 re·

335 1359 531 1431 misit
589 1363 679 1430 D.
724 1364 949 1432 Bruto
1006 1365 1156 1434 H-S
1209 1387 1301 1433 cx
1344 1361 1589 1433 millia.
1653 1366 1849 1449 Hoc,
1893 1361 1955 1431 si
1979 1371 2043 1404 ¹⁰
2087 1359 2321 1432 aliena
2368 1385 2487 1432 res

333 1482 521 1540 esset
545 1523 564 1557 ‚
599 1483 794 1542 certe
820 1466 1057 1542 facere
1094 1495 1246 1541 non
1288 1473 1664 1571 potuisset.
1706 1469 1989 1542 Deinde
2023 1471 2308 1562 nummi
2343 1495 2487 1542 nu-

331 1581 589 1651 merati
642 1594 813 1654 sunt
866 1577 1307 1653 Cornificio:
1348 1605 1573 1678 quem
1627 1579 1941 1653 scribam
1999 1603 2214 1651 suum
2263 1576 2484 1652 fuisse

332 1714 597 1788 negare
635 1715 789 1762 non
844 1703 1108 1789 potest.
1156 1695 1536 1763 Postremo
1586 1692 1812 1790 ipsius
1863 1690 2174 1763 Rabonii
2223 1689 2484 1761 tabulae

331 1799 651 1898 praedam
688 1799 887 1872 illam
920 1801 1127 1873 istius
1169 1799 1390 1874 fuisse
1430 1801 1746 1874 clamant
1778 1831 1794 1872 ε
1841 1804 2066 1874 recita
2105 1826 2398 1873 nomm
2421 1812 2475 1846 ¹¹

334 1915 664 1982 RABonu.

428 2024 676 2092 LVIII.
717 2023 851 2093 Hic
886 2021 1105 2094 etiam
1137 2023 1381 2120 priore
1418 2024 1704 2095 actione
1746 2023 1836 2114 Q.
1870 2024 2302 2094 Hortensius
2342 2046 2481 2120 pu-

332 2131 589 2229 pillum
627 2136 664 2202 J
670 2132 929 2203 unium
973 2135 1253 2206 venisse
1294 2148 1798 2233 praetextatum
1831 2135 1909 2205 in
1949 2149 2272 2206 vestrum
2303 2158 2484 2205 con-

334 2257 686 2341 spectum,
708 2257 785 2313 et
804 2252 822 2285 ¹
850 2245 1129 2322 stetisse
1156 2267 1324 2315 cum
1352 2259 1616 2342 patruo
1645 2244 2144 2316 testimonium
2173 2237 2484 2332 dicente,

335 2367 637 2451 questus
665 2369 815 2442 est;
860 2369 933 2425 et
968 2378 1087 2425 me
1118 2354 1566 2452 populariter
1603 2379 1848 2452 agere,
1885 2369 2106 2452 atque
2140 2353 2484 2425 invidiam

336 2463 1031 2561 commovere‚quod
1051 2475 1396 2562 puerum²
1419 2463 2490 2563 producerem‚clamavit.Quid

338 2591 526 2664 erat,
559 2575 941 2662 Hortensi,
981 2573 1276 2645 tandem
1317 2576 1396 2645 in
1434 2575 1561 2646 illo
1600 2599 1832 2673 puero
1874 2575 2275 2673 populare?
2302 2574 2485 2672 quid

336 2685 827 2758 invidiosum?
883 2685 1233 2775 Gracchi,
1269 2685 1489 2756 credo
1512 2739 1532 2775 ,
1572 2699 1697 2756 aut
1735 2689 2148 2772 Saturnini,
2191 2698 2317 2756 aut
2356 2686 2485 2757 ali-

335 2796 543 2892 cujus
570 2797 890 2870 hominis
906 2795 1263 2892 ejusmodi
1287 2796 1774 2897 produxeram
1794 2794 2029 2868 filium
2046 2852 2066 2885 ,
2084 2811 2170 2868 ut
2187 2797 2486 2868 nomine

333 3057 526 3106 liieaimo
550 3067 809 3106 exacturus
828 3057 1013 3107 fuisset.
1030 3056 1161 3104 Mire
1177 3055 1231 3103 in
1256 3055 1307 3104 h.
1324 3055 1363 3104 1.
1452 3070 1558 3104 non
1582 3055 1826 3120 potuisset
1847 3054 1908 3104 de
1925 3055 2010 3104 ina
2029 3071 2242 3116 nummu,
2271 3075 2386 3123 qua
2403 3075 2482 3108 re·

333 3135 521 3184 laborat
553 3133 754 3187 Schiitz.
770 3137 938 3201 sicque
966 3135 1231 3197 interjectis
1269 3149 1361 3183 vo·

334 3215 476 3264 cibus
509 3215 681 3265 scribit
709 3217 1044 3276 «accessisset,
1082 3230 1229 3264 nemo
1256 3230 1363 3263 non

331 3305 457 3344 esset
482 3311 624 3352 nstin
660 3309 799 3342 nnnc
839 3311 993 3360 quum
1031 3295 1111 3343 di'e
1126 3315 1169 3343 ιι.
1196 3293 1359 3342 Verba

332 3387 475 3421 «non
511 3383 638 3422 esset
677 3389 869 3436 naun»,
906 3390 1015 3437 qnae
1066 3385 1181 3424 tunt
1226 3373 1363 3440 apud

332 3452 564 3500 Priscian.
584 3461 635 3500 et
658 3451 711 3499 in
738 3467 841 3498 uno
859 3451 979 3503 cod.
998 3451 1149 3500 Paris.
1174 3452 1227 3500 in
1255 3452 1363 3500 aliis

332 3547 455 3581 vero
483 3530 661 3580 omissa
683 3529 970 3590 adiecerunt
998 3531 1164 3580 Lamb-
1194 3531 1361 3581 θην.

332 3614 452 3664 Em.
471 3610 645 3662 Paullo
670 3619 787 3674 post
810 3607 1013 3657 nolebat
1030 3607 1167 3658 dedit
1189 3609 1363 3662 Aldus.

333 3695 519 3741 Ancon.
545 3689 765 3738 volebat.

406 3773 457 3821 8.
476 3770 605 3830 Alii,
622 3770 763 3817 «li-s
789 3782 907 3816 κω.
935 3768 1063 3816 J.V.
1082 3769 1138 3816 1..

406 3867 457 3914 9.
481 3847 629 3914 Quod
638 3847 769 3914 jam.
794 3847 922 3909 Quia
948 3845 1129 3894 diutius
1145 3845 1238 3894 iste
1260 3857 1365 3895 tan·

338 3941 435 3978 tam
477 3928 619 3977 Bruti
666 3925 1032 3976 contentionem
1071 3921 1133 3972 de
1176 3941 1363 3974 summa

338 4008 599 4059 minuenda
628 4009 753 4056 serm
778 4022 881 4055 non
910 4015 1125 4071 poterat,
1143 4017 1239 4055 etc.

419 4105 494 4137 ιο.
518 4091 649 4145 Hoc,
687 4087 742 4135 si.
784 4088 833 4138 Si
869 4086 1024 4136 aliena
1060 4103 1135 4136 res
1162 4087 1356 4150 fuisset,

1452 3135 1728 3201 demptori,
1761 3135 1940 3200 pupilli
1969 3137 2112 3185 Jnnii
2140 3137 2370 3197 nomine,
2395 3138 2482 3188 de·

1448 3212 1678 3273 bebatur,
1698 3213 1886 3278 aliquid
1909 3216 2169 3265 remittere.

1527 3309 1550 3342 1
1565 3309 1607 3342 1.
1625 3295 1860 3342 Nomina.
1877 3295 2127 3343 Articulm
2139 3330 2154 3355 ‚
2186 3311 2313 3360 quoe
2336 3295 2487 3346 habet

1450 3373 1704 3422 lis-bonius
1724 3375 1776 3422 in
1799 3375 1901 3422 suia
1929 3373 2126 3424 tabulis.

1523 3457 1704 3503 LVIII.
1739 3471 1782 3503 1.
1820 3454 1953 3503 Olim
1984 3467 2034 3504 et
2067 3467 2207 3504 testes
2241 3471 2404 3504 secum
2425 3473 2486 3520 p.

1451 3531 1652 3597 Optime
1691 3534 1907 3582 correxit
1955 3534 2112 3582 Hem-i
2160 3533 2224 3582 de
2260 3536 2485 3584 Μανιος.

1452 3612 1823 3676 Αωρίοοιίιιιαν.
1851 3613 1899 3660 J.
1917 3613 1982 3660 V.
2009 3616 2065 3663 L.
2101 3608 2106 3614 ’

1527 3708 1577 3740 2.
1614 3695 1822 3739 Puemm
1841 3693 2182 3756 producerem.
2227 3693 2346 3743 Mos
2383 3707 2486 3744 erat

1453 3770 1667 3835 antiquis
1688 3771 1990 3830 oratoribus,
2016 3771 2238 3836 ipsorum
2265 3788 2390 3837 quos
2409 3774 2487 3823 de-

1454 3850 1734 3908 fenderent,
1765 3865 1946 3915 pueros
1973 3851 2184 3899 infantes
2211 3853 2484 3917 producere

1452 3946 1619 3978 coram
1637 3928 1905 3991 jndicibus.
1929 3929 2060 3978 Vide
2078 3931 2286 3994 Quintil.
2305 3935 2395 3992 IV,
2425 3951 2446 3982 ι
2469 3953 2484 3992 ;

1446 4010 1548 4068 VI,
1577 4025 1622 4069 1,
1647 4019 1748 4058 otc.
1771 4036 1842 4046 --
1858 4011 2121 4074 Populare.
2143 4013 2297 4074 Quod
2313 4015 2489 4078 populi

1448 4089 1543 4138 iras
1569 4090 1620 4138 in
1645 4101 1864 4139 senatum
1888 4103 2240 4141 commoveret.
2489 4093 2494 4098 '
