2984 4684
769 414 902 482 DE
946 412 1431 482 PRAETORE
1481 413 2201 486 PROVINCIALI.
2419 415 2559 490 515

415 533 705 597 fuerunt.
749 533 846 596 Illi
883 531 1044 614 alas,
1089 532 1159 596 hi
1204 548 1572 597 turmarum
1613 533 1911 600 decurias
1955 536 2305 604 ducebant.
2359 541 2565 608 Erant

415 655 722 728 praeterea
757 638 1154 725 praefecturae
1197 639 1266 701 in
1304 637 1595 703 exercitu
1638 641 1775 704 aliae
1818 642 2079 706 multoe:
2128 643 2415 730 praefecti
2461 670 2569 712 ca-

413 761 740 826 strorum3
777 744 1061 831 praefecti
1095 760 1549 827 evocatorium
1586 746 1871 832 praefecti
1916 747 2175 812 fabrum
2223 750 2401 839 apud
2422 811 2425 814 .
2445 775 2567 818 au·

415 867 630 916 etores
663 851 1088 914 celebrantur.
1117 852 1336 938 Atque
1355 849 1472 914 has
1498 849 1767 938 quidem
1801 874 2031 918 omnes
2060 854 2144 918 ab
2178 855 2569 945 imperatore

415 955 656 1022 delatas
688 955 886 1020 fuisse
914 956 1235 1021 existimo.
1265 957 1569 1020 Declarat
1605 957 1805 1022 Corn.
1836 957 2093 1046 Nepos,
2140 961 2210 1024 in
2234 965 2369 1027 Att.
2404 987 2461 1030 c.
2489 968 2567 1050 6,

413 1085 623 1152 quum
657 1063 882 1127 scribit
913 1063 1206 1128 Atticum
1247 1062 1607 1126 multorum
1646 1065 2027 1147 consulum,
2078 1085 2569 1160 praetorumque

411 1170 825 1258 praefecturas
863 1168 1102 1234 delatas
1141 1170 1235 1232 sic
1267 1170 1618 1257 accepisse,
1652 1188 1731 1234 ut
1766 1172 2099 1237 neminem
2130 1174 2201 1236 in
2233 1178 2569 1263 provincia

413 1291 818 1364 sequeretur.
853 1277 940 1340 Et
969 1275 1232 1352 Cicero,
1263 1275 1440 1339 lib.V
1470 1275 1555 1340 ad
1581 1277 1713 1341 Att.
1740 1278 1929 1366 epist.
1962 1277 2081 1342 ult.
2112 1309 2137 1334 «ι
2156 1281 2455 1369 Scaptius
2482 1285 2567 1350 ad

413 1405 520 1447 me
548 1383 614 1446 in
650 1399 856 1447 castra
889 1383 1179 1447 venitm..
1207 1383 1661 1471 praefecturam
1690 1385 1936 1472 petivit.
1971 1385 2219 1476 Negavi
2262 1411 2369 1454 me
2414 1393 2559 1456 cui-

413 1512 610 1577 quam
641 1490 1001 1579 negotianti
1033 1488 1186 1552 dare
1201 1519 1247 1552 ».

499 1597 706 1660 Usum
763 1595 1297 1684 praefecturarum
1373 1597 1572 1660 alium
1640 1597 1837 1661 etiam
1898 1598 2144 1664 indicat
2192 1600 2529 1668 Manutius
2545 1653 2566 1689 ,

412 1724 622 1790 quum
665 1700 768 1765 ad'
797 1700 979 1764 hunc
1030 1700 1251 1765 locum
1291 1701 1621 1765 Ciceronis
1670 1701 1853 1766 addit
1884 1703 2450 1783 jurisdictionem:
2501 1728 2571 1773 et

413 1810 599 1896 epist.
639 1831 665 1871 1
708 1808 817 1871 lib.
832 1806 954 1888 Vl,
997 1806 1081 1871 ad
1128 1806 1266 1870 haec
1308 1807 1541 1889 verba,
1577 1837 1604 1864 α
1626 1806 1789 1895 quid
1820 1807 2032 1873 dicam
2070 1808 2153 1875 de
2189 1812 2360 1877 illius
2394 1838 2563 1902 prae·

413 1914 641 1979 fectis?
669 1915 810 1995 jus,
831 1913 1071 2001 inquit,
1093 1913 1164 1976 in
1201 1913 1535 2003 provincia
1566 1913 1997 1980 dicentibus».
2030 1917 2561 1987 Jurisdictionem

413 2043 568 2109 ergo
597 2019 913 2109 praefectis
939 2041 1441 2107 nonnumquam
1456 2068 1475 2102 ‚
1498 2037 1575 2085 ut
1597 2020 1823 2109 legatis
1844 2037 1911 2085 et
1936 2024 2367 2109 quaestoribus
2386 2030 2521 2092 suis
2537 2078 2555 2111 ,

411 2127 474 2190 in
509 2127 840 2216 provincia
871 2124 1204 2191 deferebat
1235 2142 1494 2214 praetor.
1550 2128 1633 2191 At
1665 2127 1843 2192 istud
1886 2145 2050 2217 puto
2094 2130 2367 2215 certius,
2395 2156 2561 2222 prae·

412 2233 692 2298 fecturas
730 2232 1000 2322 intelligi
1045 2232 1146 2296 his
1198 2232 1357 2297 locis
1410 2231 1590 2321 apud
1635 2233 2019 2299 Ciceronem
2058 2258 2201 2318 eas,
2252 2262 2398 2328 quae
2452 2241 2565 2306 da-

412 2355 642 2404 rentur
673 2337 1220 2427 negotiatoribus,
1253 2354 1330 2401 ut
1365 2338 1663 2425 equitum
1682 2386 1700 2420 ,
1721 2361 1889 2426 quos
1916 2339 2255 2419 ducerent,
2291 2361 2561 2430 terrore,

408 2445 716 2534 pecunias
756 2467 918 2532 quas
954 2443 1080 2507 sub
1113 2444 1326 2507 usuris
1362 2443 1541 2532 apud
1578 2445 2005 2532 provinciales
2047 2449 2521 2519 collocaverant
2539 2504 2559 2537 ,

410 2551 660 2616 facilius
711 2565 1208 2637 extorquerent:
1247 2557 1448 2637 atque‘
1498 2572 1639 2613 eam
1686 2573 1825 2614 esse
1882 2569 2170 2617 mentem
2225 2557 2559 2625 Ciceronis

409 2657 729 2722 existimo.
761 2657 871 2721 Ait
906 2655 1082 2720 enim
1112 2653 1340 2718 eadem
1367 2654 1635 2744 epistola
1662 2655 1891 2720 ultima
1926 2655 2077 2722 libri
2112 2661 2363 2748 quinti,
2389 2667 2559 2754 «Ap-

408 2764 558 2852 pius
591 2779 813 2828 noster
853 2777 1100 2838 turmas
1142 2761 1394 2850 aliquot
1429 2762 1735 2850 equitum
1772 2761 2039 2828 dederat
2070 2765 2227 2830 huic
2266 2767 2559 2859 Scaptio,

409 2893 528 2960 per
552 2894 712 2959 quas
743 2869 1124 2936 Salaminios
1151 2867 1416 2957 [quibus
1445 2869 1755 2958 pecunias
1781 2869 2165 2961 crediderat]
2191 2896 2555 2964 coerceret3

401 2992 475 3040 et
511 2976 814 3042 eumdem
853 2975 1170 3040 habuerat
1202 2974 1619 3064 praefectum:
1656 2975 1929 3040 vexabat
1958 2977 2381 3048 Salaminios:
2430 3005 2555 3074 ego

409 3085 660 3172 equites
705 3107 786 3149 ex
821 3085 1036 3173 Cypro
1068 3080 1384 3147 decedere
1412 3081 1577 3162 jussi
1610 3111 1655 3146 u.
1696 3083 1802 3146 An
1834 3082 1957 3148 ista
1987 3102 2264 3174 possunt
2300 3089 2429 3154 ulla
2463 3115 2558 3156 ra-

408 3191 590 3256 tione
619 3190 944 3279 pertinere
980 3187 1063 3252 ad
1093 3185 1663 3270 jurisdictionem?

497 3298 826 3362 Hactenus
852 3311 1208 3386 praetorum
1231 3294 1581 3376 adjutores.
1615 3294 1827 3358 Venio
1860 3318 2041 3361 nune
2071 3297 2153 3362 ad
2186 3299 2551 3387 ministros,

409 3403 522 3492 qui
555 3403 716 3492 quid
751 3401 998 3467 fuerint
1029 3401 1155 3490 ipsi
1187 3402 1391 3466 ferme
1427 3400 1695 3466 nomine
1726 3422 1849 3466 suo
1882 3401 2228 3470 declarant.

496 3510 911 3598 Apparitores
946 3507 1287 3572 communi
1339 3508 1609 3571 nomine
1649 3505 2034 3574 dicebantur
2071 3533 2303 3577 omnes
2350 3517 2555 3607 magi-

407 3632 730 3680 stratuum
765 3613 1046 3678 ministri
1064 3661 1082 3695 ,
1109 3612 1264 3701 quia
1297 3612 1777 3702 magistratibus
1808 3636 2116 3703 apparere
2134 3664 2154 3700 ‚
2204 3636 2267 3683 et
2299 3643 2559 3712 semper
2670 3651 2690 3670 ·

405 3744 636 3786 eorum
671 3720 948 3809 imperio
982 3734 1218 3806 proesto
1246 3741 1384 3784 esse
1414 3716 1761 3783 debebant.
1792 3721 1945 3785 Haec
1981 3721 2335 3790 ministeria
2367 3727 2557 3796 liber-

407 3829 488 3892 tis
525 3828 659 3892 fere
691 3828 826 3892 suis
859 3827 1138 3914 quisque
1175 3825 1589 3915 magistratus
1626 3847 1809 3890 more
1840 3829 2163 3909 majorum
2188 3833 2549 3906 mandavit:

407 3951 604 4024 atque
647 3935 738 3998 ita
783 3953 982 4023 porro
1035 3930 1285 4013 liberti,
1331 3933 1464 3995 sive
1516 3929 1840 4015 libertini,
1900 3953 2085 3999 erant
2138 3940 2429 4030 plerique
2475 3967 2556 4012 ex

410 4041 754 4120 ministris,
801 4037 896 4102 uti
931 4037 1226 4120 accensi,
1277 4057 1644 4125 praecones,
1690 4053 1810 4102 etc.
1846 4061 1983 4104 non
2017 4059 2237 4108 autem
2276 4049 2499 4114 scribae
2526 4075 2547 4116 ε

411 4169 544 4210 non
584 4145 763 4235 quod
796 4145 1237 4235 apparitorum
1273 4142 1355 4208 de
1393 4165 1674 4207 numero
1715 4166 1851 4210 nen
1898 4149 2174 4236 fuerint,
2221 4154 2337 4218 sed
2374 4158 2557 4244 quod

2192 4257 2307 4331 33.
2514 4241 2535 4324 0‘
