2984 4684
481 369 622 448 368
1119 367 1216 442 M.
1267 371 1345 441 T.
1398 333 1987 442 c1cERoN1s

479 501 559 567 C.
591 495 960 584 AureliuS,
997 493 1334 566 consules
1353 503 1407 581 ²,
1444 491 1635 563 aedes
1678 515 1910 563 sacras
1952 490 2381 563 locavissent
2398 485 2453 578 ³,
2494 513 2626 566 ne·

480 631 627 705 que
667 606 1070 704 potuissent
1123 603 1369 675 omnia
1421 617 1611 674 sarta
1655 614 1847 673 tecta
1889 600 2216 698 exigere,
2286 624 2529 696 neque
2574 601 2629 682 ii
2673 607 2681 616 '

479 731 863 817 praetores,
908 713 1174 813 quibus
1212 725 1364 783 erat
1401 711 1776 809 negotium
1824 707 2108 796 datum,
2158 713 2240 782 C.
2276 711 2626 782 Sacerdos

480 844 554 902 et
580 830 680 901 M.
716 828 1020 911 Caesius3
1056 824 1328 896 factum
1371 837 1481 894 est
1508 820 2259 908 senatusconsultum,
2306 819 2625 918 quibus⁴

483 940 573 1011 de
610 939 815 1010 sartis
857 937 1063 1008 tectis
1102 933 1473 1032 cognitum
1518 947 1591 1003 et
1616 931 2021 1026 judicatum
2056 951 2207 1003 non
2250 945 2475 1018 esset,
2515 933 2625 1004 uti

481 1056 558 1122 C.
586 1055 880 1136 VerreS,
928 1051 1004 1117 P.
1034 1043 1337 1130 Coelius,
1389 1055 1737 1141 praetores
1772 1057 2297 1140 cognoscerent
2336 1055 2408 1112 et
2432 1041 2627 1136 judi-

481 1173 747 1233 carent.
776 1157 940 1247 Qua
965 1151 996 1198 5
1027 1159 1381 1253 potestate
1417 1153 1553 1224 iste
1579 1153 1964 1250 permissa,
2005 1165 2089 1221 ut
2122 1177 2211 1222 ex
2236 1157 2317 1224 C.
2346 1153 2625 1224 Fannio
2664 1153 2677 1164 '

483 1286 554 1344 et
595 1295 686 1342 ex
725 1273 815 1360 Q.
851 1267 1074 1338 Tadio
1117 1261 1591 1362 cognovistis;
1621 1276 2121 1334 verumtamen
2158 1283 2389 1359 quum
2437 1275 2629 1334 esset

481 1378 825 1454 omnibus
841 1380 919 1448 in
935 1374 1159 1448 rebus
1181 1373 1628 1474 apertissime
1651 1371 2430 1471 impudentissimeque
2449 1397 2629 1471 prae·

481 1491 731 1579 datuS,
787 1487 932 1559 hoc
987 1485 1220 1557 voluit
1271 1481 1749 1556 clarissimum
1806 1481 2221 1580 relinquere
2273 1482 2626 1554 indicium

479 1597 1029 1673 latrociniorum
1060 1617 1396 1681 suorum3
1423 1591 1515 1664 de
1546 1581 1698 1690 qu'o
1732 1616 1885 1662 non
1922 1591 2173 1663 audire
2206 1591 2626 1691 aliquand0,

479 1709 609 1782 sed
651 1705 898 1779 videre
935 1702 1263 1803 quotidie
1300 1727 1709 1801 possemus.
1758 1703 2141 1794 Quaesivit,
2186 1705 2352 1800 quis
2396 1703 2625 1775 aedem

478 1820 794 1893 Castoris
830 1831 1092 1888 sartam
1114 1828 1380 1886 tectam
1409 1810 1709 1884 deberet
1728 1810 2032 1884 tradere.
2054 1817 2091 1883 J
2098 1815 2356 1883 unium
2383 1813 2625 1910 ipsum

478 1942 851 2001 mortuum
882 1949 1035 1997 esse
1071 1922 1381 1996 sciebat:
1413 1923 1601 1994 scire
1632 1919 1958 2010 volebat,
1986 1921 2079 1993 ad
2102 1945 2324 2020 quem
2363 1921 2483 1994 illa
2509 1948 2627 1994 res

481 2039 899 2138 pertineret.
951 2032 1170 2105 Audit
1219 2033 1585 2131 pupillum
1644 2058 1798 2104 esse
1851 2031 2107 2103 filium.
2162 2033 2434 2122 Home,
2495 2036 2629 2132 qui

479 2168 768 2244 semper
793 2147 891 2215 ita
921 2142 1156 2241 palam
1185 2142 1621 2230 dictitasset,
1665 2141 1981 2241 pupillos
2011 2158 2085 2215 et
2124 2143 2436 2242 pupillas
2473 2169 2625 2216 cer·

479 2257 826 2328 tissimam
851 2250 1164 2351 praedam
1192 2275 1344 2324 esse
1381 2252 1849 2350 praetoribus,
1884 2267 2221 2351 optatum
2248 2255 2627 2352 negotium

482 2365 618 2438 sibi
642 2368 717 2437 in
737 2361 1024 2436 sinum⁶
1053 2363 1372 2448 delatum
1402 2388 1557 2436 esse
1583 2362 1888 2436 dicebat.
1917 2367 2477 2436 Monumentum
2506 2365 2629 2437 illa

482 2474 993 2576 amplitudine,
1024 2474 1148 2546 illo
1184 2497 1439 2573 opere,
1472 2477 1803 2573 quamvis
1840 2490 2143 2565 sartum,
2179 2490 2488 2562 tectum,
2519 2478 2627 2547 in·

483 2605 916 2685 tegi-umque
965 2600 1182 2670 esset,
1241 2599 1482 2658 tamen
1537 2585 1813 2684 aliquid
1867 2612 1943 2657 se
1992 2586 2495 2668 inventurum,
2548 2587 2626 2658 in

482 2724 634 2796 quo
667 2698 903 2769 moliri
933 2693 1384 2795 praedarique
1415 2706 1702 2794 posset,
1742 2693 2254 2767 arbitrabatur.
2286 2702 2367 2767 L.
2392 2693 2628 2767 Rabo-

479 2811 606 2880 nio
643 2808 872 2879 aedem
917 2809 1232 2879 Castoris
1271 2805 1456 2878 tradi
1515 2805 1899 2906 oportebat
1922 2817 1949 2863 ⁷
1984 2833 2000 2876 :
2054 2808 2116 2878 is
2154 2831 2322 2878 casu
2364 2807 2626 2905 pupilli

483 3003 540 3048 L.
562 2995 714 3054 Sulla,
739 2995 803 3056 Q.
824 2996 945 3043 Met.
966 3009 1090 3043 coss.
1105 3014 1128 3037 ι
1153 2995 1218 3042 ob
1245 2993 1372 3043 hane
1393 3009 1509 3042 cau-

482 3095 611 3136 sam,
637 3073 772 3139 quod
798 3073 886 3121 inf.
918 3089 1027 3137 cap.
1057 3073 1086 3120 5
1117 3073 1297 3122 dicitur
1327 3075 1508 3122 Junius

1595 2993 1731 3060 (gall.
1762 2993 1935 3043 visitet
1965 3011 2065 3058 par
2104 2993 2321 3060 experts)
2358 3005 2409 3042 et
2438 2994 2629 3056 judiea-

1595 3083 1705 3121 rent
1728 3073 1789 3122 de
1815 3073 1955 3120 sartis
1983 3073 2149 3134 tectis,
2166 3072 2228 3120 de
2246 3073 2426 3138 quibus
2454 3076 2627 3136 cogni·

483 3155 699 3208 Castoris
737 3152 888 3202 aedem
927 3151 1160 3200 tuendam
1193 3151 1454 3201 redemisse
1478 3170 1509 3201 a

483 3237 675 3286 Marcio
703 3245 752 3282 et
777 3235 1018 3296 Perperna
1043 3233 1351 3300 censoribus,
1388 3233 1440 3281 h.
1461 3247 1509 3281 e.
1576 3265 1583 3272 -

483 3321 548 3365 A.
571 3318 637 3364 U.
652 3314 772 3374 667.
787 3311 939 3376 Quod
953 3311 1230 3359 sublevabis
1243 3346 1259 3370 ,
1279 3313 1319 3358 si
1336 3311 1511 3360 habuit

481 3396 659 3446 eodem
681 3407 825 3440 sensu
862 3406 962 3454 quo
993 3389 1210 3438 habebat
1241 3390 1506 3455 intelligas,

482 3477 548 3524 ita
575 3487 630 3524 ut
657 3473 736 3522 his
759 3469 1073 3530 consulibus,
1101 3457 1202 3520 hoc'
1226 3485 1402 3518 munus
1425 3471 1508 3518 ad-

482 3556 579 3604 huc
601 3555 762 3602 obiret
787 3553 820 3600 J
823 3551 986 3598 unius.

556 3650 605 3682 a.
630 3631 871 3681 Consules.
895 3633 1045 3679 Anno
1072 3629 1195 3689 678.

559 3715 606 3762 3.
651 3711 972 3759 Lucas-issent.
1011 3707 1238 3756 Tuendas
1280 3707 1509 3756 nimirum

486 3803 536 3841 et
555 3790 852 3840 reficiendas.
871 3790 1107 3837 Censores
1132 3789 1277 3845 enim,
1299 3803 1511 3850 quorum

485 3883 590 3920 erat
609 3871 772 3919 locare
799 3867 1217 3932 redemptoribus,
1240 3867 1363 3914 nulli
1391 3877 1509 3914 tunc

485 3961 653 4010 erant,
679 3947 741 3996 ab
771 3961 900 3996 anno
927 3949 1049 4014 667.

561 4036 608 4085 4.
647 4027 846 4091 Quibus.
879 4025 1017 4073 Ordo
1050 4035 1147 4074 est:
1179 4035 1234 4072 ut
1272 4033 1509 4091 prator-es

483 4112 662 4168 ‚Verres
711 4115 762 4154 et
821 4105 876 4152 Ρ.
912 4101 1095 4154 Coelius
1159 4115 1509 4168 cognoscerent

1596 3163 1703 3202 tum
1722 3169 1824 3201 non
1844 3161 1987 3202 esset.

1668 3230 1719 3282 5.
1756 3235 1944 3281 Ernest.
1978 3233 2127 3281 verba
2156 3231 2227 3280 sie
2263 3233 2625 3297 transponenda

1597 3329 1701 3361 esse
1726 3323 1895 3378 putat,
1928 3314 2073 3375 «Qua
2105 3323 2349 3376 potestate
2385 3313 2474 3368 isse
2512 3329 2625 3378 per-

1594 3394 1737 3440 missa
1751 3427 1766 3451 ,
1794 3407 1946 3455 quum
1965 3402 2112 3439 esset.
2130 3427 2143 3440 .
2158 3389 2455 3454 .p1·aedatus,
2474 3403 2527 3438 ut
2542 3426 2554 3438 .
2570 3428 2581 3440 .
2600 3429 2615 3439 .

1596 3471 1898 3535 cognovistis
1914 3506 1929 3530 ,
1968 3481 2302 3519 verumtamen
2323 3471 2421 3518 hoc
2442 3470 2627 3528 voluit,

1596 3561 1690 3598 etc.
1704 3571 1726 3592 ι
1742 3552 1791 3599 J.
1804 3553 1868 3596 V.
1889 3553 1947 3598 t..

1668 3627 1718 3678 6.
1751 3631 1810 3676 In
1846 3629 2019 3708 εἰκῆ.
2058 3629 2118 3675 In
2149 3643 2445 3676 crumenam.
2480 3626 2626 3675 Sinus

1594 3708 1729 3772 apud
1758 3719 1942 3756 veteres
1965 3718 2069 3755 erat
2091 3723 2293 3764 cavum,
2326 3709 2455 3756 inter
2480 3721 2627 3770 rugas

1596 3799 1727 3854 togae
1770 3788 1823 3836 in
1861 3788 2067 3836 alterum
2102 3785 2359 3835 humerum
2400 3788 2627 3850 rejectae,

1597 3867 1685 3933 qui
1728 3883 1969 3915 emmena:
2016 3867 2171 3915 vicem
2226 3864 2454 3914 habebat.
2496 3865 2629 3914 vide

1597 3949 1793 3995 Petron.
1815 3963 1899 4010 90.
1924 3946 2078 3994 Tacit.
2108 3947 2355 4006 Ann.V1,
2382 3955 2461 4002 40.
2490 3945 2627 3993 Flor.

1598 4026 1675 4085 11,
1706 4026 1755 4074 6.

1670 4121 1716 4169 ς.
1730 4105 2014 4170 Oportebat.
2028 4103 2303 4168 Rabonius,
2321 4105 2353 4155 J
2357 4105 2475 4156 unio
2490 4119 2627 4153 mor-
