2984 4684
854 367 991 434 DE
1039 364 1524 435 JUDICIIS
1579 363 2066 432 PUBLICIS.
2357 359 2500 432 605

368 485 573 549 tronis
596 505 790 550 usum
818 485 1017 549 fuisse
1041 509 1058 549 ε
1096 501 1163 548 at
1198 501 1347 574 post
1376 484 1546 548 bella
1578 483 1817 566 civilia,
1849 499 2006 548 ante
2035 483 2244 574 legem
2265 484 2496 548 Iuliam

367 590 451 656 ad
496 589 839 656 duodenos
894 606 1202 678 patronos
1254 605 1644 680 perventum
1689 606 1787 654 est
1809 637 1828 671 ,
1893 590 1982 654 ita
2033 605 2112 654 ut
2167 591 2498 681 Augustus

366 697 697 762 luxurians
732 697 861 760 hoc
890 697 1327 785 patrocinium
1360 696 1670 762 cohibere
1697 695 1896 760 fuerit
1931 711 2215 761 coactus.

455 802 778 868 Patronus
814 825 1077 868 causam
1110 803 1357 867 orabat.
1404 800 1702 866 Patronis
1743 817 1996 866 certum
2047 799 2308 866 dicendi
2354 824 2502 890 spa-

369 909 535 974 tium
564 910 812 997 primus
853 909 1205 997 Pompeius
1249 907 1556 997 praefixit,
1597 908 1670 972 A.
1711 907 1793 972 U.
1841 930 1990 995 702.
2041 908 2316 972 Munera
2361 910 2503 998 lege

369 1014 587 1078 Cincia
617 1013 1001 1078 vetabantur
1032 1013 1341 1102 accipere.
1369 1012 1736 1096 Gratuitam
1763 1013 1888 1076 reis
1921 1033 2186 1100 operam
2205 1030 2504 1101 proestare

361 1120 779 1200 jubebantur.
799 1119 977 1184 Tulit
1000 1142 1143 1184 eam
1165 1119 1373 1208 legem
1407 1120 1500 1184 M.
1522 1119 1786 1184 Cincius
1808 1121 1886 1184 A.
1912 1120 1992 1182 U.
2021 1119 2170 1206 549.
2194 1117 2502 1186 Advocati

368 1242 483 1290 aut
504 1227 611 1307 jus
652 1225 1123 1316 suggerebant,
1167 1243 1282 1290 aut
1312 1226 1720 1315 praesentiam
1759 1247 1942 1289 suam
1981 1247 2096 1290 reo
2134 1224 2508 1292 commoda-

369 1331 528 1396 bant
557 1333 789 1396 amico.

460 1436 589 1500 Ubi
621 1435 756 1501 dies
792 1452 1142 1502 accesserat
1169 1437 1405 1501 actioni
1436 1459 1473 1500 a
1513 1451 1788 1524 praetore
1829 1436 2180 1501 constituta
2199 1483 2218 1518 ,
2272 1453 2508 1526 praetor

369 1559 773 1608 accusatores
791 1589 809 1624 ,
842 1558 907 1605 et
936 1564 1123 1606 reum
1141 1590 1159 1623 ,
1198 1559 1266 1607 et
1295 1558 1608 1631 patronos
1641 1541 1822 1605 citari
1857 1565 1976 1630 per
2010 1565 2376 1630 praeconem
2405 1544 2510 1624 ju—

369 1650 582 1714 bebat.
622 1649 689 1714 Si
724 1665 1061 1713 accusator
1094 1671 1231 1714 non
1263 1647 1724 1736 responderet,
1751 1671 1994 1712 nomen
2019 1649 2113 1713 rei
2139 1671 2218 1714 ex
2243 1671 2506 1714 reorum

370 1755 606 1820 tabulis
638 1754 1060 1819 eximebatur.
1094 1754 1161 1819 Si
1198 1776 1348 1818 reus
1365 1803 1384 1835 ,
1415 1754 1649 1818 absens
1686 1750 2134 1818 damnabatur.

458 1860 585 1923 Ubi
619 1877 857 1948 praetor
888 1858 1245 1942 assederat,
1279 1876 1344 1924 et
1374 1875 1781 1925 accusatores
1803 1907 1822 1941 ,
1855 1881 2002 1922 reus
2024 1907 2042 1941 ,
2071 1861 2325 1949 patroni
2361 1883 2513 1950 pro-

370 1967 656 2051 dierant;
693 1968 775 2033 de
804 1968 1138 2049 judicibus
1169 1967 1457 2058 legendis
1488 1967 1804 2057 agebatur
1831 1990 1848 2031 :
1883 1967 2064 2054 quod
2095 1991 2338 2034 munus
2369 1970 2511 2058 ple-

370 2095 649 2160 rumque
686 2071 891 2154 judici
928 2073 1307 2160 quaestionis
1338 2072 1804 2161 assignabatur.
1851 2071 2183 2136 Numerus
2213 2071 2510 2152 judicum

370 2179 738 2268 legebatur,
772 2179 885 2268 qui
926 2201 1002 2242 ea
1038 2179 1179 2268 lege
1224 2194 1361 2242 erat
1399 2178 1842 2268 praescriptus,
1875 2201 2004 2265 qua
2030 2176 2170 2268 lege
2193 2177 2510 2258 judicium

368 2283 534 2348 illud
566 2285 1003 2348 exercebatur.
1040 2284 1138 2346 De
1168 2283 1261 2347 M.
1291 2284 1534 2346 Scauro
1581 2282 2090 2371 repetundarum
2135 2282 2310 2371 apud
2347 2309 2513 2374 prae·

371 2406 583 2454 torem
615 2391 929 2452 Catonem
967 2387 1322 2476 postulato,
1368 2389 1716 2452 sententias
1763 2389 2055 2453 tulerunt
2109 2391 2514 2480 septuaginta

366 2495 638 2576 judices.
667 2496 761 2558 An
786 2494 1113 2583 legitimus
1138 2494 1193 2556 is
1218 2493 1415 2557 fuerit
1435 2515 1752 2557 numerus
1771 2495 1837 2557 in
1852 2493 2104 2574 judicio
2118 2493 2198 2558 de
2214 2513 2514 2584 repetun-

375 2599 502 2684 dis,
534 2623 667 2664 non
696 2600 907 2664 ausim
926 2598 1265 2664 affirmare.
1297 2599 1395 2663 De
1427 2599 1711 2679 Milone,
1744 2621 1918 2662 unus
1947 2615 2013 2663 et
2045 2599 2513 2691 quinquaginta

373 2707 693 2771 sententia
729 2707 1045 2770 tulerunt.
1080 2702 1381 2769 Totidem
1419 2704 1731 2769 sederunt
1771 2705 1840 2768 in
1874 2727 2064 2788 causa
2096 2707 2190 2772 M.
2233 2707 2511 2791 Saufeii,

375 2836 519 2901 quae
547 2813 809 2878 Milonis
844 2812 969 2876 fuit
998 2809 1447 2900 appendicula.

462 2919 875 3009 Legebantur
897 2918 1236 2982 sortitione
1252 2915 1526 2997 judices.
1551 2916 1818 2981 Sol-titio
1851 2917 1979 2981 fuit
1999 2916 2336 2997 ejusmodi.
2351 2919 2516 2986 Pm-
2600 2951 2609 2957 ·

374 3041 514 3107 tor,
561 3041 675 3089 aut
726 3025 929 3105 judex
978 3021 1391 3111 quaestionis,
1442 3023 1514 3086 in
1558 3045 1792 3087 urnam
1850 3023 2238 3104 conjiciebat
2282 3047 2512 3091 omnes
2593 3087 2602 3098 ,

368 3131 619 3213 judices
658 3133 968 3213 selectos;
1028 3129 1095 3194 id
1142 3147 1272 3210 est,
1312 3151 1543 3194 eorum
1575 3130 1872 3194 omnium
1923 3131 2223 3211 nomina,
2281 3133 2392 3220 qui
2430 3134 2515 3199 ad

370 3237 611 3318 judicia
638 3236 951 3317 eiusanni
977 3259 1014 3300 a
1044 3251 1321 3324 praetore
1342 3235 1600 3300 urbano
1633 3237 1888 3300 fuel-ant
1919 3235 2190 3318 delecti3
2225 3259 2300 3300 ac
2339 3255 2516 3304 sorte

376 3366 528 3408 eum
552 3365 903 3407 numerum
931 3339 1247 3406 educebat
1265 3389 1282 3421 ‚
1324 3363 1523 3429 quem
1554 3343 1655 3406 lex
1686 3342 1825 3431 ipsa
1855 3341 2326 3431 praescribebat.
2361 3344 2514 3426 Quo

373 3450 545 3514 facto
561 3497 579 3532 ,
611 3464 891 3538 potestas
919 3447 1198 3512 dabatur
1220 3470 1333 3511 reo
1356 3464 1423 3512 et
1448 3449 1807 3513 accusatori
1837 3446 2166 3529 rejiciendi
2205 3471 2371 3537 quos
2399 3473 2512 3539 pa-

376 3578 525 3620 rum
562 3554 687 3620 sibi
717 3571 1023 3643 putarent
1054 3554 1349 3619 idoneos.
1386 3553 1466 3617 In
1497 3555 1718 3618 locum
1749 3577 1904 3617 vero
1937 3555 2328 3635 rejectorum
2357 3556 2514 3622 alios

376 3663 507 3726 sive
533 3678 793 3748 praetor,
824 3662 959 3725 sive
982 3658 1186 3741 judex
1214 3659 1590 3747 quaestionis
1610 3708 1629 3742 ,
1661 3659 2198 3724 subsortiebatur.
2253 3659 2518 3741 Quaeres

377 3786 543 3857 quot
587 3767 785 3858 vulgo
827 3767 1075 3848 judices
1122 3767 1566 3846 rejicerentur.
1601 3768 1680 3830 In
1716 3788 1907 3831 causa
1943 3764 2244 3848 Milonis,
2281 3767 2520 3859 singuli

378 3873 615 3965 quinos
638 3873 843 3938 denos
864 3890 1200 3938 accusator
1222 3889 1289 3937 et
1310 3896 1461 3938 reus
1479 3873 1863 3954 rejecerunt.
1883 3871 2202 3937 Asconius
2229 3875 2519 3955 rejectio-

378 4003 532 4045 nem
562 3981 796 4046 factam
813 3980 1097 4069 primum
1122 4003 1161 4044 a
1182 4001 1297 4045 reo
1314 4027 1332 4061 ‚
1359 3976 1594 4044 deinde
1609 3978 1691 4043 ab
1713 3991 2088 4042 accusatore
2099 3993 2326 4065 putat,
2345 3981 2525 4068 quod

379 4087 712 4152 Ciceronis
764 4085 1139 4151 testimonio
1192 4083 1636 4150 confirmatur.
1688 4083 1907 4148 Prima
1953 4082 2252 4165 judicum
2302 4086 2522 4170 lectio,
