2984 4684
828 426 1218 497 ORATIO
1267 421 1472 496 PRO
1522 427 1591 494 S.
1643 426 2047 497 ROSCIO.
2371 425 2505 498 103

367 554 788 624 societatem
841 550 1098 620 coieris
1138 544 1230 618 de
1271 548 1661 646 municipis
1696 550 2129 645 cognatique
2187 545 2503 620 fortunis

367 685 540 732 cum
591 659 1050 731 alienissimo.
1098 660 1336 749 Quam
1385 659 1482 728 sis
1515 655 1753 728 audax
1767 711 1788 746 ‚
1822 670 1908 727 ut
1934 658 2074 729 alia
2102 655 2507 745 obliviscar,

365 771 548 842 hinc
577 793 836 841 omnes
861 767 1260 864 intelligere
1288 780 1726 865 potuerunt,
1748 767 1951 867 quod
1982 793 2070 842 ex
2110 784 2260 840 tota
2286 771 2512 840 socie-

371 895 558 969 tate,
587 879 734 950 hoc
759 891 902 966 est,
937 903 1024 949 ex
1057 892 1168 950 tot
1189 880 1497 967 sicariis,
1531 879 1729 950 solus
1759 893 1843 950 tu
1867 882 2208 952 inventus
2240 905 2316 952 es
2333 935 2353 970 ,
2379 883 2510 979 qui

372 1016 544 1064 cum
571 988 1116 1064 accusatoribus
1137 986 1422 1061 sederes
1440 1044 1459 1076 ,
1481 1003 1703 1089 atque
1736 1014 1820 1061 os
1852 1003 2061 1062 tuum
2102 1014 2253 1061 non
2286 991 2511 1063 modo

371 1099 829 1186 ostendereS,
865 1097 994 1170 sed
1025 1101 1242 1171 etiam
1281 1097 1601 1171 offerres,
1649 1102 2069 1172 Inimicitias
2110 1099 2243 1173 tibi
2292 1100 2514 1173 fuisse

373 1235 548 1283 cum
591 1213 752 1282 Sex.
786 1211 1048 1280 Roscio
1067 1261 1088 1298 ‚
1118 1221 1194 1280 et
1227 1232 1523 1306 magnas
1556 1211 1660 1282 rei
1692 1207 2055 1282 familiaris
2095 1225 2514 1283 controver-

374 1325 518 1392 sias
538 1375 558 1408 ,
585 1318 944 1392 concedas
977 1343 1268 1392 necesse
1305 1335 1434 1392 est.

476 1433 758 1518 Restat,
797 1427 1079 1526 judices
1105 1483 1126 1516 ,
1185 1443 1272 1501 ut
1317 1429 1462 1502 hoc
1502 1429 1993 1522 dubitemus',
2047 1447 2212 1505 uter
2265 1436 2512 1532 potius

377 1546 540 1614 Sex.
555 1542 900 1612 Roscium
923 1538 1272 1611 occiderit
1287 1593 1306 1628 ,
1323 1542 1409 1629 is,
1433 1539 1527 1613 ad
1549 1565 1773 1638 quem
1801 1555 2034 1614 morte
2061 1544 2218 1640 ejus
2250 1542 2515 1615 divitiae

377 1653 751 1737 venerint,
797 1673 892 1720 an
923 1653 1017 1738 is,
1069 1648 1164 1720 ad
1205 1673 1426 1748 quem
1474 1649 1938 1740 mendicitas3
1990 1654 2092 1740 is,
2135 1655 2263 1749 qui
2308 1667 2522 1724 antea

381 1765 628 1834 tenuis
658 1759 899 1850 fuerit,
920 1783 1013 1831 an
1042 1763 1127 1850 is,
1158 1763 1286 1857 qui
1321 1775 1573 1860 postea
1596 1757 1829 1834 factus
1855 1765 1950 1834 sit
1978 1767 2520 1861 egentissimus;

379 1873 481 1958 is,
513 1873 644 1968 qui
673 1868 934 1949 ardens
962 1874 1258 1944 avaritia
1291 1869 1567 1943 feratur
1594 1871 1900 1946 infestus
1933 1875 2009 1946 in
2055 1898 2225 1944 suos
2243 1928 2263 1964 ‚
2289 1897 2383 1946 an
2417 1877 2477 1944 is
2500 1929 2521 1963 ,

381 1983 518 2080 qui
561 2005 848 2080 semper
879 1985 978 2053 ita
1006 1985 1299 2071 vixerit,
1333 1996 1420 2053 ut
1444 1997 1805 2079 quaestum
1825 1979 1855 2026 ³
1902 1995 2151 2054 nosset
2197 1982 2482 2055 nullum
2501 2036 2522 2070 ‚

381 2091 710 2169 fructum
751 2107 995 2164 autem
1034 2117 1204 2164 eum
1241 2092 1478 2164 solum
1496 2146 1519 2181 ,
1558 2115 1782 2188 quem
1813 2092 2061 2164 labore
2087 2096 2523 2191 peperissem

383 2207 486 2290 is,
513 2204 642 2300 qui
673 2207 1004 2273 omnium
1039 2215 1403 2273 sectorum
1429 2200 1951 2273 audacissimus
1978 2205 2101 2290 sit,
2127 2225 2221 2272 an
2254 2205 2339 2291 is,
2370 2205 2526 2299 qui,

383 2327 692 2412 propter
726 2309 868 2383 fori
896 2311 1489 2410 judiciorumque
1534 2311 1993 2382 insolentiam
2009 2315 2067 2399 4,
2104 2337 2254 2383 non
2302 2311 2526 2386 modo
2576 2311 2583 2318 ’

387 2421 733 2496 subsellia
753 2476 774 2511 ,
855 2447 1108 2504 verum
1165 2424 1382 2494 etiam
1445 2419 1706 2492 urbem
1767 2425 2005 2519 ‘ipsam
2064 2418 2532 2506 reformidem

389 2547 764 2633 postremo
784 2587 804 2623 ‚
831 2531 1149 2630 judices,
1187 2531 1266 2603 id
1311 2529 1517 2631 quod
1562 2529 1656 2602 ad
1696 2555 1847 2602 rem
1872 2586 1893 2620 ,
1935 2553 2095 2601 mea
2135 2533 2493 2602 sententia
2511 2584 2531 2618 ,

393 2646 704 2724 maxime
737 2647 1084 2742 pertinet,
1116 2657 1364 2714 utrum
1399 2645 1739 2713 inimicus
1772 2642 2019 2738 potius
2040 2693 2061 2728 ,
2095 2663 2189 2710 an
2220 2637 2448 2710 filius!

491 2757 783 2827 xxxll.
815 2759 984 2826 Haec
1015 2767 1122 2842 tu,
1148 2757 1388 2842 Eruci,
1414 2766 1527 2824 tot
1550 2765 1627 2822 et
1656 2765 1852 2822 tanta
1878 2753 1938 2821 si
1962 2764 2217 2821 nactus
2238 2773 2429 2821 esses
2454 2753 2534 2820 in

395 2889 549 2952 ree,
574 2888 798 2961 quam
826 2863 956 2934 diu
986 2861 1302 2936 diceres?
1327 2887 1478 2964 quo
1502 2876 1573 2932 te
1606 2858 1829 2932 modo
1850 2860 2197 2957 jactares?
2224 2874 2537 2959 tempus,

395 2973 734 3063 hercule,
783 2988 854 3046 te
893 2976 1148 3062 citius,
1187 2997 1409 3072 quam
1453 2974 1686 3044 oratio
1726 2967 2087 3042 deficeret.
2138 2972 2426 3044 Etenim
2460 2973 2539 3040 in

399 3085 708 3183 singulis
739 3082 958 3156 rebus
985 3082 1345 3182 ejusmodi
1377 3083 1707 3154 materies
1740 3094 1881 3171 est,
1914 3094 1998 3150 ut
2032 3077 2187 3150 dies
2217 3078 2542 3184 singulos

399 3197 638 3296 possis
661 3218 1112 3268 consumere.
1146 3199 1402 3293 Neque
1429 3217 1564 3291 ego
1598 3217 1749 3264 non
1776 3214 2076 3292 possum
2104 3217 2119 3259 :
2167 3213 2319 3260 non
2342 3190 2539 3259 enim

405 3441 540 3488 Hinc
562 3449 762 3504 apertus
794 3453 990 3488 senum:
1013 3437 1264 3501 Quoniam
1295 3435 1432 3485 vide·
1592 3451 1643 3483 ο.
1672 3435 1967 3484 Dubitemus.
1996 3431 2404 3490 Consideremus,
2425 3427 2547 3478 dcli·

405 3529 516 3568 ient
545 3517 662 3566 illos
692 3519 902 3567 Roscios
925 3515 1060 3567 bom
1085 3515 1248 3564 omnia
1271 3514 1433 3580 poeti-
1520 3513 1763 3563 heremus.

407 3597 524 3646 dere
540 3632 557 3658 ,
609 3597 746 3646 hune
796 3599 853 3647 in
907 3611 1094 3645 summa
1151 3605 1437 3660 paupertate
1598 3595 1649 3642 3.
1675 3594 1941 3656 Quoesmm.
1974 3591 2226 3653 Quartum
2254 3595 2307 3636 et
2324 3583 2551 3650 finctum

407 3675 604 3738 vivere,
639 3677 945 3726 manifestum
975 3691 1040 3725 ex
1065 3692 1122 3725 ea
1160 3691 1212 3723 re
1253 3675 1436 3722 crimen
1524 3675 1593 3721 ita
1622 3671 1905 3736 distinguit,
1935 3679 1995 3718 nt
2012 3667 2097 3716 ille
2116 3667 2181 3714 sit
2202 3665 2290 3730 qni
2312 3681 2375 3714 ex
2400 3681 2551 3730 opera

407 3755 561 3806 endis
585 3755 825 3806 Sextiam
851 3767 901 3805 et
923 3756 987 3805 de
1011 3756 1117 3819 ejus
1139 3764 1342 3803 anctore
1358 3769 1438 3801 su·
1525 3765 1577 3803 et
1599 3751 1837 3800 industri·
1864 3748 2067 3797 obvenit
2081 3781 2097 3808 ,
2127 3746 2211 3794 hic
2230 3760 2347 3795 vero
2370 3745 2457 3809 qni
2488 3759 2551 3793 ex

407 3835 698 3900 cpicionem,
712 3835 775 3883 nd
790 3835 1000 3900 predam
1019 3835 1188 3900 potius
1203 3833 1282 3894 adj
1289 3847 1438 3897 unge·
1526 3833 1667 3897 agris.
1734 3825 1741 3834 ’

410 3925 520 3963 rent
561 3930 710 3979 qnam
750 3915 816 3963 ad
851 3925 1135 3978 egestatem3
1177 3914 1214 3960 i.
1253 3928 1296 3961 e.
1327 3911 1440 3959 illos
1600 3919 1651 3970 4.
1681 3907 2017 3958 [molendam.
2044 3905 2174 3969 Quia
2212 3920 2315 3952 non
2342 3902 2556 3951 assuevit

413 3993 581 4058 potius
603 4005 860 4060 suspectos
879 3993 1140 4053 haberent,
1166 3993 1253 4056 qui
1277 3989 1444 4056 praeda
1532 3991 1643 4039 foro
1672 3999 1721 4036 et
1746 3985 1962 4048 iudiciis.
1986 3984 2069 4036 sic
2088 3999 2183 4050 pro
2208 3981 2378 4044 Deiot.
2410 4002 2437 4022 o·
2456 3994 2555 4027 mo-

411 4071 566 4136 potiti
597 4084 744 4134 cunt,
771 4089 918 4138 qnam
953 4073 1042 4139 qni
1079 4072 1225 4120 bonis
1261 4070 1444 4130 eiectus
1533 4083 1653 4117 veor
1668 4067 1768 4116 loci
1786 4065 2045 4114 incolentia
2058 4087 2103 4113 ι.
2118 4066 2314 4112 Terent.
2332 4057 2554 4114 Anas-N,

415 4153 678 4202 mendic-t.
1349 4203 1362 4212 .
1541 4155 1570 4206 4
1587 4183 1602 4209 ,
1625 4155 1683 4203 4²
1710 4145 1871 4212 equid
1897 4157 1951 4194 tu
1966 4145 2183 4194 Athenas
2208 4137 2423 4190 insolens
2434 4157 2476 4184 ¹·-
