2984 4684
687 358 796 429 IN
848 357 934 448 Q.
978 357 1517 429 cAECILmM
1567 324 2139 431 DfVINATlo.
2334 364 2464 463 193

335 480 532 552 rium
565 478 886 571 volunt3,
907 494 1340 578 queruntur,
1363 494 1811 552 accusatores
1834 506 1911 553 se
1935 483 2239 555 idoneos
2257 488 2289 537 ¹²
2318 512 2473 559 non

339 589 654 680 habere3
681 594 808 689 qui
833 616 1166 663 accusare
1193 603 1497 688 possunt
1514 644 1534 677 ,
1552 590 1993 685 judiciorum
2020 596 2472 669 severitatem

337 698 774 774 desiderant.
831 701 1150 797 Populus
1185 724 1529 773 romanus
1565 701 1878 788 interea,
1914 706 2195 776 tametsi
2228 708 2474 779 multis

339 808 869 885 incommodis⁵
889 809 1585 907 difficultatibusque
1608 808 1909 883 affectus
1940 829 2069 901 est,
2099 830 2341 888 tamen
2370 820 2477 887 ni-

341 918 446 991 hil
483 946 688 1019 aeque
711 923 786 990 in
809 920 1184 1018 republica
1207 935 1426 1017 atque
1454 919 1650 990 illam
1684 916 2002 993 veterem
2025 924 2471 1018 judiciorum

337 1032 488 1101 vim
521 1032 1084 1127 gravitatemque
1111 1030 1436 1127 requirit.
1472 1035 1511 1101 J
1516 1030 1922 1103 udiciorum
1959 1032 2315 1107 desiderio
2354 1040 2475 1107 tri-

337 1143 614 1213 bunitia
651 1155 968 1240 potestas
1005 1138 1390 1237 efflagitata
1427 1153 1536 1211 est
1558 1136 1638 1227 ὃ;.
1656 1139 2100 1235 judiciorum
2140 1142 2424 1217 levitate
2446 1158 2472 1201 ⁷

339 1251 528 1323 ordo
559 1274 858 1349 quoque
881 1250 1064 1321 alius
1089 1248 1182 1320 ad
1208 1273 1324 1321 res
1345 1246 1771 1343 judicandas
1798 1250 2241 1346 postulatum
2275 1253 2474 1348 judi—

339 1387 512 1435 cum
539 1361 748 1460 culpa
778 1374 997 1457 atque
1033 1358 1390 1431 dedecore
1417 1359 1632 1430 etiam
1670 1362 2082 1431 censorium
2104 1357 2133 1403 ⁸
2163 1386 2431 1437 nomen
2450 1420 2471 1455 ‚

339 1471 544 1570 quod
586 1472 908 1570 asperius
951 1485 1161 1541 antea
1204 1468 1483 1567 populo
1524 1465 1755 1541 videri
1796 1468 2114 1557 solebat,
2153 1470 2232 1542 id
2274 1498 2475 1546 nunc

341 1585 688 1679 poscitur,
712 1580 787 1651 id
809 1581 956 1675 jam
987 1578 1340 1679 populare
1381 1592 1601 1674 atque
1636 1578 2013 1676 plausibile
2040 1580 2307 1654 factum
2340 1599 2470 1657 est.

341 1696 428 1761 In
461 1691 592 1761 hac
619 1686 924 1781 libidine
947 1688 1332 1760 hominum
1367 1688 2073 1779 nocentissimorum,
2108 1692 2185 1763 in
2221 1695 2479 1792 populi

344 1802 628 1873 romani
670 1799 1090 1897 quotidiana
1133 1799 1589 1896 querimonia
1608 1852 1628 1887 ,
1665 1797 2109 1893 judiciorum
2144 1800 2435 1875 infamia
2456 1858 2477 1893 ,

347 1913 566 1984 totius
616 1912 942 1983 ordinis9
986 1908 1430 1997 offensione,
1474 1933 1705 2006 quum
1748 1908 1893 1981 hoc
1936 1935 2169 1982 unum
2212 1913 2325 1984 his
2368 1930 2479 1987 tot

345 2020 826 2093 incommodis
878 2017 1279 2093 remedium
1334 2045 1489 2092 esse
1550 2019 1969 2103 arbitrarer,
2020 2037 2103 2093 ut
2142 2022 2475 2097 homines

343 2134 591 2205 idonei
605 2147 828 2230 atque
845 2132 1106 2229 integri
1121 2154 1406 2203 causam
1423 2119 1839 2229 reipublicae
1859 2132 2246 2231 legumque
2264 2138 2477 2207 susci·

345 2256 644 2341 perent3
667 2240 923 2331 fateor,
943 2265 1086 2329 me,
1113 2240 1358 2313 salutis
1382 2242 1715 2313 omnium
1740 2266 1976 2333 causa,
2006 2242 2097 2316 ad
2124 2270 2281 2317 eam
2310 2272 2475 2345 par-

421 2496 472 2542 3.
502 2495 694 2543 Volunt.
719 2497 782 2542 In
809 2510 983 2559 magna
1007 2494 1370 2558 exspectatione
1456 2492 1583 2555 Qnae
1626 2504 1843 2556 potestas
1886 2494 1955 2542 eis
1997 2494 2097 2543 hoc
2136 2497 2246 2560 ipso
2284 2512 2415 2547 anuo
2450 2516 2480 2548 a

347 2573 426 2621 lex
452 2574 649 2623 Aurelia
679 2584 809 2635 erat,
837 2590 990 2637 quum
1012 2573 1118 2621 baee
1144 2572 1366 2621 diceren-
1456 2573 1695 2635 Pompeio
1716 2584 1768 2619 et
1792 2572 1966 2621 Crasso
1993 2590 2121 2621 coss.
2142 2586 2215 2623 est
2235 2578 2476 2627 restituta.

349 2664 454 2703 tur:
477 2652 711 2718 flagrabat
737 2653 866 2701 enim
883 2652 1065 2701 invidia
1088 2652 1212 2701 ordo
1231 2668 1368 2699 sena-

349 2736 528 2793 torius,
551 2734 672 2797 qui,
699 2732 894 2781 Sullam
921 2732 1055 2797 lege,
1087 2748 1174 2797 per
1201 2730 1368 2778 decem

347 2829 502 2861 annos
533 2812 742 2876 turpiter
771 2812 956 2874 judicia
988 2810 1366 2860 administrabat.

350 2893 462 2941 vid.
487 2908 596 2957 sup.
615 2892 669 2937 in
695 2894 898 2954 Argum.

420 2980 469 3028 4.
497 2970 718 3021 Idoneus.
741 2970 970 3033 Nempe·
955 2970 1179 3033 ingenio,
1201 2966 1372 3033 probi-

350 3058 472 3109 tate,
495 3050 771 3097 constantia
797 3048 1048 3112 preditos.

423 3129 471 3177 5.
499 3127 844 3175 Incommodes.
889 3127 1148 3175 Ademerat
1184 3125 1372 3190 populo

353 3206 484 3255 Sulla
518 3206 826 3254 tribuniciam
851 3216 1166 3269 potestatem;
1197 3220 1370 3253 censo-

351 3302 427 3333 res
451 3286 740 3342 sustulerat;
780 3286 1086 3333 transtulerat
1103 3284 1288 3345 J'udicia
1309 3282 1372 3332 ab

352 3368 563 3431 equestri
605 3364 671 3415 ad.
713 3366 872 3413 solum
915 3365 1137 3413 ordinem
1181 3374 1373 3413 senato·

351 3463 492 3494 rium.

423 3524 472 3571 6.
514 3522 812 3590 Eſjssagitata
849 3532 938 3569 ese.
975 3522 1047 3569 Ut
1079 3536 1254 3585 nempe
1288 3522 1374 3569 tri-

351 3602 596 3650 bunorum
631 3600 1058 3649 intercessionibus
1077 3598 1374 3659 judiciorum

351 3680 628 3745 corruptela
657 3679 1011 3744 reprimeretur.
1038 3678 1168 3725 Ante
1194 3678 1375 3727 Sullam

353 3760 558 3809 tribunis
581 3774 638 3807 ea
662 3770 879 3825 potestas
909 3768 1041 3817 erat,
1067 3767 1123 3805 nt
1144 3756 1373 3806 adversus

351 3840 629 3903 iniquorum
661 3838 888 3901 judicum
921 3838 1187 3885 sententias
1223 3837 1374 3886 inter·

351 3918 594 3976 cederent,
607 3916 874 3981 quemlibet
887 3917 978 3981 qui
1002 3926 1202 3980 accepta
1223 3933 1372 3980 pecu-

353 4000 432 4045 nia
469 3996 735 4056 judicasset
755 4031 770 4053 ,
817 3994 882 4043 ad
917 3994 1160 4056 judicium
1201 3995 1374 4059 populi

352 4085 606 4141 raperent,
642 4076 784 4139 eique
819 4075 1050 4123 mulctam
1086 4074 1371 4139 irrogarent.

547 4165 606 4232 I.
661 4178 749 4223 Cic.
769 4193 883 4239 pers
913 4174 1127 4223 secunda.
1159 4186 1164 4193 “

1530 2666 1577 2710 7.
1600 2649 1827 2699 Levitaee.
1844 2652 1975 2697 Levis
1994 2652 2149 2711 judex
2170 2664 2272 2713 est,
2298 2658 2383 2717 qni
2409 2658 2481 2705 fa·

1455 2728 1548 2775 cile
1568 2740 1811 2789 movetur,
1829 2742 1879 2777 et
1900 2728 1957 2777 de
1978 2740 2107 2778 recta
2126 2732 2382 2792 judicandi
2402 2738 2479 2782 via

1455 2808 1597 2855 facile
1614 2806 1842 2857 deflectit.
1873 2810 2002 2858 Huic
2032 2812 2303 2875 opponitur
2312 2816 2479 2881 gravis

1457 2897 1505 2933 et
1522 2898 1748 2935 constans
1764 2888 1935 2948 judex.

1531 2966 1578 3014 8.
1615 2966 1894 3014 Censorium
1918 2982 2111 3017 nomen.
2138 2968 2371 3031 Censura,
2390 2990 2479 3021 cu-

1454 3046 1538 3108 jus
1565 3045 1683 3093 olim
1710 3046 1788 3115 vel
1811 3062 1993 3095 nomen
2019 3060 2221 3113 propter
2247 3054 2477 3099 severita-

1460 3133 1560 3172 tem
1574 3124 1868 3189 horrebant,
1898 3143 2028 3176 nnnc
2048 3128 2285 3191 poscitur,
2310 3142 2365 3178 nt
2386 3131 2479 3179 hae

1459 3204 1567 3269 ipsa
1604 3206 1856 3255 severitate
1885 3222 1995 3265 eos,
2027 3208 2111 3271 qui
2151 3219 2379 3272 corrupte
2398 3210 2481 3269 ju-

1462 3282 1727 3343 dicassent,
1763 3298 1937 3335 notent
1972 3298 2020 3335 et
2054 3299 2279 3335 moveant
2311 3300 2481 3338 senatu

1461 3379 1701 3413 censores.
1716 3367 1869 3413 Porro
1886 3366 1961 3414 illi
1980 3367 2188 3431 primum
2206 3369 2355 3415 creati
2379 3368 2483 3416 sue-

1461 3454 1573 3491 rant
1594 3460 1723 3493 anno
1741 3445 1890 3493 Urbis
1916 3448 1943 3495 3
1955 3462 2035 3505 ra,
2051 3458 2107 3493 ut
2128 3462 2316 3494 morum
2332 3445 2475 3495 disci-

1459 3522 1710 3586 plinaeque
1754 3540 1966 3572 romanae
2015 3540 2161 3587 penes
2215 3540 2299 3573 eos
2357 3538 2483 3576 esset

1459 3602 1699 3665 regimen,
1720 3614 1777 3655 ,et
1801 3601 1991 3651 decoris
2017 3602 2365 3667 dedecorisque
2386 3604 2485 3655 die-

1461 3680 1645 3728 erimen
1709 3681 1800 3728 sub
1860 3696 2029 3729 eorum
2078 3691 2204 3729 esset
2272 3682 2480 3735 ditione.

1461 3758 1615 3806 Porro
1640 3774 1729 3823 per
1752 3774 1907 3809 annos
1933 3758 2193 3807 duodecim
2217 3761 2270 3809 in
2292 3764 2482 3829 republ.

1461 3854 1565 3887 non
1598 3838 1809 3887 suerunt.
1852 3838 1970 3887 mo·
2012 3838 2113 3887 hoe
2148 3840 2321 3890 eodem
2349 3859 2483 3893 anno

1462 3916 1679 3964 restituit
1706 3918 1989 3983 Pompeius.

1535 4011 1585 4058 9.
1618 3995 1831 4047 Ordim's.
1857 4000 2141 4048 Senatorum
2170 4015 2347 4067 nempe
2369 4018 2477 4052 om·-
2497 4042 2505 4051 .

1460 4090 1617 4123 mum.

2160 4188 2186 4233 1
2201 4162 2244 4234 3
