2984 4684
475 360 608 435 158
1109 360 1206 427 M.
1258 357 1335 424 T.
1387 356 1951 427 CICERONIS

461 490 738 559 crimen
763 496 890 554 aut
907 479 1167 575 objice,
1191 476 1320 549 ubi
1343 478 1513 549 licet
1532 498 1743 575 agere
1761 502 1780 566 ;
1802 492 1929 548 aut
1945 479 2183 575 jacere
2202 474 2235 523 ⁵
2258 480 2439 570 noli,
2462 481 2596 553 ubi

464 620 614 667 non
648 604 958 692 oportet.
991 590 1300 659 Tametsi
1327 588 1476 683 jam
1519 586 1663 659 hoc
1696 602 1828 658 tuo
1862 591 2279 660 testimonio
2320 595 2594 664 crimen

463 703 830 776 sublatum
871 712 999 771 est.
1046 702 1226 770 Nam
1250 750 1269 786 ,
1311 722 1462 795 quo
1504 712 1587 767 tu
1617 710 1947 795 tempore
1982 698 2103 769 illa
2132 697 2445 773 formula
2486 706 2594 774 uti

461 814 792 902 noluisti,
841 810 1022 881 nihil
1060 806 1261 880 hunc
1287 810 1362 879 in
1409 812 1828 879 societatem
1871 806 2143 880 fraudis
2184 807 2438 884 fecisse
2482 838 2597 885 os-

461 924 777 999 tendisti.
801 924 998 995 Fecit
1015 914 1486 1019 pactionem⁶.
1510 921 1701 991 Num
1731 917 2010 991 tabulas
2030 919 2377 1010 habet,an
2396 922 2595 995 non?

463 1042 710 1110 Sinon
743 1031 986 1118 habet,
1015 1028 1636 1127 quemadmodum
1658 1031 1901 1127 pactio
1928 1031 2079 1101 est?
2101 1033 2159 1101 si
2189 1030 2443 1120 habet,
2466 1056 2599 1104 cur
2676 1134 2683 1141 ἢ

464 1173 616 1221 non
645 1142 1053 1217 nominas⁷P
1071 1144 1210 1213 Dic
1233 1162 1432 1210 nunc
1455 1142 1805 1211 Roscium
1829 1139 1959 1211 abs
1986 1154 2058 1211 te
2084 1146 2373 1239 petisse,
2396 1159 2483 1216 ut
2502 1142 2600 1215 sa-

461 1260 810 1331 miliarem
845 1278 1059 1325 suum
1089 1276 1406 1323 sumeres
1436 1248 1790 1322 arbitrum
1818 1277 1834 1319 :
1866 1276 2016 1322 non
2038 1254 2267 1349 petiit.
2300 1259 2436 1326 Dic
2466 1278 2595 1353 pa·

463 1374 779 1442 ctionem
803 1363 1080 1452 fecisse,
1105 1376 1188 1432 ut
1203 1360 1697 1433 absolveretur
1714 1354 1745 1407 ⁸
1769 1388 1786 1431 ε
1818 1385 1970 1432 non
1994 1366 2291 1461 pepigit.
2315 1367 2597 1455 Quaere,

465 1506 690 1579 quare
727 1480 819 1549 sit
861 1474 1289 1547 absolutus?
1331 1472 1537 1571 quod
1568 1486 1721 1544 erat
1759 1494 2041 1543 summa
2072 1474 2489 1547 innocentia
2524 1490 2600 1547 et

461 1596 890 1692 integritate.
917 1588 1117 1680 Quid
1145 1590 1340 1659 enim
1368 1585 1639 1659 factum
1667 1586 1816 1657 est?
1840 1590 2100 1659 venisti
2143 1588 2445 1660 domum
2480 1590 2597 1661 ul·

462 1720 576 1776 tro
613 1704 884 1791 Roscii3
912 1697 1309 1771 satisfecisti
1330 1708 1386 1787 ⁹,
1419 1696 1623 1796 quod
1654 1711 1925 1769 temere
1959 1703 2467 1790 commisisses3
2517 1706 2593 1772 in

457 1814 817 1913 judicium
858 1824 942 1881 ut
969 1810 1430 1881 denuntiaret
1463 1812 1727 1905 rogasti
1751 1864 1772 1897 ,
1802 1822 1887 1879 ut
1916 1812 2362 1907 ignosceret3
2390 1828 2462 1883 te
2497 1810 2599 1884 af-

463 1923 792 1995 futurum
821 1921 1138 2017 negasti3
1170 1917 1436 1989 debere
1469 1917 1606 2016 tibi
1648 1940 1737 1989 ex
1775 1923 2113 1991 societate
2144 1922 2327 1993 nihil
2354 1924 2598 1995 clami-

465 2038 627 2106 tasti
655 2061 671 2103 :
701 2030 928 2129 judici
971 2030 1092 2100 hic
1128 2029 1617 2117 denuntiavit3
1658 2028 2036 2102 absolutus
2068 2042 2275 2102 est¹⁰.
2322 2036 2595 2106 Tamen

465 2142 738 2216 fraudis
774 2166 860 2214 ac
900 2140 1073 2211 furti
1117 2142 1567 2212 mentionem
1619 2138 1855 2212 facere
1883 2142 2150 2213 audes?
2193 2146 2469 2216 Perstat
2516 2148 2595 2216 in

463 2254 938 2355 impudentia.
977 2252 1392 2322 Pactionem
1425 2254 1655 2338 enim,
1684 2253 1963 2348 inquit,
1994 2274 2281 2323 mecum
2306 2251 2594 2326 fecerat.

464 2367 775 2440 Idcirco¹
791 2374 810 2407 ¹
835 2361 1170 2434 videlicet
1185 2386 1280 2433 ne
1303 2359 1935 2431 condemnaretur.
1954 2359 2151 2450 Quid
2171 2376 2324 2432 erat
2340 2386 2595 2451 causae,

539 2578 586 2625 6.
613 2578 802 2623 Iacere.
827 2572 1098 2637 Tamquam
1131 2568 1226 2618 tela
1243 2605 1260 2632 ‚
1289 2568 1346 2616 id
1379 2578 1483 2631 eet,

457 2656 686 2719 objicere.

533 2736 582 2785 6.
611 2733 746 2784 Fecit
765 2730 1064 2796 pactionem.
1099 2727 1272 2777 Fannii
1297 2726 1444 2775 verba
1467 2744 1482 2773 ε

457 2814 696 2862 Volebam
711 2846 725 2871 ,
745 2810 908 2874 inquit
921 2847 936 2872 ,
960 2808 1096 2856 litem
1119 2807 1375 2873 penequi3
1396 2805 1484 2854 ted

459 2892 670 2939 Roscius
720 2898 936 2937 metuens
983 2885 1220 2948 judicium
1238 2919 1252 2944 ‚
1295 2900 1484 2934 meeum

459 2971 719 3037 stipulatus
743 2978 834 3016 eat.

535 3068 584 3111 7.
611 3046 869 3096 Nominas.
900 3043 1095 3093 Profers
1121 3056 1300 3091 nomen
1329 3041 1384 3090 in
1407 3051 1482 3090 tn-

457 3128 588 3178 bulis
611 3126 862 3192 scriptum.

532 3210 582 3257 8.
609 3204 961 3256 Absolvereeur.
986 3202 1027 3249 1.
1051 3216 1096 3249 e.
1118 3200 1296 3262 indicii
1325 3199 1478 3248 mole-

459 3288 551 3337 stia
585 3284 855 3335 solveretur
891 3296 948 3329 ac
981 3278 1291 3339 liberaretur,
1323 3289 1479 3342 neque

459 3368 590 3417 enim
634 3364 696 3413 ab
729 3362 916 3412 arbitro
955 3358 1054 3407 lm
1093 3368 1166 3405 est
1209 3360 1477 3419 sententia,

459 3447 659 3496 remisso
705 3441 932 3491 videlicet
981 3449 1030 3486 et
1073 3438 1352 3485 renuntiato
1399 3440 1480 3499 ju-

461 3526 612 3576 dicio.

531 3622 586 3669 9.
615 3602 696 3652 Sic
727 3597 1118 3664 intel-pungimus
1143 3596 1336 3645 Ernest.
1366 3596 1478 3645 Sch.

461 3695 512 3733 et
533 3684 661 3733 J.v.
679 3684 738 3731 1..
759 3678 972 3743 sequuti.
1002 3704 1074 3713 —
1117 3678 1181 3723 Ue
1213 3674 1482 3740 ignosceret

463 3763 601 3811 abent
612 3762 666 3809 in
683 3758 1055 3807 Schiitz.Totiu⁸
1072 3753 1176 3803 loci
1189 3768 1361 3803 census
1376 3764 1475 3805 est:

465 3844 561 3889 Pro
579 3850 690 3899 tua,
717 3841 772 3886 in
795 3854 854 3886 eo
879 3834 1185 3897 accusando,
1213 3835 1484 3883 temeritate

463 3918 650 3967 Roscio
675 3914 970 3976 satisfecisti,
995 3917 1029 3963 i.
1049 3930 1092 3963 e.
1121 3914 1482 3962 excusationem

463 3994 682 4055 attulisti,
695 3994 832 4061 quod
854 4010 964 4042 eum
982 4004 1160 4041 temere
1179 4006 1480 4041 accusantes:

465 4089 522 4126 ut
563 4074 688 4125 illud
717 4072 876 4137 judici
920 4070 1248 4137 significaret,
1277 4072 1480 4136 rogasti,

1572 2574 1625 2617 et
1660 2568 1805 2617 simul
1842 2578 1902 2617 ut
1934 2570 2027 2619 tibi
2056 2570 2266 2620 Roscius
2294 2573 2597 2637 igno-oeten

1572 2654 1621 2696 te
1640 2648 1781 2709 injus
1796 2662 1903 2695 non
1923 2658 2178 2698 venturum
2196 2650 2597 2712 affin-mentimini·

1574 2722 1627 2775 lo
1662 2742 1767 2775 non
1806 2728 2060 2789 audiente,
2100 2731 2224 2779 nihil
2268 2746 2329 2781 ex
2366 2736 2597 2783 societ-te

1570 2804 1664 2852 tibi
1681 2821 1710 2854 a
1730 2806 1917 2855 Roscio
1936 2808 2105 2857 deberi
2130 2812 2483 2875 pronunciasti.
2498 2816 2597 2863 Ro-

1569 2884 1699 2932 ·eiue
1728 2885 1887 2946 indici
1926 2887 2231 2938 denuntiavit
2266 2900 2317 2938 te
2350 2892 2597 2943 actionem

1571 2963 1847 3028 deponere3
1870 2966 2038 3031 itaque
2058 2967 2287 3017 dimissu·
2312 2966 2387 3017 eet
2418 2981 2469 3019 et
2498 2972 2595 3021 hoc

1564 3042 1756 3103 iudicio
1771 3044 2173 3096 minumae-Fr.
2198 3046 2312 3097 eod.
2332 3048 2483 3099 lubet
2502 3072 2529 3094 ι
2542 3068 2593 3116 q.

1570 3130 1751 3170 temere
1774 3126 2123 3183 commitis-ee,
2152 3125 2207 3174 id
2232 3128 2395 3188 judici
2424 3140 2483 3178 nt
2514 3130 2597 3179 de-

1566 3202 1813 3251 nuntiaret
1828 3237 1843 3262 ,
1876 3204 2061 3267 roganti
2100 3214 2158 3253 ut
2190 3205 2501 3268 ignosceret:
2546 3218 2595 3257 te

1532 3288 1537 3291 '
1566 3280 1857 3339 affuturum,
1895 3292 1990 3331 ete.
2008 3284 2189 3333 Genoet
2208 3288 2433 3335 Graevius
2447 3287 2595 3336 semel

1566 3360 1803 3409 exciditne
1824 3364 2036 3427 rogasti,
2072 3374 2125 3411 et
2148 3364 2221 3411 nio
2252 3364 2378 3429 legit
2408 3366 2503 3415 «id
2516 3370 2597 3428 ju-

1568 3438 1667 3487 dlei
1694 3448 1751 3488 ut
1772 3439 2087 3491 denunti-ret
2102 3445 2311 3506 rog-stu
2338 3449 2523 3510 rog-asti
2538 3458 2595 3495 ut

1566 3520 1881 3583 ignosceret·
1896 3554 1911 3579 ,
1946 3522 2035 3584 qui
2058 3538 2228 3571 sensus
2252 3524 2395 3573 nullo
2423 3526 2595 3575 addito

1566 3598 1719 3646 verbo
1744 3599 1863 3647 utin
1888 3600 2193 3665 intelligitur.

1642 3692 1725 3727 ιο.
1746 3678 2008 3727 Abmlutus
2028 3690 2115 3729 ese.
2139 3683 2173 3730 J
2174 3681 2345 3731 udicio
2362 3682 2595 3735 liber-tm

1570 3768 1643 3806 eet
1656 3791 1675 3821 ,
1698 3768 1757 3805 ut
1778 3772 1939 3823 snpra.

1646 3852 1669 3883 ι
1684 3852 1728 3886 t.
1770 3838 1979 3887 ideireo.
2022 3839 2277 3889 Ciceronis
2316 3843 2507 3904 ironia,
2542 3856 2599 3894 nt

1572 3917 1889 3965 Hotomanno
1906 3916 2097 3982 plaeetg
2124 3922 2295 3969 Fannii
2322 3938 2485 3973 semo
2500 3958 2517 3984 ,
2540 3935 2597 3973 ut

1572 4006 1714 4059 putat
1738 3998 1995 4050 Fen-ratim.
2024 4000 2245 4050 Priorem
2274 4018 2472 4055 eentum
2498 4020 2598 4052 mn-

1568 4074 1671 4125 lim.
