2984 4684
333 407 1265 436 §mmmm-now-
1269 407 1913 429 mmmmm

757 629 919 732 M.
982 628 1110 730 T.
1200 626 2027 781 CICERONIS

614 879 2155 1064 ORATIONES.
2238 839 2248 846 ’

669 1351 879 1431 PRO
935 1350 1158 1432 SEX.
1197 1349 1593 1430 Rosclo
1644 1349 2127 1430 AMERINO

1080 1546 1706 1652 ORATIO.

909 1957 1302 2028 ORATIO
1363 1957 1880 2030 SECUNDA.

319 2143 376 2210 Ι.
431 2091 730 2217 Cauno
761 2158 898 2233 ego
931 2157 1094 2221 VOS,
1127 2131 1410 2229 judices
1431 2145 1483 2222 ¹,
1514 2139 1797 2225 mirari,
1832 2137 2015 2234 quid
2064 2141 2193 2228 sit,
2224 2140 2465 2238 quod,

321 2273 560 2348 quum
595 2261 708 2318 tot
741 2247 1006 2318 summi
1037 2259 1398 2334 oratoreS,
1447 2244 1929 2345 hominesque
1976 2249 2461 2326 nobilissimi²

321 2358 625 2432 sedeant
647 2410 669 2445 ‚
705 2379 842 2453 ego
871 2355 1330 2453 potissimum
1365 2359 1803 2426 surrexerim
1826 2411 1847 2446 ,
1900 2362 1993 2444 is,
2034 2364 2163 2458 qui
2222 2387 2465 2460 neque

321 2485 563 2558 aetate,
593 2490 836 2564 neque
865 2466 1164 2562 ingenio
1180 2516 1203 2551 ,
1232 2487 1474 2560 neque
1512 2469 1939 2538 auctoritate
1970 2473 2107 2540 sim
2141 2496 2309 2542 cum
2341 2477 2463 2560 iis,

323 2584 455 2678 qui
492 2578 832 2665 sedeant,
868 2572 1420 2674 comparandus.
1453 2577 1729 2648 Omnes
1761 2579 1959 2646 enim
1992 2578 2069 2649 hi
2088 2632 2108 2667 ‚
2138 2604 2326 2677 quos
2362 2585 2467 2652 vi-

325 2689 512 2760 detis
541 2686 790 2760 adesse
819 2689 898 2756 in
922 2683 1058 2756 hac
1079 2707 1329 2771 causa,
1361 2683 1702 2778 injuriam
1728 2709 1922 2790 novo
1942 2685 1971 2730 ³
1996 2689 2263 2761 scelere
2292 2715 2465 2762 con-

325 2798 564 2870 flatam
579 2810 843 2896 putant
853 2809 1192 2894 oportere
1213 2789 1508 2864 defendi
1522 2797 1581 2882 ⁴3
1601 2792 1989 2869 defendere
2008 2802 2141 2896 ipsi
2162 2816 2467 2899 propter

327 2913 786 3007 iniquitatem
825 2923 1239 3004 temporum
1271 2929 1424 2974 non
1456 2902 1773 2975 audent:
1802 2909 1903 2978 ita
1932 2906 2055 2998 fit,
2082 2923 2166 2980 ut
2188 2909 2466 2994 adsint,

325 3034 717 3120 propterea
772 3015 976 3116 quod
1015 3013 1341 3087 officium
1389 3030 1837 3112 sequuntur;
1890 3032 2173 3091 taceant
2218 3037 2464 3093 autem

328 3130 630 3216 idcirce,
654 3132 828 3227 quia
847 3126 1256 3227 periculum
1283 3137 1645 3196 metuunt.
1672 3125 1870 3217 Quid
1898 3130 2120 3226 ergo?
2144 3130 2469 3202 audacis-

329 3243 556 3310 simus
577 3235 610 3280 ⁵
631 3261 768 3334 ego
791 3262 880 3308 ex
901 3233 1288 3307 omnibus?
1327 3235 1651 3306 Minime.
1695 3240 1790 3307 At
1812 3251 2015 3309 tanto
2051 3237 2469 3329 officiosior,

399 3439 440 3484 1.
463 3451 486 3482 1
497 3470 510 3483 .
529 3431 742 3482 Indices.
762 3435 1018 3482 Senatores
1033 3429 1275 3496 intellige,
1295 3428 1359 3478 ad

331 3531 456 3579 quos
479 3513 614 3562 Sulla
635 3512 821 3572 iudicia
844 3511 1166 3560 transtulerat.

403 3609 454 3642 a.
501 3589 823 3640 Nobilissimi.
868 3589 1056 3640 Metelli
1077 3623 1094 3650 ,
1140 3587 1357 3650 Servilii,

333 3671 586 3738 Scipiones
601 3669 842 3720 sedebant
863 3671 992 3718 inter
1016 3669 1186 3720 Roscii
1205 3669 1358 3718 advo-

333 3761 486 3802 catos.
507 3778 578 3788 —-
593 3749 912 3798 Sama-erim.
936 3749 1124 3798 Stante·
1150 3749 1278 3796 enim
1308 3759 1358 3796 et

336 3840 550 3879 oratores
574 3831 628 3877 in
661 3829 774 3878 foro
801 3844 1020 3888 cenam,
1047 3839 1094 3877 et
1113 3839 1358 3877 senatores

335 3909 390 3956 in
413 3909 543 3958 curis
562 3907 849 3958 sententiam
866 3907 1110 3957 dicebant.

417 3989 460 4035 3.
485 3989 637 4038 Novo.
665 3989 709 4037 1.
737 4005 784 4037 e.
815 3987 1059 4037 inaudito.
1097 3987 1225 4036 Nun
1255 3985 1356 4035 duo

341 4063 398 4113 in
423 4081 519 4116 uno
542 4067 720 4118 scelere
746 4077 896 4116 sunt:
935 4080 1090 4115 unum
1123 4064 1360 4115 occidisse

1443 3429 1613 3478 Roscii
1648 3440 1835 3496 patrem
1850 3467 1865 3492 ,
1904 3432 1989 3497 qui
2024 3436 2329 3499 proscriptus
2360 3451 2465 3485 non

1445 3519 1573 3568 επις
1594 3509 1795 3558 alterum
1825 3521 1922 3558 tam
1955 3512 2255 3560 horrendum
2279 3515 2467 3564 facinus

1445 3588 1622 3636 misero
1656 3587 1761 3636 filio
1798 3587 2057 3652 affingere3
2101 3591 2168 3638 its
2209 3602 2266 3641 ut
2300 3611 2467 3644 revera
2502 3583 2513 3594 ⁹

1443 3667 1599 3730 patris
1623 3668 1865 3715 occisores
1891 3667 2045 3715 fllium
2064 3683 2309 3721 accusent.

1519 3755 1565 3804 4.
1590 3745 1813 3812 Defendi.
1840 3747 2133 3812 Propulssri.
2148 3751 2471 3816 —Im'qm’ta-

1446 3837 1542 3872 tem
1570 3836 1853 3888 temporum.
1888 3825 2034 3873 Sullae
2060 3828 2327 3891 potentiam
2342 3866 2357 3890 ‚
2390 3847 2472 3880 m-

1440 3905 1524 3970 jus
1544 3903 1863 3953 offensionem
1878 3915 2117 3956 metuunt.

1522 3983 1570 4032 5.
1602 3981 1783 4031 Schiitz
1824 3985 1890 4033 ita
1930 3984 2214 4050 distinguit:
2256 3987 2473 4052 -Qnid?

1447 4077 1565 4127 ergo
1589 4063 1992 4114 audacissimus».
2019 4067 2051 4115 J
2055 4069 2143 4115 ΛΤ.
2170 4069 2226 4114 1..
