2984 4684
547 331 689 428 394
1231 337 1997 409 ARGUMENTUM.

615 457 676 514 in
716 455 972 516 Siciliam
1013 459 1507 535 proficisceretur,
1550 459 1864 540 cogitasse,
1900 454 2247 536 quibusnam
2288 453 2465 514 rebus
2505 455 2565 515 in
2617 479 2681 516 ea

613 553 912 632 provincia
952 555 1259 618 maximam
1297 579 1417 618 uno
1447 577 1602 617 anno
1639 555 1946 637 pecuniam
1974 555 2164 614 facere
2192 566 2420 632 posset,
2461 573 2527 612 ac
2564 575 2683 613 non

616 649 796 709 modo
815 671 1030 730 genera
1043 654 1296 729 furandi,
1313 657 1415 716 sed
1433 656 1608 716 etiam
1624 655 1859 714 nomina
1874 651 2227 732 quaesivisse.
2239 651 2421 730 Cujus
2434 653 2686 712 avaritiae

617 747 872 826 primum
891 752 1222 830 exemplum
1241 753 1492 813 affertur
1511 754 1647 826 hoc,
1660 751 1820 831 quod
1840 749 2017 810 Dioni
2030 749 2504 826 Halesichujus
2516 749 2640 807 filio
2652 769 2687 807 a

609 847 947 925 propinquo
957 847 1192 908 homine
1199 849 1492 910 hereditas
1502 863 1761 922 venerat,
1776 853 1894 910 11-s
1904 846 2202 928 undecies(
2206 847 2385 905 circa
2392 845 2611 918 25,5oo
2622 845 2685 916 f.)

609 943 927 1024 eripuerit,
959 968 1012 1020 7.
1038 949 1307 1008 Alterum
1335 949 1499 1028 quod
1528 950 1710 1010 Dioni
1738 947 1971 1008 cuidam
1994 945 2223 1014 Siculo,
2251 945 2345 1004 cui
2372 963 2684 1022 permagna

610 1043 860 1102 venisset
883 1031 1470 1126 hereditas,'ea'lege
1500 1061 1566 1107 ut
1598 1060 1816 1106 statuas
1843 1047 1903 1104 in
1933 1045 2069 1104 foro
2104 1056 2383 1122 poneret,
2430 1043 2542 1102 nisi
2572 1061 2687 1121 po-

609 1140 847 1214 suisset,
867 1145 1084 1203 Veneri
1119 1146 1385 1224 Erycinae
1419 1159 1571 1206 esset
1603 1146 1941 1216 mulctatus,
1977 1143 2137 1201 illam
2160 1139 2543 1200 hereditatem
2567 1141 2687 1198 eri-

609 1239 768 1316 puit,
797 1241 908 1300 etsi
941 1253 1147 1301 statuae
1179 1245 1384 1322 positae
1407 1257 1597 1303 essent
1619 1264 1693 1302 ex
1717 1255 2102 1326 testamento,
2142 1239 2199 1298 8.
2226 1239 2493 1298 Tertium
2524 1235 2685 1315 quod

609 1335 926 1415 Sosippum
954 1352 1014 1397 et
1041 1339 1370 1419 Epicratem
1401 1341 1609 1400 fratres
1636 1341 2027 1419 Agyrinenses
2056 1337 2180 1396 fere
2208 1349 2333 1395 tota
2364 1333 2687 1394 hereditate

609 1445 854 1512 paterna
873 1438 1116 1496 Veneris
1145 1440 1382 1498 nomine
1411 1440 1686 1519 spoliavit
1705 1481 1723 1512 ,
1766 1460 1826 1516 9.
1864 1418 2105 1497 Inanem
2134 1453 2279 1494 vero
2318 1453 2443 1492 esse
2474 1433 2562 1490 rei
2590 1430 2687 1490 de-

613 1531 968 1606 fensionem,
997 1535 1045 1593 si
1075 1537 1206 1614 quis
1236 1536 1392 1596 dicat
1413 1537 1487 1596 ad
1510 1543 1753 1596 Verrem
1780 1536 2088 1616 pecuniam
2116 1536 2286 1593 istam
2314 1551 2435 1590 non
2466 1547 2683 1608 perve-

607 1629 793 1702 nisse,
823 1644 927 1690 aut
965 1653 1000 1691 a
1037 1635 1348 1694 comitibus
1385 1635 1504 1694 suis
1533 1647 1593 1694 et
1622 1635 1850 1694 asseclis
1890 1645 2185 1710 acceptam
2215 1651 2373 1702 esse,
2430 1647 2525 1686 ιο.
2568 1633 2687 1688 Re-

608 1739 800 1787 ctores
837 1730 993 1788 enim
1029 1732 1464 1810 provinciarum
1504 1751 1621 1790 non
1657 1733 1845 1792 solum
1876 1751 1939 1790 se
1970 1731 2129 1809 ipsos
2158 1727 2549 1798 abstinentes,
2584 1725 2685 1784 sed

611 1824 785 1882 etiam
811 1828 1054 1888 comites
1079 1849 1215 1888 suos
1238 1844 1517 1909 praestare
1546 1829 1762 1889 debere
1779 1873 1796 1901 ,
1828 1849 1853 1887 1
1870 1851 1918 1886 1.

688 1922 968 1999 Sequitur
993 1925 1156 1984 locus
1183 1925 1258 1986 de
1278 1926 1406 2005 ipsa
1421 1925 1831 2004 jurisdictione
1856 1924 2168 1985 Siciliensi.
2190 1925 2257 1981 In
2280 1941 2400 2001 quo
2432 1921 2685 2000 primum

617 2020 862 2076 omnino
891 2019 1138 2080 docetur
1168 2036 1445 2102 quantam
1479 2022 1593 2082 sibi
1620 2007 1966 2102 potestatem
1985 2026 2198 2081 Verres
2220 2017 2609 2096 arrogaverit,
2634 2029 2688 2074 et

614 2114 918 2191 quomodo
959 2117 1156 2178 omnia
1193 2119 1529 2178 Siculorum
1560 2119 1697 2198 jura
1746 2117 2124 2197 perverterit,
2174 2135 2273 2190 ιι,
2324 2116 2415 2174 ι3.
2462 2113 2688 2175 Deinde

613 2226 944 2290 sequuntur
977 2217 1278 2295 exempla
1316 2221 1362 2276 1.
1401 2217 1677 2277 Heraclio
1712 2217 1989 2276 Hieronis
2024 2215 2148 2274 filio
2171 2217 2540 2300 Syracusano
2570 2231 2688 2271 ma-

614 2328 731 2388 gna
758 2297 1052 2370 hereditas
1073 2327 1314 2372 venerat
1343 2323 1689 2373 testamento
1720 2312 2040 2392 propinqui
2075 2311 2167 2371 sui
2208 2310 2486 2370 Heraclii.
2522 2313 2593 2369 In
2620 2329 2687 2367 eo

615 2419 965 2467 testamento
1005 2423 1132 2470 erat
1171 2412 1482 2490 scriptum,
1528 2423 1593 2469 ut
1636 2423 1855 2470 statuas
1894 2411 1954 2468 in
1991 2409 2261 2488 palaestra
2304 2407 2549 2467 deberet
2584 2425 2688 2486 po-

613 2525 780 2564 nere.
809 2507 1030 2566 Affines
1057 2506 1296 2587 quidam
1333 2507 1456 2586 ejus
1504 2521 1741 2567 monent
1764 2513 2043 2579 Verrem,
2086 2507 2211 2565 fieri
2249 2525 2443 2585 posse,
2472 2518 2545 2563 ut
2578 2523 2683 2587 pa-

611 2604 869 2663 loestritae
905 2619 1119 2684 negent
1153 2621 1370 2666 statuas
1413 2629 1484 2666 ex
1530 2620 1875 2666 testamento
1916 2626 2042 2665 esse
2083 2605 2337 2684 positaS,
2383 2615 2444 2661 et
2490 2615 2687 2681 petant

609 2701 997 2762 hereditatem
1014 2746 1031 2775 ,
1061 2704 1220 2784 quod
1249 2725 1374 2764 eam
1405 2707 1687 2785 palaestrae
1715 2705 2077 2764 commissam
2106 2723 2231 2762 esse
2258 2701 2475 2761 dicant.
2515 2697 2685 2775 Quod

611 2800 925 2860 consilium
945 2805 1157 2860 Verres
1188 2823 1370 2881 quum
1399 2802 1807 2884 approbasset,
1834 2787 1953 2860 non
1980 2801 2168 2860 solum
2200 2821 2274 2858 ex
2303 2799 2431 2878 lege
2454 2797 2683 2877 Rupilia

606 2895 838 2972 “judices
859 2899 1130 2957 Heraclio
1159 2919 1277 2957 non
1301 2899 1482 2970 dedit,
1510 2899 1611 2958 sed
1636 2901 1811 2958 etiam
1840 2919 1947 2974 per
1974 2916 2259 2957 summam
2286 2893 2563 2974 injuriam
2586 2893 2687 2952 be-

620 2989 925 3051 reditatem
953 2994 1108 3053 illam
1140 2993 1464 3072 palaestritis
1490 2993 1873 3073 adjudicavit,
1900 3013 2106 3071 magna
2134 2991 2347 3071 praedae
2372 3005 2543 3071 parte
2564 2991 2684 3068 ipse

611 3089 914 3170 potitus,
901 3111 1018 3149 ιιιιο
1041 3096 1212 3150 etiam
1231 3091 1566 3152 Heraclium
1590 3091 1793 3203 patriis
1820 3091 1991 3151 bonis
2020 3089 2296 3150 omnibus
2326 3087 2683 3156 exturbavit,

629 3196 839 3257 14-20.
869 3191 946 3248 11.
985 3189 1362 3266 Sequuntur
1346 3187 1577 3266 mjuriae
1609 3191 1670 3249 in
1700 3202 1963 3249 senatum
1996 3189 2397 3268 populumque
2430 3189 2681 3264 Syracu-

619 3306 821 3345 sanum
839 3331 855 3358 ‚
875 3307 1058 3364 quum
1089 3307 1210 3346 non
1237 3290 1424 3347 solum
1457 3289 1691 3362 unbem,
1733 3289 1882 3348 aedes
1909 3307 2100 3348 sacras
2118 3333 2135 3360 ‚
2182 3285 2521 3364 curiamque
2548 3303 2684 3364 spo-

621 3383 879 3458 liaverit,
915 3385 1015 3445 sed
1045 3385 1218 3445 etiam
1251 3387 1565 3445 Marcellea
1608 3387 1785 3460 (diem
1832 3388 2041 3446 festum
2086 3385 2368 3444 Marcello
2402 3379 2683 3458 sacrum),

617 3481 943 3554 sustulerit,
972 3496 1030 3541 et
1062 3495 1125 3540 ut
1147 3487 1368 3542 Verrea
1395 3497 1633 3562 agerent
1660 3505 1760 3544 eos
1791 3483 2076 3560 coegerit,
2108 3503 2203 3540 αι.
2228 3485 2335 3540 ῙῙῙ.
2359 3481 2683 3559 Epicratem

621 3580 890 3640 Bidinum
925 3581 1020 3641 cui
1055 3581 1347 3642 hereditas
1375 3603 1410 3642 a
1436 3582 1768 3662 propinqua
1794 3581 2037 3641 muliere
2064 3592 2332 3648 venerat,
2364 3597 2482 3636 non
2514 3576 2683 3636 modo

623 3698 692 3737 ea
719 3679 1009 3758 privavit,
1033 3679 1133 3739 sed
1163 3681 1335 3740 etiam
1362 3701 1546 3759 quum
1573 3680 1672 3739 ille
1690 3679 1981 3760 Rhegium
2008 3679 2305 3757 profectus
2328 3690 2508 3747 esset,
2528 3672 2681 3754 quasi

629 3775 938 3836 fraudandi
962 3797 1134 3837 causa
1157 3777 1509 3838 discessisset
1525 3820 1543 3851 ,
1564 3777 1834 3836 omnibus
1848 3776 2020 3836 bonis
2042 3777 2233 3847 exuit,
2264 3793 2448 3851 eaque
2472 3771 2683 3832 Bidinis

627 3871 892 3945 tradidit,
923 3895 1184 3948 magnam
1222 3896 1424 3934 eorum
1457 3888 1683 3953 partem
1714 3877 1838 3954 ipse
1867 3875 2160 3944 lucratus,
2205 3871 2411 3930 22-25.
2463 3875 2529 3930 1..
2554 3874 2679 3928 Me-

527 4017 536 4030 .
627 3969 826 4042 tellus,
864 3973 962 4048 qui
998 3973 1171 4032 Verri
1211 3975 1521 4046 successit,
1568 3973 1736 4032 simul
1782 3995 1848 4032 ac
1900 3979 2215 4050 Syracusas
2254 3969 2453 4036 venit,
2498 3967 2681 4026 statim

576 4133 584 4138 „
625 4067 859 4148 quidem
911 4069 1149 4146 injurias
1195 4071 1464 4131 Heraclio
1524 4084 1577 4130 et
1628 4071 1883 4149 Epicrati
1942 4072 2117 4130 factas
2170 4066 2437 4144 rescidit,
2494 4065 2682 4142 eisque
