2984 4684
915 382 1044 449 DE
1094 382 1568 450 JUDICIIS
1620 383 2109 450 PUBLICIS.
2438 378 2578 474 589

443 520 570 584 est,
611 526 794 590 «quo
843 502 1250 566 commodior
1299 526 1420 590 pax
1471 504 1802 568 Antiocho
1859 502 2143 583 daretur,
2196 504 2405 589 ipsum
2466 526 2575 565 sex

445 608 640 671 millia
683 608 907 696 pondo
953 611 1128 690 auri,
1169 609 1641 699 quadringenta
1683 610 2011 700 octoginta
2052 604 2298 698 argenti
2349 609 2431 671 ab
2465 608 2577 671 illo

443 737 591 802 rege
626 713 772 801 plus
817 715 1164 801 accepisse,
1195 738 1390 801 quam
1432 716 1497 777 in
1524 715 1829 803 ‘aerarium
1863 716 2247 779 retulisset».
2286 713 2575 777 Petillio-

442 843 622 900 rum,
680 819 1095 882 tribunorum
1140 820 1379 907 plebis,
1435 820 1754 909 Scipionis
1802 836 2278 906 accusatorum,
2328 820 2575 909 rogatio

441 926 582 989 talis
617 926 740 989 fuit
782 950 796 989 :
847 926 1148 1006 «Velitis,
1180 927 1460 1007 jubeatis
1510 943 1835 1015 quaeratur
1866 950 2009 1016 quae
2046 928 2321 1015 pecunia
2360 942 2576 1013 capta,

439 1031 682 1111 ablata,
728 1048 946 1096 coacta
978 1032 1060 1095 ab
1097 1055 1246 1121 rege
1283 1032 1608 1097 Antiocho
1652 1049 1808 1098 est...
1850 1035 1945 1096 uti
1978 1032 2061 1095 de
2098 1056 2173 1096 ea
2210 1056 2279 1095 re
2318 1034 2575 1095 Servius

441 1137 765 1225 Sulpicius
803 1154 1041 1226 praetor
1086 1138 1376 1203 urbanus
1415 1139 1497 1203 ad
1532 1154 1830 1203 senatum
1868 1140 2135 1219 referat,
2191 1160 2385 1225 quem
2434 1161 2575 1201 eam

440 1267 576 1307 rem
608 1244 763 1308 velit
801 1262 1064 1309 senatus
1099 1268 1384 1331 quaerere
1429 1246 1511 1309 de
1554 1247 1627 1310 iis
1650 1295 1666 1327 ,
1702 1246 1817 1333 qui
1846 1261 2151 1333 praetores
2186 1267 2363 1307 nunc
2400 1242 2573 1309 sunt.

442 1350 688 1413 Omnes
709 1350 940 1429 tribus,
966 1350 1114 1415 UTI
1134 1351 1440 1432 ROGAS,
1459 1354 1815 1432 jusserunt.
1840 1352 2015 1415 Serv.
2031 1350 2317 1439 Sulpicio
2340 1349 2575 1415 deinde

441 1457 780 1536 referente,
803 1478 994 1543 quem
1016 1505 1032 1530 ,
1067 1456 1402 1545 rogatione
1429 1455 1706 1536 Petillia,
1734 1478 2020 1543 quaerere
2044 1456 2279 1519 vellent
2295 1502 2312 1535 ,
2343 1455 2426 1536 Q.
2450 1457 2577 1519 Te—

441 1559 722 1624 rentium
758 1561 1138 1623 Culleonem
1176 1560 1394 1624 Patres
1431 1562 1788 1640 jusserunt.
1815 1592 1839 1616 2»
1886 1561 2021 1624 Liv'.
2055 1560 2165 1624 lib.
2192 1560 2575 1641 XXXVIII,

443 1689 583 1754 cap.
623 1666 706 1743 54
735 1684 800 1730 et
833 1664 938 1730 55⁴

532 1773 684 1855 Quo
715 1790 932 1837 autem
961 1794 1136 1836 anno
1160 1797 1194 1836 a
1229 1773 1503 1861 populO,
1548 1774 1661 1860 qui
1698 1772 1779 1836 de
1814 1774 1951 1852 ejus
1980 1772 2251 1836 crimine
2281 1792 2413 1835 non·
2450 1774 2575 1836 im-

443 1879 674 1942 merito
703 1880 1171 1969 cognoscebat,
1199 1878 1282 1942 ad
1311 1895 1553 1943 certam
1584 1879 2007 1967 quaestionem
2043 1879 2427 1967 pervenerit,
2452 1877 2575 1941 du·

447 1984 627 2047 bium
659 1985 930 2047 omnino
959 2002 1092 2049 est:
1118 1983 1278 2048 illud
1302 2000 1555 2047 tantum
1586 2000 1871 2065 constat,
1901 1984 2108 2047 multo
2132 1984 2259 2047 hoc
2283 2000 2577 2071 tempore

443 2108 592 2155 ante
623 2094 864 2157 Sullam
897 2094 1242 2174 exstitisse,
1267 2109 1331 2156 et
1361 2092 1472 2156 illo
1508 2109 1771 2155 mortuo
1799 2091 1991 2155 latam
2022 2091 2341 2157 Aufidiam
2376 2092 2457 2156 ‹le
2488 2115 2579 2156 re-

442 2196 642 2261 siduis
679 2199 882 2286 legem
901 2247 918 2279 ,
941 2222 1084 2288 quae
1115 2198 1196 2262 ad
1220 2199 1361 2261 illos
1392 2198 1759 2286 pertinebat
1780 2247 1798 2279 ,
1818 2199 1933 2285 qui
1963 2197 2258 2289 nondum
2289 2199 2579 2285 pecuniae

442 2303 712 2390 publicae
732 2306 1048 2367 rationem
1072 2303 1154 2366 ad
1177 2303 1471 2366 aerarium
1496 2303 1867 2367 retulerant.
1901 2305 2046 2387 Qua
2070 2305 2209 2393 lege
2234 2304 2575 2368 tenebatur

442 2410 751 2488 Faustus»,
776 2407 966 2471 Sullae
990 2409 1194 2487 filius,
1229 2409 1340 2496 qui
1373 2410 1711 2496 pecuniam
1743 2432 1869 2495 qua
1900 2426 2078 2497 pater
2104 2420 2307 2497 remp.
2344 2409 2573 2498 spolia-

442 2531 648 2595 verat,
674 2510 740 2575 in
777 2514 1078 2577 manibus
1112 2514 1392 2576 habebat
1425 2536 1501 2577 ac
1532 2514 1868 2577 retinebat.

534 2620 777 2684 Praeter
821 2620 1030 2698 iliam,
1067 2619 1243 2681 nulla
1291 2616 1372 2680 de
1422 2618 1723 2704 peculatu
1765 2618 1869 2681 lex
1914 2637 2153 2701 exstat,
2208 2621 2329 2683 nisi
2370 2622 2574 2705 Julia,

445 2750 638 2815 quam
667 2726 817 2789 tulit
848 2727 915 2788 C.
944 2724 1149 2789 Julius
1175 2726 1414 2804 Caesar3
1450 2740 1515 2786 et
1550 2744 1676 2811 qua
1711 2725 2077 2811 peculatum
2099 2774 2115 2806 ,
2141 2728 2573 2816 sacrilegium,

446 2852 510 2897 et
529 2833 818 2897 residuas
845 2831 1150 2921 pecunias
1183 2831 1559 2919 complexus
1590 2845 1721 2893 est:
1749 2833 1929 2917 quasi
1953 2834 2158 2897 tribus
2181 2834 2359 2898 hisce
2384 2838 2576 2899 rebus

447 2939 760 3003 damnum
804 2940 1156 3001 inferretur
1207 2936 1451 3000 aerario.
1513 2936 1837 3023 Equidem
1890 2939 2219 3025 peculatus
2266 2942 2578 3031 sacrilegii

447 3068 652 3133 genus
685 3065 780 3110 est
808 3068 822 3110 :
868 3045 1278 3109 residuorum
1313 3042 1557 3105 crimen
1594 3040 1757 3105 illud
1790 3059 1922 3122 est,
1962 3063 2095 3130 quo
2130 3050 2419 3131 pecuniae
2452 3072 2577 3137 pu-

446 3152 1041 3233 blicaeretinentur,
1075 3174 1220 3239 quae
1255 3149 1427 3239 apud
1460 3150 1739 3237 aliquem
1775 3172 1853 3213 ex
1876 3146 2433 3216 administratione
2470 3178 2574 3218 re·

447 3256 686 3339 sidem,
722 3260 790 3320 in
826 3257 1159 3345 publicum
1193 3279 1326 3319 non
1365 3256 1596 3319 relatoe.

535 3364 716 3427 Juliae
761 3364 916 3451 legis
958 3362 1162 3450 capita
1203 3362 1340 3425 hoec
1374 3376 1629 3425 exstant
1666 3361 1733 3424 in
1777 3361 2091 3449 Digestis,
2120 3359 2230 3422 lib.
2268 3363 2578 3447 XLVIII,

447 3469 544 3530 tit.
581 3468 692 3531 13:
719 3498 745 3523 οι
769 3468 1031 3549 Praetor,
1061 3468 1174 3557 qui
1207 3490 1284 3529 ex
1317 3466 1436 3529 hac
1461 3468 1601 3553 lege
1635 3481 1906 3553 quaeret,
1929 3464 2010 3528 de
2038 3488 2117 3527 eo
2145 3467 2436 3551 quaeritO,
2463 3471 2577 3555 qui

449 3577 513 3637 in
549 3598 817 3653 aurum,
852 3591 1223 3663 argentum,
1267 3598 1352 3638 aes
1391 3572 1759 3660 publicum,
1791 3572 1951 3661 quid
1986 3570 2321 3650 indiderit,
2360 3572 2577 3637 immi-

449 3681 722 3763 scuerit,
769 3696 884 3743 aut
931 3702 1064 3766 quo
1110 3678 1268 3765 quid
1310 3678 1591 3758 indatur,
1638 3678 2098 3760 immisceatur,
2146 3678 2371 3742 fecerit
2426 3680 2579 3745 dolo

448 3772 658 3867 malo,
691 3808 824 3873 quo
861 3784 928 3847 id
961 3784 1142 3873 pejus
1171 3784 1280 3848 fiat
1305 3806 1366 3847 u:
1392 3784 1703 3847 nimirum
1740 3785 1870 3847 sive
1904 3784 2142 3863 injecto
2176 3785 2446 3875 plumbo
2468 3804 2583 3850 aut

449 3908 713 3971 stann0,
765 3890 922 3953 <lum
975 3888 1326 3971 conflatur;
1381 3890 1515 3952 sive
1559 3910 1741 3953 erosa
1782 3891 2098 3976 pecunia;
2138 3890 2317 3977 quod
2352 3894 2580 3957 vitium

449 3999 743 4061 lacunam
779 3997 845 4059 in
882 4013 1150 4084 argento
1186 4012 1375 4060 vocat
1408 3997 1637 4059 Cicero
1665 3994 1747 4059 ad
1768 3996 2057 4059 Atticum
2077 4044 2095 4076 ,
2121 3997 2284 4076 XII,
2316 3996 2378 4061 6.
2423 4026 2430 4033 ·

545 4136 568 4159 ι
598 4104 726 4186 Qui
761 4103 1102 4191 pecuniam
1139 4103 1464 4190 publicam
1501 4102 1919 4189 surripuerit,
1952 4104 2088 4183 vel,
2124 4121 2198 4167 ut
2230 4106 2583 4193 surripere-
2658 4188 2667 4199 ι
