2984 4684
0 4558 207 4631 ..²

422 326 567 401 256
1066 327 1167 395 Μ.
1220 327 1299 394 Τ.
1354 326 1922 397 CICERONIS

420 449 691 524 insidiae
712 446 773 494 ¹3
806 471 937 546 per
966 446 1263 519 eosdem
1290 444 1632 518 homines
1663 461 2202 545 comparantur.
2236 450 2418 541 Quae
2453 450 2571 523 res

419 562 697 660 prime,
746 556 1060 653 judices,
1109 556 1454 655 pertenui
1507 555 1726 628 nobis
1775 572 2206 655 argumento
2261 558 2570 633 indicio-

418 668 568 769 que
591 675 653 725 ¹4
694 666 1053 768 patefacta
1094 681 1207 738 est
1236 694 1253 735 :
1298 680 1468 765 post
1505 681 1760 764 aperto
1795 668 2224 766 suspicionis
2263 669 2572 741 introitu

416 783 513 855 ad
540 782 787 854 omnia
814 780 1067 851 intima
1094 780 1403 879 istorum
1441 776 1744 849 consilia
1769 778 1927 849 sine
1955 777 2104 849 ullo
2135 802 2379 850 errore
2412 805 2574 878 per-

419 896 777 967 venimus.
1929 898 1942 913 '

516 1006 668 1073 VII.
691 1006 875 1074 Nam
898 1014 985 1071 ut
1002 1000 1471 1087 HortensiuS,
1503 998 1760 1070 consul
1789 998 2232 1097 designatuS‚
2267 1000 2572 1071 domum

420 1111 911 1185 reducebatur
976 1134 1018 1181 e
1077 1135 1376 1208 campo,
1432 1134 1604 1181 cum
1669 1114 1978 1183 maxima
2029 1110 2436 1209 frequentia
2491 1138 2574 1184 ac

422 1223 923 1295 multitudine¹
950 1220 1071 1293 :fit
1098 1220 1391 1293 obviam
1424 1245 1604 1291 casu·
1625 1220 1692 1292 ei
1721 1219 2169 1292 multitudini
2189 1224 2574 1311 C.Curio²;

420 1360 645 1433 quem
674 1358 813 1432 ego
830 1332 1207 1403 hominem
1226 1385 1245 1420 ‚
1270 1330 1572 1401 honoris
1602 1331 1848 1429 potius
1875 1354 2096 1427 quam
2117 1328 2576 1400 contumeliae

422 1470 673 1533 causa,
702 1444 1162 1515 nominatum
1186 1441 1379 1511 volo.
1409 1442 1698 1513 Etenim
1725 1465 1810 1511 ea
1835 1438 2070 1512 dicam
2087 1494 2107 1529 ‚
2133 1464 2297 1536 quae
2327 1438 2448 1511 ille
2464 1494 2484 1527 ‚
2510 1422 2574 1509 si

424 1553 984 1629 commemorari
1018 1551 1408 1639 noluisset,
1438 1575 1594 1621 non
1637 1564 1842 1621 tanto
1883 1550 1962 1621 in
1989 1564 2394 1635 conventu,
2431 1562 2578 1617 tam

424 1682 673 1767 aperte
706 1664 1097 1773 palamque
1133 1661 1469 1733 dixisset.
1517 1684 1680 1756 quae
1722 1674 1968 1731 tamen
2002 1684 2044 1731 a
2073 1683 2189 1729 me
2223 1658 2592 1757 pedeten-

426 1774 595 1849 tim3
632 1790 993 1871 cauteque
1022 1770 1396 1859 dicentur;
1431 1786 1517 1841 ut
1549 1787 1623 1842 et
1657 1772 1984 1842 amicitiae
2027 1785 2325 1854 nostrae,
2365 1784 2438 1839 et
2475 1767 2591 1839 di*

422 1888 713 1987 gnitatis
756 1875 950 1955 illius
999 1882 1245 1953 habita
1288 1882 1473 1953 ratio
1515 1906 1670 1954 esse
1715 1880 2178 1977 intelligatur.
2225 1880 2442 1951 Videt
2485 1876 2580 1949 ad

423 2006 663 2098 ipsum
682 1999 713 2047 ⁴
739 1994 1096 2066 fornicem
1124 1990 1574 2065 Fabianum
1556 2016 1633 2061 m
1663 1989 1880 2062 turba
1892 1993 2234 2077 Verrem3
2264 1988 2579 2088 appellat

424 2109 840 2192 hominem,
862 2117 936 2175 et
964 2104 1031 2173 ei
1055 2126 1233 2173 voce
1271 2102 1586 2171 maxima
1611 2096 2062 2197 gratulatur⁵
2079 2102 2256 2199 ;ipsi
2281 2106 2582 2171 Horten-

424 2221 568 2303 si0‚
600 2215 733 2312 qui
756 2212 1011 2284 consul
1048 2226 1203 2283 erat
1228 2209 1498 2297 factus,
1535 2213 1976 2308 propinquis
2011 2212 2580 2309 necessariisque

426 2326 583 2421 ejus
602 2320 658 2414 ⁶,
717 2323 1039 2420 quitum
1076 2320 1407 2406 aderant,
1458 2318 1768 2391 verbum
1817 2320 2104 2392 nullum
2143 2319 2353 2411 facit3
2409 2346 2577 2393 cum

424 2438 569 2508 hoc
596 2434 961 2521 consistit,
997 2432 1199 2503 hunc
1231 2430 1707 2529 amplexatur,
1729 2429 1931 2501 hunc
1953 2430 2171 2528 jubet
2210 2433 2366 2503 sine
2405 2456 2578 2504 cura

427 2570 627 2618 esse:
666 2543 1125 2631 «RenuntiO,
1179 2542 1457 2638 inquit,
1515 2539 1687 2629 tibi,
1742 2555 1812 2612 te
1855 2539 2226 2613 hodiernis
2270 2546 2580 2615 comitiis

424 2688 458 2723 <t
494 2680 647 2729 esse
692 2653 1113 2725 absolutum
1142 2682 1199 2720 n.
1255 2650 1477 2742 Quod
1516 2676 1752 2749 quum
1795 2664 1944 2722 tam
1982 2652 2192 2723 multi
2241 2653 2581 2726 homines

426 2765 919 2838 honestissimi
956 2760 1330 2833 audissent
1352 2816 1371 2849 ,
1420 2765 1666 2833 statim
1715 2760 1806 2832 ad
1856 2785 1974 2833 me
2013 2760 2341 2836 defertur
2375 2793 2392 2837 ε
2431 2769 2581 2837 imo

502 2992 581 3038 13.
602 2985 825 3036 Insidiae.
842 2987 917 3034 Dc
940 2982 1217 3033 differendo
1240 2982 1455 3047 judicio.
1547 2994 1860 3035 constructus
1877 3001 1906 3033 a
1932 2984 2083 3033 Fabio
2101 3002 2304 3034 censore
2331 2988 2418 3053 (A.
2441 2990 2505 3037 U.
2526 2990 2587 3039 C.

426 3069 555 3118 'Vide
574 3069 715 3134 plura
742 3066 806 3115 ad
836 3082 947 3129 cap.
970 3080 1023 3114 a.
1548 3068 1705 3133 645),
1757 3066 1842 3129 qui
1861 3100 1877 3125 ,
1929 3063 2136 3113 devictis
2187 3066 2546 3132 Allobrogibus
2567 3104 2584 3127 ‚

502 3157 587 3205 ¹4.
618 3148 745 3207 Alii,
775 3145 1149 3217 -judicioque».
1166 3144 1221 3191 J.
1234 3144 1302 3193 V.
1326 3146 1383 3193 1..

498 3230 612 3277 vu.
646 3244 691 3276 1.
720 3226 799 3275 Sic
824 3224 953 3290 plur.
974 3222 1123 3273 codd.
1145 3234 1194 3271 et
1214 3234 1313 3271 vet.
1340 3222 1455 3273 edd.

429 3312 629 3359 Gruter.
660 3318 825 3355 autem
852 3320 966 3351 cum
996 3302 1117 3351 Pan.
1152 3314 1203 3352 et
1218 3304 1352 3352 Vict.
1388 3320 1460 3351 «a

428 3384 744 3437 multitudine
764 3406 807 3430 ιο.

502 3484 551 3518 a.
572 3468 625 3516 6.
646 3465 807 3514 Curio.
828 3462 1109 3512 Consularis
1122 3475 1174 3511 et
1186 3462 1457 3529 triumpha·

426 3552 487 3599 lis
508 3550 603 3607 vir,
632 3556 771 3610 pater
788 3544 849 3595 C.
868 3543 1101 3593 Curionis
1122 3542 1461 3591 violentissimi

428 3629 562 3677 illius
592 3624 778 3676 tribuni
804 3622 965 3689 plebis
981 3657 996 3682 ‚
1019 3638 1166 3686 quem
1187 3623 1349 3672 Caesar
1375 3622 1461 3669 de-

430 3712 673 3758 fensorem
700 3714 837 3754 tauta
858 3703 1065 3767 pecunia
1096 3703 1304 3765 paravit.
1336 3703 1459 3751 Sue-

430 3800 537 3835 tou.
558 3788 611 3833 in
628 3787 660 3833 J
664 3783 731 3832 ul.
750 3799 859 3846 cap.
880 3797 965 3845 ²9·

504 3868 555 3913 3.
574 3862 891 3911 Pedetentim.
920 3859 1227 3909 Prudenter:
1252 3876 1314 3908 ne
1338 3860 1461 3908 odio

430 3956 515 3996 aut
534 3946 604 3991 ira
622 3940 861 4005 impulsus
884 3940 1070 3988 videar.

504 4034 552 4080 4.
588 4020 853 4069 For-uicem.
882 4020 1067 4067 Arcum
1090 4018 1455 4083 triumphalem.

430 4104 611 4157 fornix
658 4099 898 4149 Fabianus
946 4107 1049 4147 crat
1096 4102 1149 4147 in
1192 4102 1335 4149 Sacra
1382 4098 1459 4147 via

1547 3144 1897 3208 Allobrogicus
1947 3154 2021 3192 est
2069 3148 2446 3209 cognominatus
2467 3181 2482 3206 ‚
2529 3158 2585 3196 nt

1547 3225 1718 3274 videre
1761 3235 1836 3273 est
1876 3224 2012 3287 apud
2037 3226 2284 3275 Velle-ium
2307 3264 2324 3289 ,
2359 3230 2440 3287 11,
2489 3244 2584 3278 ro:

1550 3304 1746 3354 «Fabio
1771 3304 1928 3352 Paulli
1955 3306 2128 3369 nepoti
2157 3323 2222 3355 ex
2255 3308 2461 3357 victoria
2497 3324 2586 3357 co·

1549 3399 1764 3449 gnomen
1793 3382 2116 3449 Allobrogico
2143 3388 2356 3435 inditum
2371 3410 2414 3437 ιι.
2441 3388 2588 3437 Adde

1550 3467 1676 3582 glin-
1703 3466 1967 3523 XXXIII,
2004 3481 2033 3512 2
2053 3497 2070 3525 ,
2121 3467 2204 3516 50.
2233 3468 2348 3517 Val.
2380 3470 2588 3517 Maxim.

1598 3542 1655 3601 Ι,
1683 3559 1734 3607 9,

1627 3624 1674 3672 5.
1708 3624 1918 3673 Addunt
1961 3625 2104 3673 multi
2146 3625 2430 3676 νέοισι-ἰωῇ.
2465 3629 2590 3691 Quae
2681 3642 2701 3660 ·

1551 3718 1652 3751 vox
1689 3704 2000 3753 commodius
2026 3704 2164 3753 abest
2189 3721 2218 3752 a
2253 3705 2322 3771 pl.
2355 3708 2499 3755 MSS.
2534 3710 2568 3757 J
2573 3744 2587 3756 .

1551 3783 1616 3829 V.
1639 3783 2050 3831 L.——Praesertim
2079 3800 2238 3847 quum
2265 3784 2436 3849 paullo
2463 3788 2590 3835 infra

1549 3862 1616 3909 sit
1644 3862 1997 3911 «renuntio...
2043 3874 2090 3911 te
2117 3862 2400 3913 absolutum
2423 3880 2474 3929 »ς
2509 3866 2592 3915 fri-

1551 3940 1715 4004 gidius
1731 3951 1858 3989 esset
1873 3964 1920 3991 a.

1623 4021 1676 4068 6.
1701 4020 1843 4085 Ejus.
1863 4021 2150 4084 Hortensii,
2187 4038 2292 4073 nou
2319 4025 2378 4075 C.
2392 4024 2586 4086 Verris,

1551 4110 1608 4147 ut
1631 4110 1773 4164 putat
1800 4103 2010 4149 Hotom.
