2984 4684
477 375 616 475 596
1273 370 1801 442 APPENDIX

469 500 551 565 de
597 499 660 563 vi
704 498 947 587 privata
987 494 1070 559 ad
1116 494 1545 582 quaestionem
1583 490 1667 555 de
1698 489 1951 555 ambitu
1978 490 2195 555 vocari
2238 491 2485 579 potuit,
2526 508 2600 557 ut

469 610 604 697 ipse
635 607 863 669 Cicero
890 623 1014 690 pro
1041 601 1240 665 Coelio
1273 600 1464 664 nobis
1496 596 1865 685 exemplum
1898 596 2288 685 suppeditat.

555 716 730 777 Reus
761 726 1014 790 autem,
1048 706 1131 771 de
1169 706 1299 771 boc
1343 721 1599 771 tautum
1638 704 1909 767 crimine
1943 700 2117 792 apud
2148 703 2399 784 judices
2432 726 2597 769 con-

461 819 636 885 vinci
667 818 878 905 potuit
910 816 1016 880 cui
1052 811 1428 901 castigando
1463 832 1577 875 eos
1602 811 1705 875 lex
1728 827 2203 899 praeposueram
2237 832 2466 875 verum
2492 832 2598 875 ae-

463 940 790 989 cusatoroe
831 922 1026 1005 etiam
1079 919 1202 983 alia
1250 918 1523 983 crimina
1573 916 1979 981 subscribere
2022 932 2355 1005 poterant,
2406 931 2484 981 ut
2520 938 2597 981 ea

458 1028 765 1119 peculiari
799 1026 1054 1093 crimini
1084 1022 1497 1113 superaddita
1530 1046 1767 1087 novam
1798 1023 1929 1087 vim
1968 1024 2025 1087 ei
2056 1020 2373 1088 adderent
2390 1071 2409 1104 ,
2456 1047 2594 1088 ma·

454 1140 800 1223 joremque
855 1130 1052 1197 fidem
1093 1130 1424 1213 judicibus
1477 1128 1827 1194 efficerent.
1874 1130 1981 1193 Sic
2018 1130 2287 1193 Verrem
2334 1152 2469 1194 non
2514 1152 2595 1194 eo

461 1256 714 1306 tantum
751 1238 1018 1303 nomine
1049 1235 1466 1325 persequitur
1498 1234 1764 1315 Cicero,
1797 1232 1977 1321 quod
2025 1234 2303 1298 Siciliam
2347 1231 2594 1324 deprae·

465 1346 656 1411 datus
687 1360 821 1426 est,
869 1340 984 1407 sed
1019 1358 1084 1406 et
1119 1343 1404 1429 priorem
1441 1341 1801 1405 orationem
1835 1340 1903 1403 in
1952 1362 2025 1403 ea
2066 1362 2203 1403 una
2246 1364 2319 1404 re
2360 1363 2597 1405 consu-

462 1455 618 1534 mit,
664 1469 742 1515 ut
771 1448 1071 1515 ostendat
1109 1465 1272 1535 quot
1305 1470 1374 1511 se
1407 1446 1660 1536 flagitiis
1692 1470 1768 1511 ac
1800 1446 2185 1531 sceleribus,
2216 1448 2283 1510 in
2320 1449 2593 1513 Asiatica

461 1559 816 1650 legatione,
862 1558 929 1620 in
971 1571 1250 1645 proetura
1292 1554 1577 1635 urbana,
1614 1554 2208 1636 commaculaverit3
2242 1576 2321 1618 eo
2358 1577 2595 1643 nempe

459 1664 764 1745 consilio,
795 1678 869 1726 ut
903 1684 976 1726 ea
1006 1660 1206 1724 veluti
1248 1658 1649 1724 introductio
1696 1682 1771 1723 ac
1814 1660 2193 1749 praeparatio
2240 1659 2326 1725 ad
2370 1660 2595 1725 subse-

461 1788 770 1861 quentem
801 1768 1076 1832 omnino
1105 1760 1585 1831 accusationem
1618 1788 1755 1831 esse
1782 1765 2093 1831 videatur.

552 1874 1036 1957 Quaestionibus
1093 1872 1420 1961 perpetuis
1473 1873 1561 1936 ita
1620 1872 1993 1937 constitutis
2038 1872 2121 1936 ab
2180 1894 2357 1937 anno
2414 1873 2545 1950 604
2572 1922 2591 1954 ,

460 1980 886 2045 nihilominus
919 1980 1158 2043 factum
1188 1993 1286 2039 est
1311 1976 1659 2063 aliquando
1690 1994 1767 2041 ut
1788 1978 2177 2065 quaestionoe
2206 1993 2386 2041 extra
2416 1976 2597 2042 ordi·

461 2109 614 2151 nem
642 2086 836 2149 etiam
869 2082 1466 2163 senatusconsulto,
1496 2098 1610 2145 aut
1635 2082 1975 2170 plebiscito
1994 2133 2014 2166 ,
2044 2100 2121 2149 ut
2148 2100 2329 2167 ante,
2362 2106 2597 2149 consu-

461 2191 632 2255 libus
655 2238 672 2271 ,
704 2190 806 2253 vel
835 2187 971 2253 aliis
1009 2186 1484 2276 magistratibus
1504 2234 1524 2269 ,
1562 2188 1665 2253 vel
1696 2188 1889 2253 etiam
1922 2189 2185 2277 privatis
2214 2190 2594 2282 bominibus

460 2294 959 2361 mandarentur:
995 2294 1126 2357 sive
1155 2292 1304 2380 quia
1333 2290 1721 2357 maleficium
1754 2316 2003 2359 novum
2031 2298 2389 2378 esset3sive
2414 2298 2593 2386 quod

459 2419 730 2493 propter
772 2401 866 2465 rei
914 2398 1318 2465 atrocitatem
1362 2415 1543 2463 extra
1588 2398 1887 2465 ordinem
1935 2399 2019 2466 de
2063 2425 2136 2466 ea
2170 2404 2592 2491 quaerendum

457 2532 597 2575 esse
619 2506 964 2573 videretur.
993 2507 1096 2571 Sic
1117 2508 1236 2570 Cn.
1256 2506 1543 2593 Caepioni
1560 2528 1693 2570 cos.
1719 2504 1801 2571 de
1810 2508 1882 2572 L.
1895 2508 2179 2590 Tubulo,
2198 2509 2335 2597 qui,
2356 2528 2595 2597 praetor

459 2616 882 2705 quaestionem
915 2615 1084 2677 inter
1116 2612 1375 2676 sicarios
1408 2612 1677 2677 sortitus
1698 2660 1715 2689 ,
1750 2615 2089 2701 pecuniam
2123 2615 2212 2679 ob
2246 2638 2387 2681 rem
2414 2615 2593 2697 judi-

459 2721 732 2787 candam
763 2734 1054 2808 ceperat,
1085 2718 1424 2807 plebiscito
1455 2717 1713 2782 decreta
1737 2736 1853 2783 est.
1879 2720 1977 2783 De
2000 2720 2144 2784 Fin.
2175 2723 2236 2786 11
2260 2766 2279 2803 ,
2312 2746 2452 2812 cap.
2484 2722 2591 2802 54.

459 2828 567 2893 Sic
611 2827 680 2889 in
725 2846 916 2889 causa
969 2822 1229 2888 Milonis
1279 2823 1703 2909 quaestio‘nem
1758 2824 1827 2887 L.
1862 2824 2221 2907 Domitius,
2281 2828 2593 2918 suffragio

461 2931 686 3021 populi
719 2944 969 2995 creatus
985 2978 1005 3011 ,
1041 2949 1204 2991 nova
1234 2927 1374 3015 lege
1403 2927 1694 3016 Pompeii
1729 2930 2033 2995 exercuit.

549 3032 984 3118 Quaesitorum
1003 3077 1023 3111 ,
1075 3029 1208 3093 sive
1241 3026 1582 3108 ordinarii,
1637 3030 1770 3092 sive
1802 3028 2291 3095 extraordinarii
2330 3050 2550 3098 essent
2569 3082 2589 3115 ,

461 3150 747 3223 potestas
779 3154 857 3195 ex
885 3152 957 3195 ea
995 3131 1134 3219 lege
1155 3177 1174 3210 ,
1223 3151 1352 3216 qua
1387 3129 1582 3193 creati
1618 3146 1833 3211 erant,
1880 3146 2015 3195 tota
2048 3134 2365 3215 manavit3
2424 3151 2489 3199 et
2521 3136 2589 3199 in

459 3240 562 3304 his
595 3254 729 3301 tota
757 3235 1064 3300 collocata
1101 3234 1261 3317 fuit,
1307 3250 1380 3297 ut
1409 3234 1476 3297 in
1512 3234 1659 3299 foro
1686 3252 1882 3323 atque
1921 3238 1989 3302 in
2023 3238 2374 3321 tribunali,
2412 3256 2477 3305 et
2520 3242 2587 3305 in

461 3346 612 3411 sella
662 3342 872 3405 curuli
917 3339 1250 3421 sedentes,
1309 3338 1530 3418 judice
1575 3342 1951 3428 quaestionis
2004 3344 2221 3433 aliquo
2281 3368 2547 3435 operam
2568 3396 2587 3427 ,

457 3450 786 3536 fidemque
829 3464 1130 3528 navante,
1163 3443 1413 3535 gladio,
1460 3463 1536 3510 ut
1564 3445 1689 3511 alio
1722 3447 1871 3512 loco
1906 3448 2077 3531 dixi,
2126 3452 2377 3541 posito,
2416 3452 2591 3533 judi-

457 3558 632 3623 cium
669 3570 1042 3620 exercerent
1085 3576 1236 3617 eum
1274 3553 1351 3616 iis
1381 3552 1709 3634 judicibus
1762 3556 1873 3641 qui
1910 3572 2085 3621 sorte
2118 3555 2431 3646 designati
2464 3558 2589 3623 ob·

456 3664 816 3741 venissent,
853 3657 1228 3722 sedentibus
1284 3658 1352 3721 in
1400 3659 1535 3722 suis
1588 3660 1940 3743 subselliis3
1980 3662 2205 3741 scribis
2239 3685 2393 3727 vero
2412 3712 2431 3744 ,
2480 3688 2591 3727 ac-

457 3767 696 3846 censiS,
743 3764 1152 3852 praeconibus
1173 3812 1192 3839 ,
1236 3762 1569 3829 lictoribus
1586 3813 1604 3846 ,
1650 3764 1920 3853 aliisque
1967 3770 2437 3855 apparitoribus
2492 3794 2591 3835 as-

457 3870 870 3951 sistentibus3
929 3892 1002 3933 ac
1055 3884 1271 3933 totum
1321 3869 1640 3950 judicium
1690 3871 2033 3961 prudentia
2098 3896 2209 3939 sua
2268 3892 2587 3964 regerent.

454 3978 620 4055 Nam
645 3974 1070 4039 «accusatoris
1105 3972 1394 4039 officium
1424 3992 1554 4056 est,
1592 3975 1831 4041 inferre
1860 3978 2165 4063 crimina3
2194 3978 2587 4065 defensoriS,

457 4085 733 4163 diluere;
797 4080 1010 4159 testis,
1101 4079 1314 4144 dicere
1377 4104 1521 4169 quae
1590 4082 1832 4165 scierit3
1898 4088 2287 4172 quaesitoris,
2342 4090 2587 4151 unum‘·
2624 4120 2628 4124 -
