2984 4684
782 361 1171 431 ORATIO
1216 362 1425 431 PRO
1473 363 1566 450 Q.
1611 360 2018 431 ROSCIO.
2335 360 2472 435 153

338 489 563 558 simus
610 485 707 555 sit
758 484 962 555 curia
998 498 1302 582 propter
1342 481 1874 553 abstinentiam.
1929 478 2068 553 Sed
2111 480 2296 579 quid
2331 508 2472 581 ego

343 599 635 694 ineptus
658 592 749 666 de
770 596 1033 667 Roscio
1064 594 1622 693 apudPisonem
1649 591 1863 663 dico?
1888 595 2222 691 ignotum
2253 592 2478 665 homi-

343 730 511 777 nem
546 704 821 777 scilicet
862 703 1199 804 pluribus
1232 703 1473 776 verbis
1519 701 1977 785 com-menda
2020 706 2242 775 Estne
2278 707 2478 801 quis-

339 840 561 913 quam
605 819 939 886 omnium
988 815 1401 887 mortalium
1418 870 1438 903 ,
1484 813 1574 886 de
1611 837 1764 910 quo
1809 814 2067 885 melius
2113 818 2476 887 existimes

341 926 464 999 tu?
496 940 699 997 estne
726 930 1135 1024 quisquam,
1160 928 1288 1024 qui
1318 926 1449 997 tibi
1471 928 1751 1024 purior,
1781 923 2198 1022 pudentior,
2221 924 2476 997 huma-

342 1038 531 1125 nior,
556 1033 973 1126 officiosior,
999 1034 1512 1135 liberaliorque
1551 1033 1922 1107 videatur?
1946 1034 2183 1126 Quid?
2212 1051 2294 1107 tu
2310 1091 2329 1125 ‚
2356 1042 2478 1108 Sa-

341 1148 520 1234 turi,
550 1148 681 1244 qui
702 1158 956 1217 contra
980 1144 1183 1218 hunc
1202 1151 1407 1219 venis
1426 1158 1482 1191 ¹¹
1503 1200 1524 1237 ,
1556 1149 1916 1218 existimas
1945 1145 2195 1218 aliter?
2225 1171 2474 1219 nonne

344 1258 947 1355 quotiescumque
998 1259 1075 1329 in
1124 1281 1337 1329 causa
1386 1260 1465 1327 in
1521 1280 1789 1361 nomen
1840 1255 2082 1352 hujus·
2109 1254 2424 1327 incidisti
2453 1312 2474 1343 ,

344 1370 555 1438 toties
590 1365 791 1439 hunc
830 1382 905 1438 et
936 1371 1175 1447 ‚virum
1206 1368 1491 1439 bonum
1534 1392 1688 1439 esse
1721 1365 1964 1438 dixisti
1984 1422 2004 1455 ,
2057 1383 2132 1439 et
2173 1366 2474 1439 honoris

344 1500 557 1549 causa
574 1476 991 1575 appellasti?
1021 1476 1225 1574 quod
1248 1502 1467 1549 nemo
1497 1480 1636 1548 nisi
1667 1492 1796 1548 aut
1814 1477 2324 1549 honestissimo
2347 1492 2476 1551 aut

342 1587 771 1659 amicissimo
802 1584 1037 1659 facere
1068 1590 1463 1660 consuevit.
1522 1589 1686 1677 Qua
1719 1590 1796 1658 in
1843 1612 1920 1661 re
1958 1580 2138 1660 m‘ihi
2171 1588 2474 1661 ridicule

344 1720 419 1769 es
461 1698 659 1767 visus
704 1720 857 1767 esse
900 1700 1364 1786 inconstans,
1413 1700 1544 1795 qui
1577 1698 1920 1769 eumdem
1949 1712 2024 1769 et
2047 1696 2377 1789 laederes,
2403 1714 2479 1771 et

340 1803 693 1895 laudares,
720 1819 795 1877 et
826 1808 1065 1877 virum
1096 1810 1457 1906 optimum
1476 1861 1496 1896 ,
1527 1810 1605 1878 et
1632 1807 2004 1879 hominem
2029 1810 2479 1908 improbissi-

343 1938 545 1985 mum
586 1938 743 1989 esse
774 1914 1080 2005 diceres;
1132 1915 1473 1988 eumdem
1505 1932 1587 1988 tu
1625 1932 1700 1991 et
1734 1917 2035 1991 honoris
2087 1944 2300 1991 causa
2347 1946 2478 2019 ap-

340 2023 692 2122 pellabaS,
726 2039 804 2097 et
824 2028 1065 2097 virum
1090 2029 1520 2125 primarium
1553 2052 1706 2100 esse
1740 2026 2063 2117 dicebas»,
2095 2024 2168 2101 et
2193 2033 2474 2101 socium

340 2132 706 2207 fraudasse
728 2134 1105 2233 arguebas.
1128 2136 1292 2226 Sed,
1316 2150 1401 2208 ut
1425 2140 1714 2235 opinor,
1738 2137 2030 2210 laudem
2053 2143 2335 2212 veritati
2364 2145 2478 2212 tri·

338 2243 641 2335 buebaS,
667 2249 943 2318 crimen
975 2250 1215 2343 gratiae
1246 2246 1696 2319 concedebas
1726 2274 1743 2317 z
1779 2248 1870 2321 de
1896 2248 2075 2338 hoc,
2113 2262 2203 2320 ut
2228 2252 2471 2321 existi-

342 2356 587 2428 mabas
604 2410 624 2445 ,
650 2355 1124 2455 praedicabas3
1156 2356 1469 2430 Chaereae
1494 2358 1852 2430 arbitratu
1879 2382 2166 2431 causam
2193 2359 2471 2457 agebas,

436 2472 593 2539 VII.
622 2466 1005 2539 Fraudavit
1027 2472 1351 2539 Roscius.
1376 2472 1504 2539 Est
1520 2468 1662 2539 hoc
1683 2467 1983 2566 quidem
2005 2468 2306 2540 auribus
2327 2474 2478 2540 ani-

338 2580 623 2675 misque
639 2577 1023 2649 hominum
1040 2577 1464 2651 absurdum.
1490 2578 1734 2670 Quid?
1753 2582 1814 2650 si
1842 2578 2136 2651 tandem
2157 2580 2476 2676 aliquem

340 2686 639 2761 divitem
658 2700 679 2732 ¹
722 2688 1097 2777 timidum,
1130 2688 1578 2778 dementem,
1615 2692 1924 2761 inertem
1967 2704 2220 2761 nactus
2255 2705 2476 2778 esset,

339 2801 469 2895 qui
495 2802 808 2897 experiri
840 2823 993 2870 non
1020 2800 1309 2899 posset?
1358 2813 1608 2887 tamen
1635 2796 2058 2871 incredibile
2095 2811 2302 2870 esset.
2333 2802 2476 2868 Ve-

340 2924 749 2981 rumtamen
777 2963 797 2999 ,
856 2934 1078 3007 quem
1117 2908 1503 2998 fraudarit,
1555 2908 1950 2981 videamus,
1995 2913 2072 2981 C.
2121 2909 2475 2981 Fannium

342 3018 709 3090 Chaeream
733 3022 1077 3090 Roscius²
1113 3018 1491 3099 fraudavit.
1525 3024 1674 3091 Oro
1693 3076 1712 3110 ,
1739 3034 1958 3117 atque
1991 3020 2296 3092 obsecro
2323 3020 2478 3105 vos,

341 3133 471 3225 qui
498 3126 797 3216 nostis³‚
820 3132 1043 3201 vitam
1064 3133 1257 3201 inter
1279 3154 1358 3201 se
1382 3133 1768 3227 utriusque
1791 3126 2152 3217 conferte3
2178 3130 2308 3226 qui
2326 3151 2476 3197 non

342 3243 571 3311 nostis
593 3293 614 3329 ‚
664 3237 921 3311 faciem
974 3243 1358 3339 utriusque
1409 3238 1856 3313 considerate
1885 3266 1901 3310 ε
1944 3263 2188 3310 nonne
2237 3242 2478 3336 ipsum

414 3476 439 3508 1
452 3474 499 3509 1.
544 3459 703 3509 Venis.
741 3460 961 3513 Sub-nd.
992 3462 1047 3511 in
1083 3460 1355 3524 iudicium:
1447 3460 1526 3513 hi·
1549 3464 1604 3511 in
1639 3461 1943 3513 nominibus.
1989 3461 2070 3509 Sic
2091 3460 2156 3507 ab
2172 3453 2326 3506 Vario
2349 3474 2478 3521 quo·

342 3541 433 3605 qui
456 3541 591 3589 hunc
618 3556 835 3595 nocuus.
860 3540 977 3591 Vid.
996 3542 1061 3591 ad
1076 3546 1186 3591 Ait.
1206 3544 1249 3601 1.
1280 3556 1327 3589 ι.
1450 3543 1564 3591 dam
1589 3553 1840 3591 aecusatus
1856 3542 1930 3589 M.
1959 3542 2166 3589 Scaurus
2188 3538 2469 3603 responditt

410 3622 525 3669 vn.
566 3637 615 3670 1.
656 3620 879 3670 Divitem.
921 3624 1099 3671 Sensus
1140 3632 1215 3671 est
1244 3636 1259 3671 ε
1309 3620 1363 3669 Si
1449 3624 1514 3685 Q.
1550 3622 1728 3670 Varius
1778 3620 2026 3683 Hispanus
2083 3618 2157 3666 M.
2211 3620 2446 3666 Scaurum
2461 3652 2478 3676 ,

340 3698 548 3748 Roscius
572 3700 827 3749 incidisset
854 3700 911 3749 in
930 3700 1133 3750 divitem
1152 3700 1365 3764 aliquem
1448 3700 1724 3766 principem
1747 3708 1940 3747 temtus
1954 3730 1971 3754 ‚
1995 3697 2158 3745 socios
2183 3698 2236 3744 in
2253 3712 2384 3745 arma
2409 3698 2479 3745 ait

340 3778 427 3841 qui
460 3778 539 3827 vel
566 3790 775 3847 propter
808 3780 1119 3829 timiditatem
1144 3796 1253 3829 non
1275 3796 1363 3829 au·
1452 3779 1738 3829 concitas-e.
1773 3779 1846 3825 M.
1881 3780 2092 3825 Scaurus
2125 3774 2358 3841 princeps
2399 3793 2478 3825 se-

344 3856 501 3921 dmt,
528 3860 611 3909 vel
648 3859 715 3908 ob
746 3859 1039 3909 amentiam
1074 3861 1257 3923 nollet,
1284 3860 1367 3911 vel
1451 3870 1596 3907 natus
1613 3868 1788 3922 negat:
1814 3856 1948 3904 testis
1965 3871 2110 3905 nemo
2131 3866 2220 3905 eut.
2238 3856 2352 3905 Utri
2367 3873 2478 3917 vos,

342 3948 543 4002 propter
574 3938 799 3989 inertiam
831 3954 939 3987 uon
972 3950 1139 4005 ponet
1159 3940 1361 4005 litigare.
1452 3938 1698 4001 Quirites,
1723 3936 1956 3985 convenit
1982 3936 2215 3985 credere?

346 4038 411 4059 -.-
436 4018 603 4067 Ursin.
624 4017 741 4067 cod„
758 4019 1059 4067 clementem.
1529 4018 1577 4065 3.
1589 4020 1710 4066 Hot.
1729 4016 1962 4081 placeret,
1973 4016 2016 4065 si
2033 4015 2224 4080 plenius
2235 4015 2475 4079 scriptum

418 4112 464 4147 2.
490 4098 741 4153 Chartam
758 4098 977 4149 Roscius.
1000 4100 1179 4163 Magna
1196 4100 1271 4149 vis
1294 4111 1370 4150 est
1456 4097 1736 4163 auen-qni
1761 4107 2026 4161 utrumqne
2043 4097 2246 4145 nostin.
2264 4096 2299 4142 J
2302 4095 2390 4142 .V.
2416 4093 2477 4141 1..
