2984 4684
881 395 1262 464 ORATIO
1309 395 1514 464 PRO
1563 394 1631 462 S.
1682 391 2097 462 ROSCIO.
2417 411 2541 460 101

417 516 689 614 potiuS,
714 539 804 587 ex
829 515 1102 614 quibus
1127 540 1416 615 possem
1441 537 1763 587 crescere
1784 521 1803 558 ¹
1837 540 1853 583 ε
1893 509 2097 611 quod
2132 527 2411 584 certum
2440 527 2551 582 est

418 647 571 694 non
596 621 853 714 facere,
875 624 1053 696 dum
1075 628 1432 696 utrumvis
1451 623 1721 697 licebit.
1745 627 1815 694 Is
1836 626 2037 694 enim
2058 621 2237 694 mihi
2259 620 2549 692 videtur

412 734 938 832 amplissimus,
972 739 1104 833 qui
1141 760 1272 834 sua
1310 739 1581 806 virtute
1620 737 1698 804 in
1734 727 2063 805 altiorem
2107 733 2353 806 locum
2386 755 2551 830 per-

415 846 657 933 venit3
689 868 842 915 non
864 898 884 934 ‚
923 848 1053 943 qui
1082 843 1460 918 adscendit
1490 868 1625 945 per
1660 844 1953 917 alterius
1994 841 2545 917 incommodum

415 968 496 1026 et
533 956 1034 1029 calamitatem.

513 1069 948 1139 Desinamus
975 1065 1370 1164 aliquando
1399 1091 1484 1139 ea
1515 1069 1816 1140 scrutari
1834 1121 1853 1158 ,
1884 1091 2047 1164 quae
2075 1079 2249 1137 sunt
2270 1067 2551 1140 inania:

415 1197 858 1270 quaeramus,
895 1175 1025 1248 ubi
1059 1173 1492 1249 maleficium
1534 1189 1609 1249 et
1641 1192 1787 1266 est,
1828 1191 1903 1248 et
1934 1177 2244 1248 inveniri
2287 1189 2547 1274 potest.

412 1289 572 1356 Iam
615 1287 1007 1384 intelligeS‚
1060 1289 1316 1375 Eruci,
1353 1300 1636 1358 certum
1654 1297 1684 1329 ²
1730 1288 2004 1357 crimen
2037 1307 2259 1382 quam
2306 1283 2555 1354 multis

415 1395 960 1492 suspicionibus
977 1411 1441 1493 coarguatur:
1462 1399 1745 1468 tametsi
1764 1419 2007 1494 neque
2028 1397 2273 1467 omnia
2290 1393 2551 1482 dicam,

414 1519 492 1579 et
513 1506 770 1578 leviter
795 1505 1376 1606 unumquodque
1399 1522 1711 1606 tangam.
1739 1510 1995 1606 Neque
2026 1509 2222 1578 enim
2253 1502 2332 1576 id
2366 1501 2551 1575 face-

415 1639 573 1686 rem
593 1669 616 1704 ,
665 1618 803 1688 nisi
837 1641 1128 1690 neccsse
1165 1632 1391 1706 esset;
1427 1631 1503 1688 et
1540 1615 1618 1688 id
1658 1621 1797 1689 erit
1824 1620 2050 1714 signi,
2080 1641 2197 1688 me
2236 1619 2548 1687 invitum

414 1720 676 1812 facere,
701 1725 906 1823 quod
925 1750 1073 1798 non
1103 1750 1503 1824 prosequar
1531 1726 1843 1824 longiuS,
1875 1751 2096 1824 quam
2116 1727 2307 1798 salus
2327 1725 2455 1822 huj
2464 1749 2549 1796 us

417 1849 494 1906 et
521 1859 686 1907 mea
721 1834 902 1908 fides
938 1835 1355 1935 postulabit.

513 1949 820 2018 Causam
851 1962 931 2019 tu
956 1947 1229 2020 nullam
1257 1944 1667 2045 reperiebas
1700 1949 1775 2017 in
1798 1950 1959 2020 Sex.
1980 1948 2266 2019 Roscio,
2293 1950 2387 2018 At
2410 1969 2547 2042 ego

413 2055 492 2124 in
508 2059 589 2126 T.
607 2059 868 2127 Roscio
893 2059 1215 2155 reperio:
1237 2071 1480 2128 tecum
1500 2059 1695 2128 enim
1712 2056 1890 2127 mihi
1914 2080 2027 2128 res
2055 2070 2185 2143 est,
2209 2059 2288 2126 T.
2309 2055 2549 2141 Rosci,

413 2167 770 2262 quoniam
797 2169 956 2237 istic
983 2165 1212 2256 sedeS,
1227 2189 1312 2238 ac
1340 2182 1411 2238 te
1439 2167 1676 2267 palam
1694 2165 2181 2239 adversarium
2200 2187 2355 2236 esse
2382 2187 2551 2261 pro-

411 2271 664 2348 fiteris,
707 2281 814 2348 De
845 2275 1238 2375 Capitone³
1268 2291 1439 2377 post
1479 2277 1873 2349 viderimus
1894 2331 1913 2366 ,
1941 2280 2038 2366 si,
2070 2273 2549 2375 quemadmo-

413 2381 600 2456 dum
646 2399 978 2486 paratum
1014 2411 1168 2458 esse
1209 2387 1468 2476 audin,
1526 2390 1727 2458 testis
1756 2385 2112 2485 prodierit
2142 2416 2158 2456 :
2192 2401 2351 2458 tum
2381 2385 2553 2456 alias

414 2518 721 2594 quoque
745 2521 908 2570 suas
947 2499 1218 2596 palmas
1234 2501 1266 2551 4
1295 2510 1709 2596 cognoscet,
1734 2495 1827 2569 de
1848 2495 2119 2594 quibus
2146 2519 2265 2568 me
2290 2518 2386 2566 ne
2414 2518 2546 2566 au-

416 2601 608 2676 disse
638 2605 936 2703 quidem
967 2611 1394 2706 suspicatur.

511 2717 594 2786 L.
605 2719 888 2788 Cassius
905 2713 936 2760 ⁵
957 2717 1075 2789 ille
1093 2772 1113 2807 ‚
1135 2742 1358 2816 quem
1378 2718 1699 2816 populus
1724 2739 2068 2790 romanus
2092 2718 2547 2787 verissimum

414 2835 492 2894 et
515 2825 1120 2921 sapientissimum
1143 2823 1468 2923 judicem
1500 2825 1829 2925 putabat,
1858 2822 2260 2898 identidem
2282 2828 2357 2894 in
2384 2847 2549 2895 cau-

416 2933 514 3005 sis
531 2955 852 3028 quaerere
875 2935 1174 3026 solebat,
1197 2940 1315 3008 cui
1336 2934 1542 3008 bono
1564 2935 1834 3009 fuisset.
1858 2939 1973 3008 Sic
1994 2939 2139 3008 vita
2160 2934 2546 3007 hominum

415 3056 562 3132 est,
593 3057 680 3113 ut
712 3042 806 3114 ad
837 3044 1268 3120 maleficium
1312 3071 1533 3120 nemo
1574 3061 1883 3119 conetur
1916 3049 2073 3120 sine
2117 3043 2299 3146 spe⁶
2328 3060 2549 3142 atque

487 3259 665 3308 ΧΠ.
697 3275 744 3309 ι.
770 3261 1004 3315 Crescere.
1031 3265 1254 3328 Quorum
1274 3281 1336 3314 ex
1359 3265 1441 3314 de·
1524 3281 1635 3332 sup.
1660 3281 1769 3330 cap.
1792 3265 1827 3315 ⁶
1840 3301 1855 3327 ‚
1896 3285 1920 3309 ι
1940 3265 2260 3330 plurimarum
2284 3263 2552 3328 palmarum

417 3337 655 3388 armento
691 3339 867 3398 ditior,
903 3344 1170 3406 potentior,
1192 3355 1278 3392 aut
1307 3356 1440 3394 certe
1526 3344 1768 3410 gladiator
1786 3367 1833 3395 υ.
1878 3345 2057 3394 Palma
2106 3341 2453 3409 gladiatoribus
2492 3341 2549 3389 in

417 3416 604 3468 clarior
621 3417 764 3466 reddi
789 3435 1004 3484 possem.
1524 3424 1743 3474 victorie
1762 3425 1957 3490 signum
1976 3422 2082 3472 dari
2105 3421 2344 3470 solebant.

495 3509 545 3547 a.
583 3497 808 3546 lambin-
845 3498 968 3547 male
1015 3500 1147 3560 conj.
1186 3498 1437 3550 incorum.
1601 3507 1652 3553 5.
1674 3507 1728 3554 L.
1752 3503 1968 3562 Cassius,
2000 3499 2173 3550 consul
2189 3497 2551 3560 A.U.c.646,

415 3574 533 3625 Niai
557 3576 684 3624 lom
712 3578 952 3625 contraria
975 3577 1176 3626 velimus
1207 3578 1442 3629 inducero

417 3655 482 3705 iis
495 3689 511 3714 ‚
538 3671 650 3720 quae
669 3667 843 3706 tractat
856 3667 1040 3706 auctor.

494 3735 546 3782 3.
569 3735 642 3782 De
665 3734 920 3800 Capitone.
947 3734 1316 3785 Observandum
1343 3748 1442 3796 est,

417 3813 476 3861 in
513 3812 714 3873 iudiciis
747 3813 984 3879 publicis,
1016 3825 1203 3864 tantum
1241 3815 1442 3881 prodire

419 3899 594 3952 natas,
616 3907 768 3957 quum
803 3905 1054 3942 accusator
1079 3905 1128 3943 et
1157 3911 1266 3943 reus
1289 3911 1439 3960 pero·

419 3981 620 4022 raa-am.
637 3974 699 4020 In
715 3973 1092 4039 repetundarum
1112 3973 1272 4022 musis
1303 3975 1442 4023 aliter

421 4061 544 4100 erat.
556 4051 686 4100 Vide
701 4055 844 4102 verr.
863 4055 888 4101 1
901 4087 917 4112 ‚
941 4069 1048 4116 cap.
1069 4053 1160 4102 ult.

499 4139 552 4190 4.
579 4131 794 4182 Palmas.
825 4133 1120 4184 Successus:
1147 4131 1348 4182 ironice.
1363 4133 1444 4182 Sic

1528 3583 1605 3631 vir
1625 3597 1823 3631 smnmae
1846 3581 2115 3630 severitatis
2128 3616 2145 3642 ,
2176 3579 2317 3640 cujus
2334 3577 2549 3626 uibunal

1527 3662 1751 3724 scopulus
1776 3675 1969 3708 reorum
1994 3657 2264 3706 dicebatur.
2280 3657 2387 3706 Val.
2412 3657 2551 3707 Max.

1527 3741 1622 3798 111,
1645 3755 1671 3801 7
1689 3773 1704 3797 ,
1732 3757 1781 3803 9.
1806 3740 1865 3788 Τ.
1892 3738 2001 3787 Liv.
2020 3738 2153 3802 Epit.
2169 3737 2329 3788 va.
2350 3737 2548 3786 Sallust.

1527 3819 1642 3882 Jug.
1658 3819 1724 3865 32
1735 3853 1748 3866 .
1763 3817 1893 3866 Vide
1910 3815 2026 3869 Ind.
2046 3817 2175 3866 nist.

1599 3897 1653 3945 6.
1698 3895 1811 3943 Sine
1865 3911 1951 3960 spe
2009 3906 2161 3959 atque
2212 3897 2545 3946 emolumento.

1530 3975 1719 4037 Nempe
1740 3973 2077 4040 pervulgatum
2100 3985 2175 4023 eat
2195 3991 2211 4026 τ
2244 3991 2419 4023 enemo
2446 3989 2551 4038 gra-

1530 4053 1593 4103 tis
1617 4063 1691 4101 est
1712 4053 1967 4119 improbus
1987 4075 2034 4103 u.
2059 4055 2205 4105 Conf.
2230 4055 2396 4120 Lysias
2420 4051 2547 4124 λόγῳ

1533 4130 1715 4200 ἀριιοπ.
1745 4139 1827 4185 τοῦ
1864 4130 2024 4187 onnon.
