2984 4684
450 333 593 406 320
1101 321 1199 390 M.
1251 321 1329 388 T.
1384 319 1945 390 CICERONIS

447 454 752 529 artificio
781 449 966 520 suo‘*
1007 463 1384 540 superasse
1421 438 1776 513 videatur.
1835 445 2077 538 Pergae
2096 435 2129 484 ⁵
2168 439 2421 515 fanum
2460 469 2593 516 an-

454 565 940 663 tiquissimum
983 567 1055 626 et
1099 551 1631 624 sanctissimum
1676 551 1921 622 Dianae
1958 551 2225 622 scimus
2263 577 2418 625 esse
2458 582 2476 624 ε
2519 553 2597 626 id

453 697 754 775 quoque
773 696 816 742 a
837 684 908 740 te
937 663 1296 738 nudatum
1323 686 1407 734 ac
1433 662 1821 760 spoliatum
1838 685 2033 746 esse;
2056 686 2147 732 ex
2164 663 2319 760 ipsa
2341 666 2598 752 Diana,

455 783 660 886 quod
684 778 1001 855 habebat
1011 775 1168 846 auri
1185 826 1205 858 ,
1231 772 1639 844 detractum
1654 787 1875 868 atque
1890 770 2209 843 ablatum
2233 797 2387 846 esse
2407 774 2595 848 dico.

458 899 638 988 Quae
659 950 680 984 ,
715 891 1027 974 malum,
1069 898 1180 956 est
1219 885 1356 954 ista
1401 895 1602 956 tanta
1638 881 1939 952 audacia
1982 897 2203 980 atque
2240 886 2602 956 amentia?

458 1031 640 1107 quas
676 1003 870 1078 enim
913 997 1280 1072 sociorum
1323 1008 1541 1090 atque
1570 993 1971 1064 amicorum
2004 991 2229 1065 urbes
2264 994 2473 1066 adisti
2505 996 2603 1066 le-

463 1119 770 1219 gationis
824 1113 989 1208 jure
1035 1122 1109 1179 et
1150 1107 1485 1194 nomine3
1546 1104 1608 1174 si
1648 1104 1729 1173 in
1783 1127 1903 1174 eas
1948 1103 2023 1175 vi
2070 1127 2235 1176 cum
2283 1107 2605 1178 exercitu

463 1217 964 1328 imperioque⁶
1023 1219 1433 1304 invasisseS,
1487 1228 1767 1302 tamen,
1830 1214 2131 1311 opinor,
2186 1239 2351 1312 quae
2409 1218 2609 1314 signa

464 1355 685 1436 atque
722 1342 1148 1405 ornamenta
1177 1350 1265 1399 ex
1291 1326 1405 1398 his
1433 1321 1745 1396 urbibus
1782 1323 2221 1412 sustulisses,
2266 1326 2419 1399 haec
2454 1352 2605 1398 non

467 1451 546 1520 in
578 1463 780 1518 tuam
809 1442 1149 1532 domum,
1185 1460 1428 1535 neque
1465 1436 1544 1506 in
1572 1432 1993 1506 suburbana
2016 1437 2447 1527 amicorum,
2482 1437 2612 1512 sed

475 1565 780 1631 Romam
824 1555 903 1622 in
933 1548 1314 1649 publicum
1354 1544 1829 1643 deportasses.

568 1668 760 1740 XXI.
803 1659 1002 1755 Quid
1029 1683 1163 1757 ego
1201 1656 1292 1727 de
1333 1659 1430 1726 M.
1461 1652 1805 1726 Marcello
1833 1653 2117 1752 loquar,
2156 1656 2286 1753 qui
2318 1659 2616 1752 Syracu-

474 1807 622 1863 saS,
664 1774 926 1848 urbem
963 1769 1491 1842 ornatissimam
1521 1765 1756 1863 cepit?
1797 1763 1981 1863 quid
2007 1764 2100 1836 de
2131 1770 2211 1837 L.
2238 1769 2573 1864 Scipione
2593 1819 2615 1854 ,

476 1892 608 1988 qui
657 1885 934 1958 bellum
993 1885 1068 1950 in
1131 1879 1294 1950 Asia
1347 1879 1606 1974 gessit,
1669 1875 2303 1974 Antiochumque,
2372 1901 2619 1976 regem

481 1997 1105 2100 potentissimum,
1141 1987 1356 2060 vicit?
1392 1986 1573 2084 quid
1606 1987 1698 2059 de
1732 1986 2176 2075 FlamininO,
2212 1993 2342 2086 qui
2376 2012 2623 2085 regem

480 2108 900 2205 Philippum
932 2117 1006 2174 et
1039 2098 1543 2172 Macedoniam
1570 2097 1899 2197 subegit?
1926 2098 2107 2197 quid
2125 2099 2216 2171 de
2238 2104 2318 2171 L.
2344 2099 2628 2184 Paullo,

484 2223 615 2318 qui
667 2225 914 2313 regem
969 2218 1234 2284 Persen
1281 2213 1354 2279 vi
1403 2233 1488 2280 ac
1532 2213 1800 2281 virtute
1849 2213 2262 2307 superavit?
2310 2209 2491 2310 quid
2534 2209 2629 2283 de

485 2334 563 2426 L.
599 2325 956 2398 Mummio
981 2333 1034 2408 ¹,
1081 2321 1212 2418 qui
1249 2318 1509 2392 urbem
1547 2315 2107 2417 pulcherrimam
2146 2335 2369 2419 atque
2408 2345 2629 2394 orna-

485 2439 832 2512 tissimam
851 2487 871 2522 ,
913 2431 1350 2504 Corinthum
1369 2485 1389 2518 ,
1433 2429 1925 2528 plenissimam
1970 2453 2219 2501 rerum
2267 2431 2633 2518 omnium,

489 2546 814 2634 sustulit,
856 2541 1224 2639 urbesque
1259 2540 1549 2634 Achaiae
1576 2540 2014 2636 Boeotiaeque
2040 2541 2309 2614 multas
2332 2541 2469 2614 sub
2494 2544 2639 2612 im·

490 2661 778 2760 perium
821 2653 1080 2754 populi
1115 2655 1399 2724 romani
1438 2650 1943 2748 ditionemque
1976 2650 2409 2747 subjunxit?
2445 2678 2635 2750 quo-

490 2793 656 2841 rum
689 2765 984 2852 domus,
1023 2787 1253 2860 quum
1290 2761 1574 2834 honore
1607 2775 1682 2834 et
1714 2761 1983 2834 virtute
2017 2760 2385 2853 florerent,
2412 2766 2639 2864 signis

493 3039 571 3070 res
596 3029 749 3069 erant.
768 3017 920 3084 Apud
937 3018 1136 3067 Latinos
1157 3027 1320 3066 autem
1340 3015 1527 3066 fluxere
1614 3015 1936 3080 conspicitur.
1964 3017 2113 3067 Cous.
2150 3020 2322 3083 Pomp.
2352 3017 2475 3066 Mel.
2494 3019 2642 3069 ΧΠ.

493 3101 700 3166 figurata
737 3098 884 3147 verba
901 3133 915 3158 ,
949 3091 1079 3146 iritus
1109 3113 1289 3145 canere
1323 3112 1432 3161 quoe
1461 3095 1525 3144 de
1612 3095 1795 3161 Spanh.
1821 3093 1886 3144 ad
1911 3095 2101 3146 Callim-
2126 3097 2301 3163 hymn.
2324 3098 2378 3146 in
2404 3098 2643 3156 Dianam,

491 3182 694 3230 homine
719 3194 855 3226 sunm
887 3187 1076 3225 tantum
1107 3175 1364 3225 utilitatem
1393 3191 1524 3239 quae-
1610 3191 1689 3226 va.
1724 3177 1840 3238 187.

496 3261 622 3308 renti
642 3258 886 3306 dicuntur.
910 3255 1002 3303 nlo
1026 3268 1188 3303 antem
1216 3255 1330 3302 loco
1344 3257 1522 3302 Verres
1683 3258 1734 3306 6.
1761 3255 1989 3321 Imperio·
2018 3257 2141 3305 Cum
2162 3255 2363 3321 imperio
2383 3271 2485 3305 etse
2510 3255 2645 3306 dice-

496 3339 679 3388 dicitur
707 3337 847 3385 illum
879 3335 1174 3382 citharistam
1199 3331 1408 3381 artificio
1433 3348 1527 3382 auo
1614 3337 1781 3397 batur,
1818 3337 1901 3384 cui
1928 3336 2213 3384 nominatim
2245 3353 2272 3384 a
2305 3337 2498 3403 populo
2537 3338 2646 3400 lege

496 3433 764 3484 superasse,
773 3419 962 3476 jocose,
975 3413 1088 3477 quia
1109 3411 1235 3460 intus
1251 3423 1525 3468 canentem,
1619 3417 1805 3465 curiata
1839 3415 2065 3465 mandata
2101 3425 2203 3464 erat
2241 3415 2390 3481 plena
2426 3427 2647 3481 potestas

497 3500 551 3546 in
589 3495 776 3544 intimis
811 3491 1001 3542 adibus
1034 3501 1266 3556 posuerat
1279 3526 1294 3548 .
1325 3501 1380 3538 nt
1414 3507 1527 3539 eum
1615 3497 1687 3548 rei
1712 3495 1935 3543 militaris
1959 3511 2051 3543 sno
2078 3493 2289 3544 consilio
2303 3533 2320 3559 ,
2354 3497 2407 3544 in
2423 3513 2511 3546 sun
2536 3511 2651 3560 pro-

500 3577 640 3641 quasi
685 3573 886 3624 interius
931 3587 1104 3620 canere
1151 3569 1367 3620 doceret.
1402 3572 1525 3621 vid.
1618 3575 1779 3624 vincia
1797 3609 1814 3636 ,
1850 3573 2267 3627 administranda.
2307 3578 2412 3626 Tit.
2449 3576 2649 3634 Livius,

502 3659 686 3705 Erum.
712 3653 870 3718 Adag.
1621 3657 1800 3709 xxvl
1815 3691 1830 3717 ,
1855 3669 1939 3702 21.

579 3745 628 3792 4.
651 3734 898 3783 Asconius
921 3747 1026 3781 non
1047 3733 1269 3796 agnoscit
1293 3747 1400 3780 suo.
1419 3730 1533 3780 Sch.
1694 3737 1836 3784 111.
1864 3749 1910 3782 1.
1950 3736 2004 3782 Ι..
2034 3735 2293 3784 Munimio.
2332 3737 2408 3783 De
2434 3733 2651 3806 mgximo

511 3813 704 3862 delevit.
1622 3815 1711 3863 illo
1750 3814 2023 3878 signorum,
2042 3824 2091 3862 et
2132 3815 2406 3863 tabularum
2437 3823 2656 3862 contem·-

583 3893 632 3940 5.
655 3894 836 3956 Perga.
855 3895 1040 3940 Fanum
1062 3892 1165 3940 hoc
1184 3893 1409 3956 proxime
1428 3893 1539 3939 Per·
1623 3905 1767 3960 ptore
1785 3927 1803 3953 ‚
1841 3893 1925 3941 adi
1962 3893 2121 3943 strab.
2134 3895 2279 3943 Vm.
2312 3897 2481 3942 Front.
2504 3893 2653 3941 Strat-

507 3989 618 4037 μω
644 3981 768 4028 erat,
797 3971 1096 4037 Pamphylia
1127 3973 1316 4020 urbem.
1347 3974 1539 4036 Pergam
1625 3975 1715 4032 lv,
1740 3973 1795 4032 3,
1823 3969 1903 4023 15.
1924 3973 2086 4022 Ceteri
2106 3973 2329 4021 notiores
2342 3981 2487 4032 sunt,
2506 3987 2677 4046 quam·

504 4052 662 4101 Diam
699 4049 961 4114 saepissime
993 4051 1047 4098 in
1078 4051 1290 4099 nummis
1323 4051 1538 4116 antiquis
1629 4063 1683 4102 ut
1701 4053 1763 4102 de
1784 4051 1880 4102 illi·
1906 4054 2207 4103 mentionem
2232 4051 2510 4103 habeamus.
