2984 4684
1608 155 1629 201 ἱ

735 415 844 487 ΙΝ
890 405 1338 486 VERREM
1380 415 1597 485 ACT.
1648 415 1769 499 II,
1820 413 2006 482 LIB.
2059 412 2154 480 ΙΙ.
2357 403 2495 482 505

373 535 806 634 intelligant,
865 537 1008 609 hoc
1043 561 1180 609 nos
1213 538 1367 609 sine
1403 531 1795 633 cupiditate
1816 531 1847 578 ⁵
1888 557 2132 631 agere,
2169 532 2279 603 his
2324 533 2497 630 ipsis

373 645 632 718 libellis
675 648 998 718 contenti
1037 670 1308 718 sumnS.

467 761 778 829 LXXVI.
835 761 1049 830 Nunc
1085 758 1174 829 ad
1215 760 1580 830 sociorum
1621 755 1905 828 tabulas
1942 757 2215 852 accepti
2260 767 2333 825 et
2374 779 2496 824 ex-

371 868 614 964 pensi,
636 861 815 964 qua's
839 891 1212 940 removere
1244 867 1549 947 honeste
1581 865 1786 938 nullo
1815 865 2037 937 modo
2066 879 2499 963 potuerunt,

372 990 448 1047 et
490 977 578 1047 ad
621 980 932 1050 amicum
968 993 1178 1050 tuum
1216 980 1715 1076 Carpinatium
1757 982 2221 1048 revertemur.
2265 976 2499 1073 Inspi-

372 1081 740 1168 ciebamus
767 1089 1130 1185 Syracusis
1155 1113 1198 1160 a
1227 1089 1643 1187 Carpinatio
1676 1084 2039 1160 confectas
2076 1084 2355 1168 tabulas
2392 1108 2503 1154 so-

373 1197 668 1286 cietatiS‚
697 1222 858 1295 quae
894 1196 1460 1296 significabant¹‚
1491 1196 1739 1270 multis
1766 1195 2189 1269 nominibus
2216 1218 2341 1266 eos
2374 1194 2503 1265 ho-

374 1307 601 1377 mines
644 1331 1011 1380 versuram
1043 1313 1095 1379 ‘a
1137 1311 1553 1408 Carpinatio
1597 1307 1887 1393 fecisse,
1940 1308 2071 1405 qui
2117 1308 2503 1405 pecuniam

372 1417 578 1488 Verri
601 1415 986 1491 dedissent.
1016 1421 1169 1492 Erit
1194 1418 1400 1491 vobis
1431 1420 1595 1491 luce
1624 1417 1906 1504 clar-itm,
1937 1415 2237 1511 judiceS‚
2273 1439 2502 1512 quum

373 1549 508 1596 eos·
521 1527 717 1624 ipsos
741 1525 1162 1625 produxero
1178 1583 1197 1614 ‚
1236 1529 1364 1626 qui
1396 1528 1759 1600 dederunt
1786 1553 1801 1596 τ
1832 1525 2241 1622 intelligetis
2268 1525 2460 1595 enim
2484 1579 2505 1610 ‚

373 1632 492 1706 illa
517 1649 868 1733 tempora,
895 1661 1030 1734 per
1067 1662 1265 1734 quae,
1299 1662 1531 1736 quum
1569 1651 1809 1709 essent
1844 1638 1921 1706 in
1952 1635 2309 1732 pericu10‚
2344 1657 2503 1732 pre·

374 1745 474 1815 tio
505 1770 658 1819 sese
685 1746 1174 1837 redemerunt,
1201 1773 1368 1821 cum
1399 1750 1757 1822 societatis
1782 1747 2041 1819 tabulis
2076 1771 2225 1820 non
2265 1746 2501 1818 solum

373 1855 856 1944 consulibus²‚
887 1883 1136 1930 verum
1177 1861 1388 1932 etiam
1425 1857 1826 1946 mensibus,
1874 1858 2281 1929 convenire.

469 1969 716 2056 Quum
751 1968 902 2040 haec
933 1972 1244 2041 maxime
1278 1992 1912 2067 cognosceremus,
1948 1981 2022 2038 et
2049 1968 2195 2064 jam
2234 1968 2311 2036 in
2350 1989 2501 2036 ma·

375 2074 590 2148 nibus
628 2076 909 2150 tabulas
944 2077 1408 2166 haberemus;
1445 2094 1747 2177 repente
1784 2077 2219 2175 adspicimus
2261 2076 2507 2146 lituras

377 2186 759 2281 ejusmodi,
781 2192 984 2287 quasi
1004 2189 1332 2288 quaedam
1351 2185 1689 2262 vulnera-³
1712 2187 2139 2262 tabellarum
2166 2187 2505 2259 recentia.

375 2299 624 2368 Statim
659 2299 1068 2396 suspicione
1113 2298 1410 2387 offensi,
1453 2299 1541 2371 ad
1592 2325 1675 2372 ea
1723 2301 1874 2396 ipsa
1912 2300 2207 2370 nomina
2256 2297 2507 2369 oculos

375 2409 848 2504 animumque
889 2406 1404 2479 transtulimus,
1460 2413 1682 2480 Erant
1738 2423 2045 2505 acceptae
2085 2410 2410 2508 pecuniae
2466 2431 2507 2477 a

373 2517 883 2602 C.V13nnu‘1·10,
940 2519 1018 2586 C.
1058 2521 1129 2587 F.
1151 2521 1208 2603 4,
1261 2521 1362 2590 sic
1401 2531 1687 2607 tamen,
1725 2532 1851 2605 ut,
1901 2541 2135 2614 usque
2190 2515 2281 2587 ad
2331 2517 2509 2586 alte·

373 2649 538 2696 rum
588 2629 650 2695 R
675 2679 696 2710 ‚
759 2625 980 2696 literae
1037 2641 1452 2698 constarent
1512 2628 1839 2722 integrae,
1899 2623 2199 2723 reliquae
2256 2647 2510 2694 omnes

378 2749 616 2806 essent
669 2737 746 2806 in
799 2733 1074 2806 litura-5.
1123 2734 1478 2824 Alterum,
1522 2737 1811 2806 tertium
1836 2787 1855 2822 ‚
1909 2749 2291 2831 quartum,
2346 2757 2510 2831 per-

451 2923 500 2970 5.
517 2921 630 2969 Sine
645 2921 930 2986 cupiditate.
955 2924 1072 2972 Non
1093 2925 1398 2972 accusatorio
1487 2938 1614 2987 quos
1638 2919 1991 2991 παλιμψίστους
2017 2941 2250 2974 vocamus
2264 2959 2280 2986 ,
2306 2935 2355 2974 et
2378 2926 2511 2974 unde

380 2999 498 3049 odio
511 3035 527 3061 ,
550 3002 654 3048 sine
680 3002 750 3048 ira
777 3010 859 3050 aut
893 3000 1080 3052 dolore.
1487 3015 1586 3052 tam
1611 3005 1753 3050 miras
1776 3019 1896 3068 opes
1910 3005 2045 3053 hisee
2060 3004 2363 3070 temporibus
2383 3006 2513 3054 eruit

450 3078 688 3128 Lxxvl.
723 3095 766 3129 ι.
799 3081 919 3143 Quae
937 3078 1302 3150 significabant.
1339 3085 1400 3130 In
1487 3083 1679 3132 curiosa
1704 3083 1909 3132 feliciter
1931 3084 2187 3132 doctorum
2203 3085 2477 3150 prudentia.

379 3157 560 3223 quibus
594 3159 938 3209 ostendebatur
978 3177 1090 3221 eos,
1127 3162 1212 3224 qui
1251 3177 1399 3226 peen-

381 3237 509 3284 niam
540 3237 683 3286 Verri
721 3237 996 3300 dedissent,
1039 3257 1142 3288 eam
1179 3253 1394 3290 mutuam

380 3315 472 3364 sub
511 3317 670 3366 usuris
707 3334 808 3367 non
851 3319 1000 3368 semel
1037 3335 1066 3366 a
1110 3319 1398 3386 Carpinatio

379 3395 657 3459 sumpsisse.
697 3401 807 3446 Hoc
841 3409 918 3446 est
945 3398 1076 3447 enim
1111 3415 1398 3448 «versuram

379 3475 536 3524 faeere
547 3497 590 3524 ιο.
616 3477 691 3524 De
716 3477 999 3542 Carpinatio
1023 3479 1156 3527 conf.
1183 3495 1295 3544 sup.
1313 3497 1340 3541 7
1354 3496 1397 3528 1.

453 3570 504 3604 a.
546 3555 846 3604 Consulibus.
895 3558 938 3605 1.
987 3573 1031 3604 e.
1080 3573 1212 3611 anuo
1270 3560 1398 3624 ipso.

381 3635 516 3682 Anni
569 3636 702 3684 enim
755 3652 843 3700 per
893 3636 1116 3692 eonsules
1177 3654 1398 3688 numera·

379 3712 587 3777 bantur-3
616 3730 774 3779 neque
795 3731 926 3764 anno
943 3726 1160 3778 tantum,
1192 3718 1278 3768 sed
1299 3733 1402 3782 quo

383 3793 560 3842 clarius
609 3810 687 3843 res
741 3806 901 3859 pateat
916 3828 932 3854 ,
975 3795 1212 3846 mensibus
1263 3799 1404 3846 etiam

381 3887 664 3921 convenire.

455 3952 504 4000 3.
535 3951 772 4014 Qua-dans
803 3952 1044 4000 vulnera.-
1074 3953 1189 4003 Scil.
1217 3954 1396 4004 abmae

383 4029 536 4093 priori
556 4030 824 4095 scripture,
849 4031 1093 4096 posterior
1115 4033 1396 4098 imponeba-

385 4121 482 4162 tur.
505 4111 584 4168 Sic
599 4111 770 4160 afflicti
785 4121 922 4160 erant
937 4111 1063 4158 MSS
1085 4113 1158 4162 illi
1177 4113 1370 4166 codices
1381 4149 1396 4175 ‚

1560 3171 1607 3219 4.
1634 3164 1877 3212 Gruterus
1909 3163 2159 3211 revocavit
2204 3185 2229 3206 e
2252 3163 2309 3212 C.
2339 3165 2393 3210 F.
2426 3183 2449 3206 a
2482 3180 2510 3210 e

1483 3243 1625 3292 MSS.
1645 3245 1802 3292 Antea
1829 3242 2043 3291 deerant.
2070 3244 2103 3291 J
2106 3243 2188 3291 N.
2207 3245 2263 3292 L.

1561 3323 1609 3371 5.
1645 3323 1707 3368 In
1744 3320 1908 3368 lietera.
1946 3323 2073 3370 Nam
2107 3331 2247 3370 antea
2272 3320 2507 3384 scriptum

1486 3401 1643 3448 fuerat
1680 3421 1703 3444 ι
1722 3417 1751 3449 a
1774 3401 1830 3450 C.
1846 3402 1997 3448 Verre
2014 3411 2238 3464 acceptas
2262 3401 2407 3448 fuisse
2426 3417 2511 3464 pe·-

1485 3480 1681 3540 cunias,
1697 3495 1807 3544 quae
1830 3479 1957 3527 datae
1980 3489 2118 3528 erant
2132 3495 2185 3538 »ς
2204 3478 2289 3527 sed
2316 3479 2513 3538 deinde,

1485 3574 1549 3608 ne
1572 3573 1647 3608 res
1673 3575 1727 3606 ea
1754 3559 1837 3607 isti
1858 3569 2059 3606 noceret
2075 3591 2091 3616 ,
2140 3559 2211 3605 sie
2238 3567 2509 3606 correctum

1486 3648 1618 3695 etat,
1646 3649 1699 3686 ut
1720 3638 2011 3686 scriberetur
2025 3637 2297 3685 «verrutio
2312 3659 2355 3686 a.
2378 3638 2510 3686 Prio-

1491 3717 1559 3764 ris
1594 3717 1743 3780 igitur
1778 3718 1989 3765 nominis
2025 3716 2194 3764 ultima
2230 3715 2417 3781 syllaba
2454 3733 2509 3765 re

1496 3795 1671 3845 detrita
1686 3831 1703 3858 ,
1738 3797 2009 3859 repositum
2044 3795 2201 3844 fuerat
2244 3795 2405 3854 ratim·
2440 3796 2507 3844 ita

1493 3885 1657 3922 tamen
1682 3884 1739 3921 ut
1760 3874 2000 3938 legeretur
2026 3895 2053 3914 ι·
2071 3873 2129 3922 C.
2148 3875 2247 3922 Ver
2261 3895 2283 3916 ι
2312 3876 2510 3937 integris

1483 3969 1597 4001 sane
1614 3953 1784 4015 literis,
1800 3964 1847 4002 et
1865 3953 2011 4002 altera
2032 3970 2143 4017 pars
2160 3955 2390 4014 nominis,
2406 3955 2441 4002 i.
2462 3972 2507 4002 e.

1487 4031 1615 4080 rucio
1629 4067 1645 4092 ,
1671 4049 1763 4081 ceu
1790 4033 1942 4082 cauda
1958 4034 2149 4096 Verris,
2184 4045 2427 4098 tamquam
2455 4035 2511 4084 in

1485 4113 1592 4162 luto
1610 4147 1625 4170 ‚
1641 4113 1824 4172 jaceret
1851 4113 1903 4160 in
1932 4112 2091 4162 litura.
2118 4115 2195 4162 Cr.
2220 4113 2307 4162 inf.
2338 4115 2421 4174 78.
