2984 4684
447 363 589 461 378
1092 367 1189 434 M.
1242 367 1319 434 T.
1372 364 1966 434 cle-Enoms

534 489 749 558 LVII.
790 482 985 577 Quid
1036 486 1251 582 ergo?
1296 484 1672 558 Rabonius
1725 487 1934 558 istam
1979 482 2174 555 diem
2213 485 2596 582 quomodo

434 597 935 694 assequitur1?
974 600 1211 670 Nemo
1244 595 1582 668 Rabonio
1619 596 1968 668 molestus
2007 608 2148 682 est,
2195 617 2438 693 neque
2465 595 2592 668 ka-

440 706 715 780 lendis²
754 705 1300 796 decembribus,
1322 733 1566 806 neque
1603 707 1848 794 nonis,
1873 730 2116 804 neque
2145 705 2424 794 idibus3
2462 706 2592 780 de-

438 823 667 918 nique
696 819 1071 916 aliquanto
1102 820 1179 890 in
1210 823 1662 918 provinciam
1691 819 1826 890 iste
1847 816 2333 916 proficiscitur
2355 817 2591 914 prius,

438 954 662 1028 quam
703 956 891 1029 opus
925 927 1269 1003 effectum
1306 945 1437 1002 est.
1474 935 1950 1028 Posteaquam
1979 951 2150 1000 reus
2183 925 2415 1000 factus
2447 942 2592 1016 est,

432 1042 673 1138 primo
698 1037 1041 1138 negabat³
1062 1066 1253 1140 opus
1276 1046 1353 1113 in
1386 1057 1766 1141 acceptum
1789 1039 2062 1112 referre
2083 1063 2297 1139 posse
2319 1067 2336 1110 τ
2356 1063 2590 1137 quum

434 1151 734 1224 instaret
780 1149 1185 1240 Rabonius‚
1230 1155 1305 1223 in
1358 1175 1477 1224 me
1527 1177 1818 1225 musam
1865 1149 2324 1239 conferebat,
2381 1150 2590 1250 quod

434 1275 593 1334 tum
635 1260 963 1335 codicem
1000 1261 1526 1360 obsignassem.
1565 1265 1792 1334 Petit⁴
1819 1287 1860 1335 a
1901 1288 2022 1336 me
2059 1261 2474 1350 RaboniuS,
2513 1275 2592 1334 et

428 1373 699 1444 amicos
728 1372 987 1470 allegat
1016 1401 1031 1443 :
1064 1372 1269 1446 facile
1308 1379 1699 1474 impetrat:
1737 1377 1914 1460 iste,
1947 1373 2133 1473 quid
2167 1387 2444 1470 ageret,
2471 1397 2592 1443 ne-

431 1483 725 1556 sciebat.
768 1485 843 1556 Si
880 1487 958 1554 in
994 1499 1375 1582 acceptum
1408 1511 1564 1557 non
1599 1486 1999 1574 retulisset,
2029 1483 2332 1584 putabat
2363 1507 2440 1556 se
2465 1481 2589 1554 ali-

433 1592 617 1692 quid
656 1592 1145 1667 desensionis⁵
1178 1593 1630 1676 habiturum.
1661 1595 2074 1669 Rabonium
2111 1617 2334 1692 porro
2369 1592 2588 1664 intel-

435 1692 699 1804 ligebat
734 1719 903 1776 'rem
945 1720 1174 1778 totam
1212 1731 1367 1779 esse
1410 1705 1944 1806 patefacturum
1983 1735 2000 1778 ι
2043 1709 2326 1778 tametsi
2347 1759 2366 1793 ‚
2409 1703 2590 1802 quid

433 1830 723 1916 poterat
746 1841 901 1889 esse
936 1819 1257 1915 apertius
1278 1871 1299 1904 ‚
1326 1843 1550 1916 quam
1587 1843 1786 1891 nunc
1823 1829 1966 1908 est,
2005 1832 2088 1888 ut
2124 1813 2320 1888 ιιιιο6
2345 1817 2590 1886 minus

436 1942 621 2000 teste
646 1926 951 2001 haberet
976 1928 1313 2001 Rabonio
1338 1930 1367 1999 Ρ
1394 1933 1600 2028 Opus
1630 1931 1704 2000 in
1731 1940 2114 2029 acceptum
2139 1925 2386 1999 retulit
2415 1951 2588 2024 qua-

432 2037 775 2109 driennio
812 2053 981 2137 post
1006 2093 1026 2126 ‚
1068 2065 1291 2136 quam
1350 2039 1546 2112 diem
1601 2042 1812 2139 operi
1856 2039 2160 2112 dixerat.
2215 2043 2362 2109 Hac
2405 2061 2586 2108 con-

434 2146 777 2236 ditione⁷‚
794 2152 855 2219 si
880 2149 1049 2245 quis
1076 2149 1169 2222 de
1192 2150 1475 2248 populo
1499 2151 1926 2250 redemptor
1949 2149 2398 2232 accessisset,
2436 2171 2586 2218 non

492 2351 649 2400 Lvn.
680 2367 725 2398 1.
751 2351 1008 2415 Quomodo
1038 2352 1329 2416 assequitur.
1350 2356 1389 2401 1.
1404 2372 1451 2402 e.

418 2429 676 2496 quomodo
696 2430 889 2496 potuit,
910 2431 1095 2495 exiguo
1124 2431 1213 2480 illo
1234 2443 1455 2498 tempore

418 2507 689 2575 prefinito,
708 2527 837 2576 opus
862 2510 989 2558 illud
1014 2509 1227 2560 efficere.

494 2605 547 2640 s.
568 2590 825 2640 Kalendis.
850 2590 1089 2640 mendae
1102 2627 1118 2654 ,
1146 2607 1319 2650 none,
1342 2591 1456 2640 idm

420 2671 473 2719 b.
496 2670 536 2719 l.
562 2673 896 2728 nominantur,
920 2671 1035 2735 quie
1058 2671 1249 2730 omnin,
1278 2671 1331 2718 in
1349 2671 1457 2736 qni-

422 2750 515 2798 bus
540 2750 645 2799 dies
669 2753 770 2798 sint
796 2751 1059 2816 praestitnti
1076 2786 1091 2812 ‚
1112 2753 1240 2800 faeta
1265 2753 1364 2799 sint
1390 2751 1454 2798 sd

418 2831 665 2879 rationem
684 2831 906 2895 peeuniae
931 2831 1025 2878 sub
1048 2831 1211 2879 usuris
1238 2830 1453 2878 colloen·

424 2921 513 2968 tas,
557 2925 669 2973 quae
695 2911 739 2957 si
772 2909 996 2957 kalendis
1030 2925 1135 2958 non
1162 2908 1451 2967 solveretur,

420 2988 781 3054 prorogabunt
825 2989 1011 3037 solutio
1060 2987 1127 3036 ad
1178 3005 1357 3046 nones,
1404 3000 1455 3036 et

418 3068 533 3118 inde
566 3069 629 3116 ad
665 3068 809 3126 idus,
847 3084 959 3132 qun
987 3079 1091 3117 erat
1122 3067 1294 3118 ultima
1325 3069 1451 3118 dies.

414 3149 497 3197 Sic
523 3165 675 3213 quum
704 3148 807 3196 dies
832 3149 976 3213 operi
1002 3148 1232 3196 faciendo·
1257 3150 1457 3213 praesti-

414 3238 521 3278 tuta
546 3239 671 3278 esset
706 3227 807 3277 kal.
838 3227 1063 3277 decemb.
1088 3239 1253 3276 temen
1284 3243 1447 3292 neque

412 3307 511 3357 hoc
538 3309 619 3358 die
633 3343 650 3370 ‚
676 3323 839 3371 neque
872 3309 1017 3355 nonis
1033 3343 1047 3366 ‚
1086 3323 1247 3372 neque
1282 3307 1448 3356 idibus

408 3389 507 3438 boc
530 3405 659 3455 opus
684 3404 713 3435 a
738 3385 969 3436 Rabonio
988 3386 1289 3452 exigebatur.

488 3469 539 3516 3.
580 3468 834 3532 Negabat.
862 3466 1058 3532 Nempe
1082 3467 1338 3526 Rabonio,
1360 3467 1449 3532 qui

416 3545 513 3596 sibi
534 3558 731 3596 centnm
761 3546 905 3594 vellet
940 3546 1003 3594 de
1028 3546 1239 3610 pecunia
1265 3548 1311 3594 ei
1348 3557 1447 3594 tre·

416 3628 695 3691 dita,qusm
712 3627 892 3674 Verres
912 3642 975 3674 ex
998 3626 1097 3674 isto
1120 3625 1182 3674 de
1200 3626 1447 3675 locatione

415 3705 722 3754 lucrifecerat
736 3741 751 3766 ‚
806 3707 1107 3770 omninoque
1171 3704 1234 3753 de
1296 3723 1445 3772 opere

416 3795 549 3833 reete
568 3785 769 3834 effecto.

486 3871 535 3920 4.
554 3863 697 3912 Petit.
725 3865 795 3912 Ut
820 3864 913 3912 sibi
940 3863 1126 3912 codicis
1156 3865 1327 3912 faciam
1356 3882 1443 3929 po-

416 3954 655 3993 testatem.

483 4024 535 4071 5.
562 4021 688 4079 Alii,
727 4019 1065 4080 defensionum
1114 4023 1164 4068 J.
1192 4023 1252 4068 V.
1280 4025 1332 4069 L.
1369 4050 1442 4060 --

411 4102 599 4168 Nempe
650 4100 871 4149 dicturus
920 4112 1021 4149 erat
1062 4102 1242 4150 Verres
1260 4137 1275 4161 ,
1320 4102 1442 4151 adeo

1545 2353 1736 2403 nullum
1784 2352 1996 2418 apposni
2047 2353 2406 2416 redemptorem
2424 2384 2441 2409 ‚
2494 2361 2550 2398 nt
2567 2383 2586 2408 ‚

1543 2443 1660 2498 post
1697 2432 1826 2480 diem
1854 2431 2184 2497 praestitutum
2209 2429 2378 2494 operi,
2423 2445 2528 2477 non
2555 2445 2586 2476 ι

1543 2511 1776 2562 Rabonio
1809 2513 2082 2576 soeeperim
2116 2517 2270 2574 opus,
2299 2523 2392 2558 nee
2427 2510 2480 2556 in
2505 2522 2588 2555 se-

1543 2603 1744 2658 eeptnm
1767 2591 2034 2640 retulerim.
2060 2593 2130 2638 At
2157 2600 2296 2654 parte
2319 2589 2414 2637 slis
2441 2587 2585 2636 intel·

1543 2671 1752 2738 ligebst,
1777 2681 1871 2719 etc.

1615 2753 1668 2802 6.
1704 2754 1812 2799 Uno
1839 2751 2016 2799 minus.
2041 2751 2112 2798 Ut
2129 2764 2326 2808 omues,
2362 2747 2584 2795 darneto

1541 2847 1646 2880 nno
1684 2830 1953 2890 Rabonio,
1997 2840 2146 2878 testes
2179 2830 2234 2876 in
2269 2843 2324 2876 se
2357 2825 2581 2876 heberet.

1542 2939 1615 2950 —
1665 2915 1767 2961 Pro
1815 2909 2050 2968 liaberet,
2105 2907 2370 2956 Lambinus
2417 2907 2584 2954 maliet

1543 2992 1772 3040 haberem
1787 3026 1805 3050 ,
1842 2990 2026 3056 probat
2063 2988 2289 3049 Desjard.
2317 2998 2366 3036 et
2397 2987 2584 3052 recepit

1542 3070 1743 3121 Schiitz.

1617 3167 1664 3212 7.
1693 3151 1802 3198 Hae
1846 3149 2144 3197 conditione.
2187 3147 2242 3193 si
2277 3146 2388 3210 quis
2425 3145 2550 3193 alins
2565 3179 2584 3206 ,

1543 3247 1688 3294 quam
1707 3229 1981 3288 Rubenius,
2005 3227 2104 3277 hoc
2125 3243 2253 3292 opus
2272 3225 2582 3284 redemisset,

1535 3326 1640 3358 non
1667 3309 1962 3358 obtinuisset
1987 3325 2016 3356 a
2043 3317 2256 3372 pretore
2286 3315 2385 3354 tem
2412 3305 2580 3352 lsxnm

1537 3400 1747 3454 tempus,
1765 3389 1800 3436 i.
1821 3405 1866 3436 e.
1889 3387 2298 3452 quadriennium;
2319 3385 2406 3434 sed
2427 3401 2579 3433 nemo

1535 3468 1766 3524 accessit,
1809 3477 1866 3514 nt
1903 3465 2193 3524 redimerem
2226 3461 2280 3511 1⁰
2303 3464 2416 3530 qnia
2454 3465 2583 3512 alios

1537 3546 1776 3596 deterruit
1815 3545 2032 3594 brevitas
2078 3543 2329 3610 temporis.
2365 3542 2424 3590 2⁰
2447 3545 2578 3606 Quia

1534 3626 1618 3674 alii
1655 3625 1922 3674 noluerunt
1959 3625 2129 3672 venire
2167 3625 2216 3670 in
2245 3623 2415 3672 Verris
2445 3622 2576 3670 arbi-

1537 3706 1682 3753 trium
1705 3701 1892 3768 (mense
1917 3703 2180 3762 decembri,
2194 3719 2297 3767 quo
2318 3719 2446 3767 opus
2463 3719 2578 3751 exe-

1535 3786 1680 3848 gisset
1695 3819 1710 3842 ‚
1741 3796 2002 3850 praeturam
2024 3783 2187 3832 adhuc
2227 3782 2462 3832 urbanam
2493 3800 2580 3848 ge·

1534 3864 1708 3930 rentis)
1737 3881 1764 3912 a
1791 3881 1893 3929 quo
1923 3865 2044 3912 mire
2070 3865 2277 3912 fuissent
2295 3863 2489 3921 vexati,
2514 3880 2579 3910 eo

1533 3944 1670 4007 qnod
1705 3946 2022 3992 existimasset
2059 3944 2276 4008 praedam
2303 3942 2398 3990 sibi
2423 3941 2576 3990 fuisse

1534 4036 1748 4088 ereptam
1773 4041 1800 4070 a
1829 4023 2158 4087 redemptore,
2179 4023 2266 4085 qni
2293 4023 2416 4069 alius
2443 4034 2572 4070 esset

1533 4120 1589 4151 ac
1620 4103 1893 4162 Rabonius,
1917 4103 2130 4167 ideoque
2147 4103 2272 4151 illud
2293 4119 2416 4167 opus
2437 4119 2576 4150 acer-
