2984 4684
465 371 606 459 458
725 405 736 414 ·
1103 379 1197 444 Μ.
1251 378 1328 444 Τ.
1383 373 1963 444 CICERONIS

559 499 810 568 XLIII.
845 496 1104 568 Videte
1141 521 1366 594 porro
1405 496 1617 568 aliam
1658 494 2151 577 dementium
2186 486 2423 560 videte
2446 543 2465 573 ‚
2495 503 2607 570 ut..

465 607 644 678 dum
663 604 1004 704 expedire
1033 631 1186 678 sese
1209 606 1364 678 vult
1381 659 1402 692 ‚
1418 606 1697 680 induat.
1716 603 2189 699 Cognitorem
2212 610 2231 642 ¹
2258 596 2605 670 adscribit

465 717 785 790 Sthenio.
805 719 1084 809 Quem?
1100 733 1490 814 cognatum
1518 717 1837 814 aliquem
1854 769 1875 802 ‚
1910 726 2039 784 aut
2062 707 2605 809 propinquum?

467 851 642 898 non.
687 827 1232 900 Thermitanum
1273 829 1633 926 aliquem,
1670 825 2061 896 honestum
2096 819 2471 892 hominem
2520 841 2605 888 ac

469 936 836 1010 nobilem?
865 963 962 1010 ne
1003 937 1080 1010 id
1123 937 1444 1036 quidem.
1487 943 1575 1010 At
1616 935 1941 1009 Siculum
1964 987 1983 1020 ‚
2034 933 2109 1004 in
2152 953 2305 1028 quo
2348 929 2606 1024 aliquis

473 1047 820 1146 splendor
876 1047 1336 1147 dignitasque
1391 1049 1625 1122 esset?
1682 1049 1983 1118 minime
2002 1053 2057 1112 ².
2111 1040 2305 1132 Quid
2350 1037 2609 1136 igitur?

471 1160 706 1230 civem
741 1181 1150 1230 romanum.
1181 1161 1316 1232 Cui
1341 1160 1484 1231 hoc
1516 1157 1811 1256 probari
1838 1153 2129 1252 potest?
2150 1155 2399 1244 Quum
2420 1161 2611 1222 esset

473 1267 818 1340 Sthenius
849 1269 1154 1342 civitatis
1181 1295 1326 1340 suae
1347 1269 1877 1350 nobilissimus,
1892 1257 2329 1361 amplissima
2352 1281 2609 1356 cogna-

479 1377 708 1462 tione,
747 1377 1078 1476 plurimis
1113 1382 1446 1452 amicitiis
1467 1433 1490 1467 ‚
1526 1403 1759 1476 quum
1793 1389 2137 1475 praeterea
2178 1385 2331 1445 tota
2374 1368 2609 1440 Sicilia

481 1486 796 1558 multum
837 1492 1262 1562 auctoritate
1299 1505 1372 1563 et
1421 1491 1645 1588 gratia
1675 1501 1965 1587 posset;
2006 1483 2331 1556 invenire
2380 1479 2609 1550 nemi-

479 1621 652 1670 nem
679 1600 1002 1670 Siculum
1039 1605 1316 1698 potuit,
1353 1603 1484 1699 qui
1516 1625 1651 1699 pro
1680 1625 1757 1672 se
1798 1596 2137 1695 cognitor
2170 1591 2425 1664 fieret?
2462 1595 2613 1660 Hoc

477 1707 864 1804 probabis?
897 1736 990 1784 an
1021 1713 1176 1811 ipse
1215 1717 1446 1784 civem
1483 1733 1869 1782 romanum
1904 1704 2208 1778 maluit?
2238 1700 2423 1774 cedo
2444 1751 2465 1782 ‚
2496 1701 2609 1769 cui

479 1819 724 1892 Siculo
749 1873 770 1904 ‚
805 1845 1038 1916 quum
1081 1823 1143 1896 is
1187 1848 1356 1894 reus
1391 1821 1631 1906 fieret,
1672 1821 1847 1892 civis
1888 1837 2237 1891 romanus
2280 1809 2615 1907 cognitor

483 1924 714 2000 sactus
750 1953 1096 2028 umquam
1153 1935 1266 2004 sit.
1315 1935 1669 2004 Omnium
1712 1943 2103 2027 praetornm
2144 1922 2382 1994 literas
2406 1974 2426 2008 ‚
2486 1918 2615 2015 qui

477 2052 648 2110 ante
681 2036 982 2113 fuerunt
1001 2096 1020 2128 ‚
1055 2041 1326 2141 profer,
1355 2041 1633 2140 explica
1666 2042 1771 2111 :si
1796 2063 2031 2110 unum
2056 2032 2457 2138 inveneris3
2482 2051 2617 2123 ego

481 2146 624 2218 hoc
667 2149 841 2237 tibi,
881 2152 1501 2248 quemadmodum
1546 2153 1623 2222 in
1664 2148 1930 2222 tabulis
1974 2147 2323 2241 scriptum
2359 2136 2618 2222 habes,

479 2259 581 2328 ita
623 2275 910 2355 gestum
955 2287 1112 2334 esse
1149 2261 1567 2336 concedam.
1616 2264 1745 2346 At,
1778 2257 2041 2343 credo,
2088 2253 2433 2326 Sthenius
2479 2246 2619 2318 boc

480 2365 622 2441 sibi
647 2370 974 2467 amplum
997 2397 1154 2444 esse
1181 2375 1488 2471 putavit,
1506 2373 1768 2470 eligere
1796 2395 1837 2440 e
1866 2370 2127 2440 civium
2148 2381 2617 2434 romanorum

483 2497 814 2566 numero,
848 2507 938 2552 ex
961 2486 1362 2556 amicorum
1399 2498 1621 2580 atque
1646 2480 2019 2578 hospitum
2046 2495 2351 2546 suorum
2384 2469 2618 2562 copia,

483 2607 705 2680 quem
729 2594 1175 2686 cognitorem
1211 2591 1436 2690 daret.
1459 2594 1699 2682 Quem
1724 2587 2037 2684 delegit?
2060 2587 2225 2681 quis
2256 2569 2332 2652 sn
2362 2575 2621 2650 tabulis

489 2697 800 2792 scriptus
823 2701 969 2771 est?
995 2705 1074 2772 C.
1095 2701 1436 2774 Claudius
1452 2755 1472 2786 ‚
1508 2706 1587 2772 C.
1612 2707 1719 2784 F„
1740 2697 2052 2772 Palatina
2074 2693 2125 2764 ³.
2152 2694 2323 2762 Non
2348 2711 2621 2786 quaero,

489 2807 655 2898 quis
675 2805 796 2882 hic
813 2812 904 2882 sit
919 2811 1286 2898 Claudius,
1314 2836 1537 2909 quam
1556 2800 2003 2908 splendidus,
2016 2829 2239 2903 quam
2254 2800 2621 2881 honestus,

489 2937 710 3008 quam
735 2917 1042 2994 idoneus
1061 2977 1080 3010 ,
1117 2937 1418 3020 propter
1441 2922 1653 3017 cujus
1680 2921 2185 2992 auctoritatem
2212 2925 2287 2984 et
2316 2907 2619 3004 dignita·

498 3037 647 3096 tem
697 3029 1038 3104 Sthenius
1103 3033 1194 3106 ab
1253 3035 1583 3106 omnium
1633 3030 2039 3103 Siculorum
2094 3017 2621 3098 consuetudine

499 3132 920 3221 discederet,
941 3157 1016 3212 et
1033 3146 1262 3214 civem
1293 3167 1673 3213 romanum
1709 3140 2159 3236 cognitorem
2188 3133 2417 3204 daret:
2443 3123 2623 3196 nihil

498 3243 761 3318 horum
804 3277 1050 3348 quaero
1083 3283 1099 3324 ε
1133 3252 1432 3323 fortasse
1477 3254 1673 3322 enim
1716 3249 2054 3320 Sthenius
2096 3267 2245 3314 non
2278 3231 2619 3336 splendo-

494 3380 648 3440 rem
677 3357 1030 3448 hominis,
1063 3363 1190 3434 sed
1225 3361 1778 3434 familiaritatem
1814 3371 2167 3455 sequutus
2204 3364 2333 3422 est.
2381 3341 2621 3436 Quid?

495 3469 556 3536 si
593 3471 921 3542 omnium
947 3472 1363 3543 mortalium
1397 3473 1695 3543 Sthenio
1728 3493 1945 3541 nemo
1984 3463 2363 3538 inimicior,
2402 3475 2623 3553 quam

568 3716 748 3766 nm.
799 3735 845 3765 1.
899 3718 1227 3783 &guitot-ent.
1281 3719 1520 3782 cognitor
1609 3731 1765 3764 torem
1782 3715 1963 3764 deinde
1986 3711 2325 3767 substitui-ae,
2359 3721 2387 3752 a
2414 3717 2517 3766 quo
2540 3698 2627 3746 ἆ·-

499 3791 588 3855 (Ἰἰ
621 3795 972 3861 “prinmo
1007 3813 1034 3844 ι
1071 3807 1306 3861 prasente
1331 3809 1523 3845 numm
1614 3796 1901 3844 fenderetur.

505 3871 708 3920 domino
739 3872 945 3922 dabatur
979 3886 1038 3922 ut
1077 3875 1242 3924 videre
1273 3887 1348 3924 eat
1385 3871 1523 3939 apud
1682 3891 1731 3922 o.
1760 3871 1981 3921 Minime.
2016 3867 2208 3918 Mezen:
2234 3864 2349 3914 cod.
2374 3861 2625 3908 neutimm·

505 3951 712 4008 (him,
739 3955 828 4006 IV.
853 3955 939 4002 8³.
965 3956 1034 4002 Ut
1057 3971 1176 4019 ergo
1192 3956 1362 4002 Verris
1387 3957 1522 4002 invi·
1612 3955 1705 4000 Pro
1730 3951 1856 4017 quid
1873 3951 2039 3998 Lamb.
2062 3963 2204 4012 quem
2220 3962 2237 3992 :
2266 3941 2450 4006 recepit
2474 3937 2589 3988 seb.

495 4032 626 4080 dium
645 4031 793 4080 delati
811 4033 1024 4081 absentis
1039 4035 1294 4100 affigeret,
1311 4034 1523 4083 finxerat
1684 4033 1731 4078 3.
1748 4031 2001 4078 flul-ciam.
2022 4029 2097 4076 Ex
2132 4025 2263 4074 tribu
2274 4059 2289 4078 ‚
2312 4035 2424 4086 qn:
2450 4016 2623 4066 Pabu-

499 4111 754 4160 Sthenium
771 4128 938 4160 ουτω
956 4125 1234 4174 nocuum
1247 4114 1342 4162 sibi
1355 4113 1523 4179 cogni-
1608 4127 1725 4160 nnn
1736 4121 1949 4158 motum
1966 4103 2333 4168 cun-Capitolio
2350 4095 2625 4150 obtinebat.
