2984 4684
464 370 559 441 86
1092 373 1189 441 M.
1243 374 1320 439 Τ.
1374 372 1936 443 CICERONIS

462 517 633 565 cens
660 506 771 565 est
796 494 1201 590 quispiam:
1236 506 1736 567 verumtamen
1753 503 1810 581 ²,
1838 516 2284 591 quamquam
2319 493 2526 569 abest
2555 524 2602 571 a

460 604 711 701 culpa,
742 604 1155 701 suspicione
1182 616 1425 674 tamen
1466 626 1618 675 non
1657 618 1874 675 caret.
1907 605 2216 675 Tametsi
2250 608 2598 679 miserum

458 728 599 801 est,
626 728 867 785 tamen
898 716 965 785 ei
988 764 1009 801 ,
1040 715 1169 809 qui
1198 712 1403 784 hunc
1436 728 1767 803 accuset,
1795 717 2070 812 possim
2091 714 2342 812 aliquo
2373 715 2598 789 modo

460 827 881 937 ignoscere·
920 848 1153 922 quum
1194 826 1393 895 enim
1439 822 1722 922 aliquid
1767 824 2071 915 habeat,
2117 825 2325 923 quod
2367 832 2600 927 possit

460 936 845 1005 criminose
876 958 963 1005 ac
986 937 1385 1032 suspiciose
1418 933 1683 1023 dicere,
1707 952 1957 1034 aperte
1988 934 2347 1009 ludificari
2379 954 2454 1011 et
2485 964 2600 1011 ca·

457 1044 793 1117 lumniari
820 1048 1055 1117 sciens
1082 1070 1234 1115 non
1261 1044 1612 1117 videatur.
1633 1048 1876 1138 Quare
1900 1043 2107 1119 facile
2131 1070 2384 1119 omnes
2417 1053 2600 1147 pati-

460 1180 625 1227 mur
648 1180 805 1229 esse
830 1180 1053 1255 quam
1076 1156 1431 1253 plurimos
1456 1172 1912 1229 accusatores
1928 1211 1949 1245 ,
1976 1152 2182 1253 quod
2204 1160 2558 1233 innocens
2575 1214 2598 1247 ,

364 1348 373 1361 ,
457 1270 519 1339 si
538 1282 916 1339 accusatus
940 1270 1069 1353 sit,
1090 1264 1371 1355 absolvi
1402 1281 1680 1364 potest3
1713 1290 2024 1355 nocens,
2055 1268 2195 1337 nisi
2221 1283 2600 1341 accusatus

457 1374 715 1464 suerit,
750 1374 1221 1447 condemnari
1262 1400 1414 1447 non
1446 1391 1710 1475 potest.
1743 1378 2010 1449 Utilius
2049 1392 2162 1449 est
2189 1392 2432 1450 autem
2463 1378 2598 1451 ab·

460 1488 639 1557 solvi
664 1489 1161 1573 innocentem,
1181 1510 1402 1583 quam
1422 1502 1812 1565 nocentem
1839 1510 2128 1559 causam
2151 1510 2304 1559 non
2333 1486 2594 1561 dicere.

460 1596 888 1671 Anseribus³
916 1599 1185 1671 cibaria
1208 1600 1502 1700 publice
1537 1602 1894 1691 locantur,
1918 1616 1992 1673 et
2023 1605 2272 1674 canes'*
2301 1602 2602 1675 aluntur

462 1711 541 1779 in
578 1710 971 1807 Capitolio,
994 1724 1077 1781 ut
1102 1709 1550 1808 significent,
1581 1714 1642 1783 si
1679 1710 1877 1783 fures
1901 1716 2256 1785 venerint.
2284 1716 2377 1785 At
2401 1712 2600 1787 fiires

462 1822 955 1891 internoscere
1001 1843 1153 1892 non
1196 1834 1555 1918 possunt:
1599 1819 2012 1917 significant
2042 1837 2280 1895 tamen
2305 1875 2328 1911 ,
2373 1826 2432 1893 si
2465 1828 2595 1921 qui

458 1943 686 2001 noctu
712 1932 789 1999 in
822 1930 1259 2027 Capitolium
1283 1932 1658 2019 venerint3
1689 1944 1763 2001 et
1793 1933 1966 2028 quia
1999 1930 2078 2002 id
2111 1945 2222 2003 est
2247 1935 2600 2030 suspicio-

458 2064 623 2111 sum
639 2092 660 2126 ,
694 2042 971 2111 tametsi
994 2040 1241 2111 bestiae
1266 2054 1439 2111 sunt
1455 2092 1475 2129 ,
1499 2054 1742 2113 tamen
1769 2045 1845 2113 in
1877 2066 2036 2113 eam
2053 2056 2332 2142 partem
2349 2046 2598 2141 potius

456 2164 763 2247 peccant
782 2146 839 2238 ⁵,
863 2175 1027 2248 quae
1056 2163 1167 2221 est
1198 2153 1500 2223 cautior.
1521 2150 1744 2245 Quod
1769 2155 1830 2225 si
1857 2154 2020 2225 luce
2047 2176 2349 2251 quoque
2381 2178 2596 2225 canes

456 2258 751 2348 latrent,
777 2285 1011 2357 quum
1038 2259 1213 2334 deos
1236 2261 1626 2334 salutatum
1651 2263 1878 2361 aliqui
1905 2268 2280 2353 venerint3
2305 2269 2598 2363 opinor,

459 2372 547 2439 iis
591 2394 803 2443 crura
853 2368 1414 2468 suffringantur,
1442 2372 1648 2470 quod
1690 2397 1890 2445 acres
1943 2377 2090 2445 sint
2138 2376 2356 2445 etiam
2402 2388 2560 2445 tum
2573 2430 2595 2462 ,

460 2502 691 2577 quum
744 2483 1063 2579 suspicio
1110 2482 1313 2554 nulla
1350 2486 1463 2555 sit.
1510 2466 1886 2557 simillima
1923 2500 2034 2556 est
2088 2499 2596 2557 accusatorum

461 2594 667 2663 ratio.
702 2592 837 2665 Alii
864 2606 1185 2665 vestrum
1214 2617 1504 2665 anseres
1525 2610 1736 2682 sunt,
1761 2597 1892 2692 qui
1919 2592 2430 2667 tantummodo
2455 2595 2598 2665 cla-

458 2842 583 2891 tium
610 2838 819 2901 denique
840 2852 1010 2885 eorum
1030 2837 1121 2901 qui
1136 2828 1482 2889 aecusatou‘am
1571 2839 1672 2887 seri
1706 2837 1824 2902 vigil
1853 2852 1970 2887 cura
1984 2872 2004 2900 ,
2035 2836 2284 2903 Capitolio
2309 2848 2480 2887 testata
2503 2836 2596 2887 de-

462 2918 693 2969 vivehant
716 2917 893 2975 vitam,
912 2916 1185 2981 improbam
1210 2916 1481 2966 mercedem

461 3016 521 3049 ex
564 2996 721 3046 aliena
768 2994 1037 3043 calamitate
1085 3005 1369 3059 qua-rentes.
1410 2996 1479 3043 m

458 3076 865 3145 quadruplatores
892 3072 1145 3138 appellati,
1177 3074 1315 3139 quod
1338 3090 1485 3139 quar-

463 3172 563 3207 m
586 3157 833 3205 honorum
855 3163 1045 3217 partem
1068 3154 1173 3215 ejus
1207 3156 1293 3219 qui
1324 3155 1483 3203 linerat

460 3240 713 3287 damnum
730 3267 747 3292 ‚
800 3231 1221 3294 consequebantur
1240 3250 1255 3292 3
1308 3245 1481 3297 postea

460 3320 707 3371 Cunarum
750 3310 1051 3376 temporibus
1095 3312 1338 3363 delatores
1383 3314 1485 3362 diei

460 3403 731 3461 coeperunt.
745 3390 955 3441 Sullanis
968 3406 1083 3438 vero
1098 3392 1399 3457 temporibus
1414 3392 1482 3441 ita

460 3477 705 3543 pollutum
722 3472 876 3519 fuerat
892 3471 1187 3519 accusatoris
1203 3487 1381 3519 nomen
1392 3506 1407 3531 ,
1425 3482 1483 3519 ut

464 3570 609 3605 nemo
634 3550 761 3601 illud
774 3585 791 3613 ,
823 3550 921 3597 uisi
941 3550 1253 3614 pravissimus
1275 3552 1481 3617 quiaque

456 3642 727 3699 usurparet.

533 3730 581 3762 π.
610 3706 790 3761 schiitz
810 3706 904 3771 leg.
930 3729 953 3751 ι
974 3725 1159 3769 verum,
1180 3726 1231 3773 q.
1246 3722 1339 3758 ete.
1356 3732 1407 3769 υ,
1422 3721 1479 3757 ut

462 3794 713 3845 molestam
735 3788 1073 3851 repetitionem
1098 3790 1252 3839 tollat.
1273 3792 1307 3838 J
1308 3827 1323 3839 .
1335 3792 1395 3837 V.
1422 3794 1477 3839 L.

526 3876 580 3921 3.
602 3865 878 3919 Anseribus.
897 3871 1121 3933 Quorum
1143 3870 1372 3935 clangore
1390 3887 1475 3918 no-

457 3966 543 4005 etu
578 3946 891 3999 ascendentes
929 3950 983 3997 in
1014 3950 1313 4013 Capitolium
1345 3950 1475 4001 Galli

456 4030 639 4097 proditi
666 4036 797 4075 sunt.
814 4028 872 4076 T.
892 4028 998 4076 Liv.
1013 4031 1077 4085 V,
1100 4038 1183 4087 47.
1202 4030 1340 4095 Vix-g.
1360 4032 1469 4080 AEn.

452 4113 598 4169 vm,
620 4106 739 4156 655.
768 4108 830 4154 Et
853 4106 979 4155 Plin.
1003 4108 1101 4155 XX
1124 4122 1137 4156 z
1164 4130 1187 4149 ο·
1205 4111 1287 4156 Est
1313 4120 1363 4157 et
1386 4126 1473 4157 an-

1567 2917 1734 2977 feuso,
1768 2934 1859 2983 per
1883 2918 1938 2967 id
1969 2928 2160 2984 tempus
2189 2934 2368 2967 eanum
2399 2918 2597 2967 silentio

1566 2996 1780 3061 proditis
1823 2996 1987 3047 rebus.
2032 2994 2360 3060 Quamobrem
2413 2996 2596 3045 cibaria

1567 3090 1792 3124 anserum
1811 3092 2035 3125 censores
2059 3076 2112 3122 in
2139 3075 2309 3140 primis
2331 3074 2497 3123 locant
2513 3098 2557 3124 ιι.

1641 3162 1692 3213 4.
1721 3156 2113 3205 eunuchatur.
2141 3156 2278 3215 Hoc,
2309 3155 2470 3219 inquit
2484 3156 2595 3203 Ma-

1567 3238 1756 3298 nutius,
1782 3238 1916 3287 nulla
1941 3237 2150 3287 traditur
2173 3236 2404 3294 historin
2427 3246 2476 3285 et
2493 3238 2596 3284 Ho-

1569 3328 1806 3367 tomanno
1841 3316 2018 3365 falsum
2039 3316 2249 3365 videtur.
2269 3316 2456 3379 Verum
2482 3314 2595 3381 quis

1571 3397 1760 3446 dubitet
1779 3396 1840 3444 de
1853 3396 2101 3445 Ciceronis
2117 3394 2248 3445 fide?
2271 3396 2442 3459 Neque
2459 3396 2594 3443 enim

1569 3476 1708 3540 quod
1727 3493 1871 3525 canes
1889 3476 2084 3524 silentio
2101 3492 2192 3525 suo
2217 3475 2366 3524 semel
2391 3475 2592 3539 Capito-

1567 3554 1690 3603 lium
1742 3550 2096 3619 prodidissent,
2135 3554 2324 3603 idcirco
2363 3553 2596 3615 ejiciendi

1569 3646 1738 3695 erant,
1773 3634 1998 3685 fidissimi
2030 3634 2316 3699 ceteroquin
2345 3632 2594 3681 custodes.

1569 3715 1696 3763 Satis
1729 3731 1983 3779 poenarum
2021 3713 2204 3762 dabant
2231 3712 2384 3777 aliqui
2423 3728 2594 3761 eorum

1568 3795 1830 3857 quotannis
1851 3794 1902 3843 iu
1927 3792 2183 3842 sambucea
2201 3791 2374 3839 arbore
2395 3789 2510 3849 fixi,
2538 3791 2596 3839 in

1566 3873 1784 3936 pristinas
1820 3873 2086 3922 oblivionis
2123 3869 2434 3936 supplicium.
2463 3869 2594 3919 Plin.

1567 3952 1782 4011 xxm,
1812 3961 1862 4009 4.

1638 4032 1684 4080 5.
1711 4036 1940 4081 Peccavit.
1963 4033 2029 4079 Ea
2059 4042 2196 4099 parte
2223 4038 2430 4094 peccant
2443 4064 2457 4088 ‚
2481 4044 2596 4093 quae

1563 4123 1636 4161 est
1665 4127 1850 4177 magna
1871 4110 2136 4176 diligentie
2155 4108 2412 4158 indicium.
