2984 4684
477 369 620 454 480
1123 369 1218 434 Μ.
1273 368 1352 434 Τ.
1407 365 1993 436 CICERONIS

474 488 810 561 nomine?
843 489 1008 558 Non
1029 541 1050 575 ‚
1085 487 1354 583 opinor
1388 511 1404 554 :
1445 487 1585 558 nisi
1612 485 1799 558 forte
1823 482 1853 528 ⁵
1890 486 1961 557 id
2000 487 2285 584 agimus
2306 541 2327 574 ‚
2362 512 2513 558 non
2546 503 2631 558 ut

431 613 436 619 ”
473 596 1006 698 magistratibus
1039 597 1310 668 uostris
1341 621 1623 667 moram
1650 595 2103 695 accipiundi,
2140 595 2267 667 sed
2302 611 2383 666 ut
2418 598 2633 668 sociis

471 733 758 780 causam
785 705 1006 778 dandi
1045 705 1304 778 afferre
1329 707 1729 778 videamur.
1760 705 1979 796 Quod
2024 707 2083 777 si
2122 730 2343 803 quem
2378 721 2631 778 statuae

473 842 920 918 magnopere
939 816 1326 905 delectant,
1353 831 1428 887 et
1448 817 1510 889 si
1528 819 1693 913 quis
1716 841 1967 888 earum
1990 816 2276 888 honore
2300 832 2372 888 et
2396 819 2631 914 gloria
2668 811 2677 822 ⁸

473 930 806 1003 ducitur·
789 983 808 1018 ,
877 930 936 998 is
983 927 1132 998 haec
1179 941 1426 998 tamen
1465 927 1863 999 constituat
1904 949 2199 998 necesse
2250 943 2415 1014 est;
2476 929 2630 1027 pri-

473 1065 718 1126 mum,
756 1041 984 1111 averti
1017 1038 1406 1137 pecuniam
1437 1035 1741 1108 domum
1778 1061 1929 1108 non
1970 1037 2292 1136 placere3
2326 1038 2630 1124 deinde,

474 1157 798 1252 ipsarum
840 1164 1244 1221 statuarum
1279 1147 1583 1220 modurn
1612 1148 2009 1244 quemdam
2054 1173 2209 1220 esse
2244 1163 2629 1248 oportere3

473 1261 741 1335 deinde
782 1260 998 1346 illud,
1031 1274 1226 1332 certe
1259 1257 1352 1330 ab
1395 1259 1639 1332 invitis
1672 1259 1863 1358 exigi
1904 1273 2459 1356 nonoportere.

571 1377 750 1444 LIX.
787 1375 888 1443 Ac
915 1370 1006 1442 de
1035 1367 1425 1441 avertenda
1443 1370 1792 1468 pecunia,
1820 1393 2069 1466 quaero
2096 1367 2225 1440 abs
2253 1382 2351 1455 te,
2377 1383 2631 1440 utrum

473 1488 646 1584 ipsae
687 1485 1010 1554 civitates
1045 1480 1270 1552 solitae
1305 1483 1452 1551 sint
1485 1494 1759 1551 statuas
1797 1478 1931 1551 tibi
1976 1477 2348 1550 faciundas
2394 1479 2633 1550 locare

479 1598 588 1684 ei,
618 1596 736 1666 cui
773 1606 1074 1692 possent
1110 1593 1386 1690 optima
1421 1589 1845 1662 conditione
1880 1591 2153 1678 locare,
2185 1614 2279 1662 an
2316 1591 2633 1688 aliquem

479 1720 887 1778 curatorem
927 1700 1294 1804 praeficere
1319 1757 1339 1788 ‚
1380 1703 1509 1799 qui
1535 1713 1555 1746 ¹
1590 1705 1843 1774 statuis
1879 1700 2237 1774 faciundis
2260 1717 2633 1802 praeesset,

479 1843 572 1888 an
603 1816 767 1902 tibi,
791 1839 884 1887 an
921 1815 1040 1884 cui
1084 1828 1166 1884 tu
1201 1813 1665 1910 imperasses‚
1694 1837 2173 1884 annumerare
2201 1814 2633 1912 pecuniam?

481 1931 664 2000 Nam
703 1928 762 1997 si
799 1949 931 2025 per
975 1948 1100 1994 eos
1143 1937 1394 1993 statuae
1437 1921 1749 2010 fiebant,
1791 1949 1834 1995 a
1876 1923 2145 2022 quibus
2170 1924 2304 1995 tibi
2330 1927 2461 1996 iste
2498 1925 2630 1994 ho-

481 2061 618 2108 nos
659 2033 1106 2122 habebatur;
1149 2031 1418 2104 audio²
1453 2061 1468 2102 ε
1510 2035 1621 2105 sin
1660 2034 2097 2106 Timarchidi
2134 2038 2443 2134 pecunia
2488 2061 2631 2105 nu-

480 2144 935 2231 merabatur-3
984 2141 1276 2232 desine,
1324 2167 1611 2239 quaese,
1656 2144 2035 2234 simulare,
2088 2161 2159 2217 te
2184 2200 2203 2234 ‚
2269 2171 2501 2242 quum
2553 2147 2631 2214 in

481 2253 864 2328 manifesto
937 2251 1134 2338 furto
1193 2268 1326 2324 tuo
1384 2268 1711 2343 teneare,
1774 2255 2017 2353 glorioe
2088 2255 2492 2327 studiosum
2546 2279 2633 2326 ac

481 2380 1135 2440 monumentorum
1173 2361 1418 2436 fuisse.

582 2477 780 2568 Quid
815 2475 1038 2547 vero?
1093 2475 1398 2546 modum
1431 2491 1833 2550 statuarum
1872 2475 2127 2550 haberi
2168 2475 2453 2548 nullum
2483 2475 2637 2574 pla-

483 2591 638 2663 cet?
659 2591 861 2686 atqui
887 2585 1245 2658 habeatur
1263 2610 1559 2658 necesse
1578 2601 1707 2659 est.
1726 2593 2011 2665 Etenim
2036 2588 2136 2658 sic
2154 2584 2629 2659 considerate.

481 2707 928 2798 Syracusana
951 2698 1198 2768 civitas
1227 2696 1349 2790 (ut
1382 2721 1541 2767 eam
1574 2699 2032 2795 potissimum
2062 2697 2484 2791 nominem)
2511 2694 2633 2766 de-

484 2813 592 2884 dit
615 2806 787 2908 ipsi³
806 2821 1146 2879 statuam:
1177 2819 1286 2876 est
1309 2805 1571 2878 honos.
1593 2812 1682 2877 Et
1710 2810 1935 2906 patri:
1966 2807 2149 2879 bella
2168 2807 2321 2877 haec
2345 2807 2633 2904 pietatis

485 2935 558 2992 et
578 2933 982 3017 quaestuosa
1013 2915 1394 2986 simulatio.
1423 2919 1513 2986 Et
1536 2915 1690 2988 filio
1716 2943 1733 2986 ι
1768 2915 1939 2988 ferri
1963 2916 2105 2988 hoc
2127 2931 2369 3016 potest
2390 2944 2409 3005 ;
2430 2915 2631 2986 hunc

555 3143 606 3188 5.
629 3137 742 3186 Nisi
740 3135 894 3202 sbi-te.
919 3134 1029 3183 Nisi
1055 3149 1148 3182 noe
1174 3149 1276 3182 non
1298 3143 1398 3181 tam
1417 3150 1520 3182 ma·

481 3221 766 3284 gistratuum
783 3213 1042 3280 cupiditati
1063 3213 1312 3261 obstamus
1327 3249 1341 3272 ,
1368 3230 1515 3276 quam

482 3302 528 3348 ei
553 3312 720 3348 causat
744 3293 1070 3364 extorquendi
1089 3293 1356 3341 afferimus.
1379 3296 1515 3341 Loco

1604 3135 1739 3184 tibus
1780 3135 2059 3201 accipiendi
2102 3150 2287 3183 morem
2300 3169 2315 3194 ,
2361 3133 2449 3183 sed
2482 3131 2633 3183 sociis

1604 3231 1795 3262 musam
1827 3214 1993 3264 dandi.

1676 3296 1810 3343 ux.
1838 3309 1881 3340 1.
1900 3293 2061 3342 Verba
2087 3293 2220 3351 hec,
2241 3294 2631 3359 -qui...praeee-

483 3377 670 3445 «ᾔει-νο
689 3375 835 3438 vulgo
853 3384 956 3421 erat
973 3372 1190 3438 auferre,
1219 3388 1366 3436 quem
1391 3373 1510 3422 Ern.

482 3460 597 3508 sen-i
623 3471 767 3522 posse
795 3453 1102 3501 existimabat
1117 3486 1132 3510 ‚
1158 3451 1200 3500 ei
1234 3452 1382 3500 verba
1417 3468 1517 3500 mo-

481 3555 583 3587 rem
621 3535 738 3603 (pro
783 3529 994 3596 moram)
1037 3541 1088 3579 et
1131 3547 1336 3578 causam
1377 3530 1515 3579 sedec

481 3623 830 3684 permutarent.
869 3615 1024 3665 Recte
1063 3613 1267 3661 Hotom.
1301 3611 1516 3672 conjecit

481 3697 743 3762 legendnm
780 3710 883 3742 esse
921 3690 1132 3758 afferre,
1172 3689 1306 3755 quod
1347 3702 1519 3757 postea

485 3779 538 3826 in
561 3773 674 3825 cod.
693 3774 884 3823 Metell.
903 3783 1152 3837 repertum
1176 3771 1400 3835 plerique
1419 3771 1517 3820 edi-

485 3869 616 3906 tores
633 3853 1094 3918 comprobavemnt.
1107 3852 1334 3899 Manutio
1353 3861 1517 3899 tamen

481 3936 668 4002 placuit
695 3948 922 3980 «morem
954 3930 1513 3995 accipiendi-..causam

483 4015 634 4064 dandi
658 4014 844 4062 aufem-e
859 4035 913 4072 n,
949 4012 1048 4060 hoc
1072 4027 1238 4060 semu:
1270 4013 1322 4060 si
1349 4009 1513 4060 absol-

481 4096 596 4143 vitis
613 4095 814 4140 Vei-nem
831 4126 845 4149 ,
869 4107 972 4139 non
999 4091 1229 4138 auferetis
1262 4090 1509 4154 magistra-

1602 3383 1738 3433 κει»,
1766 3373 1991 3422 Herelius
2022 3389 2127 3422 non
2152 3374 2258 3420 sine
2274 3375 2387 3434 iure
2416 3372 2631 3436 quodam

1601 3453 1805 3502 insititia
1819 3453 2075 3515 judicavit.
2094 3454 2144 3501 J.
2162 3453 2228 3501 V.
2256 3453 2311 3498 L.

1675 3547 1725 3582 α.
1755 3531 1936 3580 Audio.
1964 3531 2095 3580 Bene
2121 3543 2193 3581 est
2220 3547 2234 3580 ε
2276 3531 2399 3580 nihil
2428 3547 2630 3597 possum

1602 3611 1781 3661 dicere.

1681 3693 1729 3740 3.
1756 3692 1925 3740 Lectio
1954 3695 2009 3742 F.
2027 3689 2210 3742 Ursino
2236 3691 2470 3757 probata,
2500 3707 2631 3757 pre·

1606 3771 1773 3820 sertim
1808 3789 1835 3820 e
1872 3788 1982 3837 cap.
2018 3775 2083 3834 67
2109 3790 2121 3820 :
2148 3772 2425 3822 «C.Verris
2451 3773 2626 3837 ipsius,

1604 3863 1655 3900 et
1674 3851 1851 3916 patris,
1876 3861 1925 3899 et
1950 3851 2095 3900 filii».
2114 3851 2329 3901 Alteram
2350 3867 2498 3911 vero,
2518 3851 2624 3908 isa‘,

1602 3931 1687 3978 alii
1716 3933 1867 3995 mgis
1894 3931 2121 3995 probant.
2150 3934 2203 3981 J.
2224 3931 2289 3983 V.
2317 3931 2630 3994 L.—Nempe

1600 4009 1693 4058 alia
1726 4021 1800 4058 est
1824 4010 1874 4057 h.
1900 4010 1935 4057 l.
1961 4012 2087 4060 ratio
2103 4047 2117 4070 ,
2140 4011 2230 4060 ubi
2248 4010 2415 4060 Verris
2448 4025 2629 4060 nomeu

1600 4105 1699 4136 non
1728 4088 1942 4138 additur.
