<?xml version="1.0" encoding="UTF-8"?>
<!DOCTYPE html PUBLIC "-//W3C//DTD XHTML 1.0 Transitional//EN"
    "http://www.w3.org/TR/xhtml1/DTD/xhtml1-transitional.dtd">
<html xmlns="http://www.w3.org/1999/xhtml" xml:lang="en" lang="en">
 <head>
  <title>
</title>
<meta http-equiv="Content-Type" content="text/html;charset=utf-8" />
  <meta name='ocr-system' content='tesseract 3.04.00' />
  <meta name='ocr-capabilities' content='ocr_page ocr_carea ocr_par ocr_line ocrx_word'/>
</head>
<body>
  <div class='ocr_page' id='page_1' title='image "./mtciceronisquae03lemagoog_0377.png"; bbox 0 0 2984 4684; ppageno 0'>
   <div class='ocr_carea' id='block_1_1' title="bbox 768 380 2516 485">
    <p class='ocr_par' dir='ltr' id='par_1_1' title="bbox 768 380 2516 485">
     <span class='ocr_line' id='line_1_1' title="bbox 768 380 2516 485; baseline 0.003 -30"><span class='ocrx_word' id='word_1_1' title='bbox 768 380 877 455; x_wconf 79' lang='grc' dir='ltr'>ΙΝ</span> <span class='ocrx_word' id='word_1_2' title='bbox 927 383 1361 453; x_wconf 80' lang='lat' dir='ltr'>VERREM</span> <span class='ocrx_word' id='word_1_3' title='bbox 1408 384 1621 455; x_wconf 82' lang='lat' dir='ltr'>AcT.</span> <span class='ocrx_word' id='word_1_4' title='bbox 1675 386 1782 471; x_wconf 87' lang='lat'>11,</span> <span class='ocrx_word' id='word_1_5' title='bbox 1833 384 2020 455; x_wconf 84' lang='lat' dir='ltr'><strong>Llss.</strong></span> <span class='ocrx_word' id='word_1_6' title='bbox 2075 388 2129 455; x_wconf 90' lang='lat'>1.</span> <span class='ocrx_word' id='word_1_7' title='bbox 2379 386 2516 485; x_wconf 86' lang='lat'>337</span> 
     </span>
    </p>
   </div>
   <div class='ocr_carea' id='block_1_2' title="bbox 374 504 2531 2700">
    <p class='ocr_par' dir='ltr' id='par_1_2' title="bbox 374 504 2531 2700">
     <span class='ocr_line' id='line_1_2' title="bbox 376 504 2518 594; baseline 0.002 -17"><span class='ocrx_word' id='word_1_8' title='bbox 376 521 573 594; x_wconf 73' lang='lat' dir='ltr'>tum,</span> <span class='ocrx_word' id='word_1_9' title='bbox 613 519 974 577; x_wconf 85' lang='lat' dir='ltr'>sarmenta</span> <span class='ocrx_word' id='word_1_10' title='bbox 1029 504 1467 577; x_wconf 88' lang='lat' dir='ltr'>circumdata</span> <span class='ocrx_word' id='word_1_11' title='bbox 1486 559 1508 593; x_wconf 89' lang='lat'>‚</span> <span class='ocrx_word' id='word_1_12' title='bbox 1561 506 1892 577; x_wconf 89' lang='lat' dir='ltr'>lictorem</span> <span class='ocrx_word' id='word_1_13' title='bbox 1939 520 2152 579; x_wconf 87' lang='lat' dir='ltr'>tuum</span> <span class='ocrx_word' id='word_1_14' title='bbox 2197 510 2518 582; x_wconf 87' lang='lat' dir='ltr'>occisum</span> 
     </span>
     <span class='ocr_line' id='line_1_3' title="bbox 378 613 2518 714; baseline 0.003 -27"><span class='ocrx_word' id='word_1_15' title='bbox 378 640 533 687; x_wconf 88' lang='lat' dir='ltr'>esse</span> <span class='ocrx_word' id='word_1_16' title='bbox 564 615 769 705; x_wconf 89' lang='lat' dir='ltr'>dicis;</span> <span class='ocrx_word' id='word_1_17' title='bbox 801 615 1213 714; x_wconf 90' lang='lat' dir='ltr'>prodeundi</span> <span class='ocrx_word' id='word_1_18' title='bbox 1250 613 1387 687; x_wconf 82' lang='lat' dir='ltr'>tibi</span> <span class='ocrx_word' id='word_1_19' title='bbox 1420 617 1498 687; x_wconf 88' lang='lat' dir='ltr'>in</span> <span class='ocrx_word' id='word_1_20' title='bbox 1541 615 1918 714; x_wconf 88' lang='lat' dir='ltr'>publicum</span> <span class='ocrx_word' id='word_1_21' title='bbox 1949 632 2382 714; x_wconf 85' lang='lat' dir='ltr'>potestatem</span> <span class='ocrx_word' id='word_1_22' title='bbox 2417 620 2518 693; x_wconf 55' lang='lat' dir='ltr'>faa</span> 
     </span>
     <span class='ocr_line' id='line_1_4' title="bbox 378 725 2520 825; baseline 0.003 -28"><span class='ocrx_word' id='word_1_23' title='bbox 378 742 569 798; x_wconf 86' lang='lat' dir='ltr'>ctam</span> <span class='ocrx_word' id='word_1_24' title='bbox 592 750 809 825; x_wconf 83' lang='lat' dir='ltr'>negas</span> <span class='ocrx_word' id='word_1_25' title='bbox 832 754 848 797; x_wconf 76' lang='grc' dir='ltr'><em>ε</em></span> <span class='ocrx_word' id='word_1_26' title='bbox 875 750 1163 799; x_wconf 87' lang='lat' dir='ltr'>causam</span> <span class='ocrx_word' id='word_1_27' title='bbox 1188 725 1319 822; x_wconf 90' lang='lat' dir='ltr'>huj</span> <span class='ocrx_word' id='word_1_28' title='bbox 1330 750 1413 798; x_wconf 92' lang='lat' dir='ltr'>us</span> <span class='ocrx_word' id='word_1_29' title='bbox 1442 730 1623 798; x_wconf 89' lang='lat' dir='ltr'>tanti</span> <span class='ocrx_word' id='word_1_30' title='bbox 1649 729 1946 798; x_wconf 86' lang='lat' dir='ltr'>terroris</span> <span class='ocrx_word' id='word_1_31' title='bbox 1965 728 2304 801; x_wconf 87' lang='lat' dir='ltr'>occultas.</span> <span class='ocrx_word' id='word_1_32' title='bbox 2336 736 2520 803; x_wconf 83' lang='lat' dir='ltr'>Nam</span> 
     </span>
     <span class='ocr_line' id='line_1_5' title="bbox 378 836 2521 939; baseline 0.003 -33"><span class='ocrx_word' id='word_1_33' title='bbox 378 838 439 907; x_wconf 91' lang='lat' dir='ltr'>si</span> <span class='ocrx_word' id='word_1_34' title='bbox 460 862 681 934; x_wconf 86' lang='lat' dir='ltr'>quam</span> <span class='ocrx_word' id='word_1_35' title='bbox 702 836 1017 909; x_wconf 84' lang='lat' dir='ltr'>Rubrius</span> <span class='ocrx_word' id='word_1_36' title='bbox 1044 837 1383 931; x_wconf 87' lang='lat' dir='ltr'>injuriam</span> <span class='ocrx_word' id='word_1_37' title='bbox 1400 862 1536 909; x_wconf 86' lang='lat' dir='ltr'>suo</span> <span class='ocrx_word' id='word_1_38' title='bbox 1555 840 1888 925; x_wconf 89' lang='lat' dir='ltr'>nomine,</span> <span class='ocrx_word' id='word_1_39' title='bbox 1915 862 1998 909; x_wconf 89' lang='lat' dir='ltr'>ac</span> <span class='ocrx_word' id='word_1_40' title='bbox 2027 861 2181 909; x_wconf 89' lang='lat' dir='ltr'>uon</span> <span class='ocrx_word' id='word_1_41' title='bbox 2199 840 2521 939; x_wconf 90' lang='lat' dir='ltr'>impulsu</span> 
     </span>
     <span class='ocr_line' id='line_1_6' title="bbox 381 945 2522 1047; baseline 0.004 -30"><span class='ocrx_word' id='word_1_42' title='bbox 381 961 510 1019; x_wconf 89' lang='lat' dir='ltr'>tuo</span> <span class='ocrx_word' id='word_1_43' title='bbox 556 960 631 1019; x_wconf 89' lang='lat' dir='ltr'>et</span> <span class='ocrx_word' id='word_1_44' title='bbox 679 963 805 1022; x_wconf 87' lang='lat' dir='ltr'>tua</span> <span class='ocrx_word' id='word_1_45' title='bbox 840 947 1231 1047; x_wconf 86' lang='lat' dir='ltr'>cupiditate</span> <span class='ocrx_word' id='word_1_46' title='bbox 1273 945 1594 1038; x_wconf 84' lang='lat' dir='ltr'>fecisset3</span> <span class='ocrx_word' id='word_1_47' title='bbox 1642 947 1734 1019; x_wconf 92' lang='lat' dir='ltr'>de</span> <span class='ocrx_word' id='word_1_48' title='bbox 1785 948 1894 1018; x_wconf 91' lang='lat' dir='ltr'>tui</span> <span class='ocrx_word' id='word_1_49' title='bbox 1937 950 2223 1021; x_wconf 90' lang='lat' dir='ltr'>comitis</span> <span class='ocrx_word' id='word_1_50' title='bbox 2259 952 2522 1047; x_wconf 86' lang='lat' dir='ltr'>injuria</span> 
     </span>
     <span class='ocr_line' id='line_1_7' title="bbox 377 1056 2515 1158; baseline 0.003 -30"><span class='ocrx_word' id='word_1_51' title='bbox 377 1072 721 1155; x_wconf 86' lang='lat' dir='ltr'>questum</span> <span class='ocrx_word' id='word_1_52' title='bbox 752 1056 844 1129; x_wconf 87' lang='lat' dir='ltr'>ad</span> <span class='ocrx_word' id='word_1_53' title='bbox 872 1071 943 1129; x_wconf 88' lang='lat' dir='ltr'>te</span> <span class='ocrx_word' id='word_1_54' title='bbox 967 1058 1236 1156; x_wconf 80' lang='lat' dir='ltr'>potiuS‚</span> <span class='ocrx_word' id='word_1_55' title='bbox 1263 1082 1483 1157; x_wconf 87' lang='lat' dir='ltr'>quam</span> <span class='ocrx_word' id='word_1_56' title='bbox 1515 1073 1587 1131; x_wconf 85' lang='lat' dir='ltr'>te</span> <span class='ocrx_word' id='word_1_57' title='bbox 1619 1074 2122 1158; x_wconf 88' lang='lat' dir='ltr'>oppugnatum</span> <span class='ocrx_word' id='word_1_58' title='bbox 2159 1064 2515 1134; x_wconf 81' lang='lat' dir='ltr'>venirent.</span> 
     </span>
     <span class='ocr_line' id='line_1_8' title="bbox 374 1167 2520 1266; baseline 0.004 -29"><span class='ocrx_word' id='word_1_59' title='bbox 374 1169 627 1257; x_wconf 85' lang='lat' dir='ltr'>Quum</span> <span class='ocrx_word' id='word_1_60' title='bbox 664 1169 907 1265; x_wconf 86' lang='lat' dir='ltr'>igitur,</span> <span class='ocrx_word' id='word_1_61' title='bbox 937 1194 1099 1266; x_wconf 84' lang='lat' dir='ltr'>quae</span> <span class='ocrx_word' id='word_1_62' title='bbox 1135 1192 1349 1241; x_wconf 88' lang='lat' dir='ltr'>causa</span> <span class='ocrx_word' id='word_1_63' title='bbox 1384 1169 1574 1243; x_wconf 90' lang='lat' dir='ltr'>illius</span> <span class='ocrx_word' id='word_1_64' title='bbox 1611 1169 1970 1242; x_wconf 89' lang='lat' dir='ltr'>tumultus</span> <span class='ocrx_word' id='word_1_65' title='bbox 2010 1167 2266 1261; x_wconf 84' lang='lat' dir='ltr'>fuerit,</span> <span class='ocrx_word' id='word_1_66' title='bbox 2304 1185 2520 1245; x_wconf 89' lang='lat' dir='ltr'>testes</span> 
     </span>
     <span class='ocr_line' id='line_1_9' title="bbox 378 1277 2522 1380; baseline 0.002 -31"><span class='ocrx_word' id='word_1_67' title='bbox 378 1302 417 1349; x_wconf 91' lang='lat' dir='ltr'>a</span> <span class='ocrx_word' id='word_1_68' title='bbox 454 1277 673 1351; x_wconf 91' lang='lat' dir='ltr'>nobis</span> <span class='ocrx_word' id='word_1_69' title='bbox 698 1277 1041 1377; x_wconf 86' lang='lat' dir='ltr'>producti</span> <span class='ocrx_word' id='word_1_70' title='bbox 1067 1278 1417 1369; x_wconf 84' lang='lat' dir='ltr'>dixerint,</span> <span class='ocrx_word' id='word_1_71' title='bbox 1448 1282 1606 1380; x_wconf 87' lang='lat' dir='ltr'>ipse</span> <span class='ocrx_word' id='word_1_72' title='bbox 1638 1281 1922 1371; x_wconf 83' lang='lat' dir='ltr'>celarit3</span> <span class='ocrx_word' id='word_1_73' title='bbox 1957 1306 2206 1353; x_wconf 90' lang='lat' dir='ltr'>nonne</span> <span class='ocrx_word' id='word_1_74' title='bbox 2235 1306 2522 1356; x_wconf 84' lang='lat' dir='ltr'>causam</span> 
     </span>
     <span class='ocr_line' id='line_1_10' title="bbox 378 1388 2522 1489; baseline 0.002 -30"><span class='ocrx_word' id='word_1_75' title='bbox 378 1388 602 1476; x_wconf 85' lang='lat' dir='ltr'>hanc,</span> <span class='ocrx_word' id='word_1_76' title='bbox 642 1412 864 1486; x_wconf 89' lang='lat' dir='ltr'>quam</span> <span class='ocrx_word' id='word_1_77' title='bbox 902 1414 1040 1461; x_wconf 91' lang='lat' dir='ltr'>nos</span> <span class='ocrx_word' id='word_1_78' title='bbox 1073 1392 1625 1489; x_wconf 86' lang='lat' dir='ltr'>proposuimus,</span> <span class='ocrx_word' id='word_1_79' title='bbox 1667 1406 1824 1462; x_wconf 89' lang='lat' dir='ltr'>tum</span> <span class='ocrx_word' id='word_1_80' title='bbox 1856 1390 2151 1461; x_wconf 86' lang='lat' dir='ltr'>illorum</span> <span class='ocrx_word' id='word_1_81' title='bbox 2191 1396 2522 1464; x_wconf 87' lang='lat' dir='ltr'>testimo-</span> 
     </span>
     <span class='ocr_line' id='line_1_11' title="bbox 377 1499 2332 1601; baseline 0.001 -31"><span class='ocrx_word' id='word_1_82' title='bbox 377 1502 497 1571; x_wconf 90' lang='lat' dir='ltr'>nia</span> <span class='ocrx_word' id='word_1_83' title='bbox 520 1556 540 1588; x_wconf 88' lang='lat'>‚</span> <span class='ocrx_word' id='word_1_84' title='bbox 585 1515 743 1571; x_wconf 89' lang='lat' dir='ltr'>tum</span> <span class='ocrx_word' id='word_1_85' title='bbox 779 1502 985 1572; x_wconf 89' lang='lat' dir='ltr'>istius</span> <span class='ocrx_word' id='word_1_86' title='bbox 1022 1504 1471 1573; x_wconf 85' lang='lat' dir='ltr'>taciturnitas</span> <span class='ocrx_word' id='word_1_87' title='bbox 1509 1516 1869 1601; x_wconf 87' lang='lat' dir='ltr'>perpetua</span> <span class='ocrx_word' id='word_1_88' title='bbox 1901 1499 2332 1573; x_wconf 82' lang='lat' dir='ltr'>confirmat?</span> 
     </span>
     <span class='ocr_line' id='line_1_12' title="bbox 474 1611 2522 1711; baseline 0.001 -28"><span class='ocrx_word' id='word_1_89' title='bbox 474 1614 769 1683; x_wconf 87' lang='lat' dir='ltr'>XXXII.</span> <span class='ocrx_word' id='word_1_90' title='bbox 812 1612 997 1683; x_wconf 89' lang='lat' dir='ltr'>Huic</span> <span class='ocrx_word' id='word_1_91' title='bbox 1026 1611 1310 1683; x_wconf 90' lang='lat' dir='ltr'>homini</span> <span class='ocrx_word' id='word_1_92' title='bbox 1342 1616 1653 1711; x_wconf 81' lang='lat' dir='ltr'>parcetis</span> <span class='ocrx_word' id='word_1_93' title='bbox 1697 1614 1942 1710; x_wconf 88' lang='lat' dir='ltr'>igitur,</span> <span class='ocrx_word' id='word_1_94' title='bbox 1959 1612 2278 1709; x_wconf 76' lang='lat' dir='ltr'>judiceS,</span> <span class='ocrx_word' id='word_1_95' title='bbox 2310 1613 2522 1709; x_wconf 85' lang='lat' dir='ltr'>cujus</span> 
     </span>
     <span class='ocr_line' id='line_1_13' title="bbox 380 1720 2526 1821; baseline 0.002 -30"><span class='ocrx_word' id='word_1_96' title='bbox 380 1735 577 1793; x_wconf 89' lang='lat' dir='ltr'>tanta</span> <span class='ocrx_word' id='word_1_97' title='bbox 615 1737 908 1819; x_wconf 88' lang='lat' dir='ltr'>peccata</span> <span class='ocrx_word' id='word_1_98' title='bbox 941 1736 1150 1812; x_wconf 84' lang='lat' dir='ltr'>sunt,</span> <span class='ocrx_word' id='word_1_99' title='bbox 1179 1736 1265 1794; x_wconf 88' lang='lat' dir='ltr'>ut</span> <span class='ocrx_word' id='word_1_100' title='bbox 1304 1725 1395 1813; x_wconf 84' lang='lat' dir='ltr'>ii,</span> <span class='ocrx_word' id='word_1_101' title='bbox 1431 1721 1706 1821; x_wconf 89' lang='lat' dir='ltr'>quibus</span> <span class='ocrx_word' id='word_1_102' title='bbox 1745 1723 2044 1819; x_wconf 88' lang='lat' dir='ltr'>injurias</span> <span class='ocrx_word' id='word_1_103' title='bbox 2087 1720 2377 1811; x_wconf 86' lang='lat' dir='ltr'>fecerit,</span> <span class='ocrx_word' id='word_1_104' title='bbox 2407 1748 2526 1795; x_wconf 56' lang='lat' dir='ltr'>ne-⁸</span> 
     </span>
     <span class='ocr_line' id='line_1_14' title="bbox 378 1830 2525 1933; baseline 0.002 -33"><span class='ocrx_word' id='word_1_105' title='bbox 378 1856 524 1928; x_wconf 90' lang='lat' dir='ltr'>que</span> <span class='ocrx_word' id='word_1_106' title='bbox 569 1830 973 1928; x_wconf 87' lang='lat' dir='ltr'>legitimum</span> <span class='ocrx_word' id='word_1_107' title='bbox 1010 1845 1345 1931; x_wconf 84' lang='lat' dir='ltr'>tempus¹</span> <span class='ocrx_word' id='word_1_108' title='bbox 1398 1850 1818 1933; x_wconf 83' lang='lat' dir='ltr'>exspectare</span> <span class='ocrx_word' id='word_1_109' title='bbox 1851 1833 1942 1905; x_wconf 84' lang='lat' dir='ltr'>ad</span> <span class='ocrx_word' id='word_1_110' title='bbox 1981 1832 2525 1924; x_wconf 88' lang='lat' dir='ltr'>ulciscendum,-</span> 
     </span>
     <span class='ocr_line' id='line_1_15' title="bbox 378 1940 2526 2043; baseline 0.002 -32"><span class='ocrx_word' id='word_1_111' title='bbox 378 1966 623 2039; x_wconf 86' lang='lat' dir='ltr'>neque</span> <span class='ocrx_word' id='word_1_112' title='bbox 663 1943 813 2012; x_wconf 81' lang='lat' dir='ltr'>vim</span> <span class='ocrx_word' id='word_1_113' title='bbox 859 1956 1135 2015; x_wconf 83' lang='lat' dir='ltr'>tantam</span> <span class='ocrx_word' id='word_1_114' title='bbox 1185 1942 1452 2014; x_wconf 89' lang='lat' dir='ltr'>doloris</span> <span class='ocrx_word' id='word_1_115' title='bbox 1498 1948 1575 2015; x_wconf 88' lang='lat' dir='ltr'>in</span> <span class='ocrx_word' id='word_1_116' title='bbox 1619 1958 1998 2041; x_wconf 87' lang='lat' dir='ltr'>posterum</span> <span class='ocrx_word' id='word_1_117' title='bbox 2041 1940 2334 2014; x_wconf 85' lang='lat' dir='ltr'>differre</span> <span class='ocrx_word' id='word_1_118' title='bbox 2389 1968 2526 2043; x_wconf 88' lang='lat' dir='ltr'>po-</span> 
     </span>
     <span class='ocr_line' id='line_1_16' title="bbox 380 2051 2528 2150; baseline 0.002 -29"><span class='ocrx_word' id='word_1_119' title='bbox 380 2051 697 2122; x_wconf 78' lang='lat' dir='ltr'>tuerint?</span> <span class='ocrx_word' id='word_1_120' title='bbox 742 2052 1277 2124; x_wconf 86' lang='lat' dir='ltr'>Circumsessus</span> <span class='ocrx_word' id='word_1_121' title='bbox 1314 2078 1387 2123; x_wconf 87' lang='lat' dir='ltr'>es</span> <span class='ocrx_word' id='word_1_122' title='bbox 1422 2074 1439 2121; x_wconf 74' lang='lat' dir='ltr'>t</span> <span class='ocrx_word' id='word_1_123' title='bbox 1478 2075 1520 2123; x_wconf 90' lang='lat' dir='ltr'>a</span> <span class='ocrx_word' id='word_1_124' title='bbox 1553 2052 1869 2150; x_wconf 83' lang='lat' dir='ltr'>quibus?</span> <span class='ocrx_word' id='word_1_125' title='bbox 1907 2076 1949 2123; x_wconf 87' lang='lat' dir='ltr'>a</span> <span class='ocrx_word' id='word_1_126' title='bbox 1983 2054 2528 2150; x_wconf 80' lang='lat' dir='ltr'>LampsaceniS,</span> 
     </span>
     <span class='ocr_line' id='line_1_17' title="bbox 377 2159 2528 2261; baseline 0.001 -29"><span class='ocrx_word' id='word_1_127' title='bbox 377 2159 702 2233; x_wconf 85' lang='lat' dir='ltr'>barbaris</span> <span class='ocrx_word' id='word_1_128' title='bbox 730 2160 1185 2252; x_wconf 72' lang='lat' dir='ltr'>hominibuS,</span> <span class='ocrx_word' id='word_1_129' title='bbox 1210 2162 1456 2251; x_wconf 79' lang='lat' dir='ltr'>credo,</span> <span class='ocrx_word' id='word_1_130' title='bbox 1492 2176 1621 2234; x_wconf 89' lang='lat' dir='ltr'>aut</span> <span class='ocrx_word' id='word_1_131' title='bbox 1648 2164 1770 2252; x_wconf 90' lang='lat' dir='ltr'>iis,</span> <span class='ocrx_word' id='word_1_132' title='bbox 1799 2165 1926 2260; x_wconf 92' lang='lat' dir='ltr'>qui</span> <span class='ocrx_word' id='word_1_133' title='bbox 1957 2161 2216 2261; x_wconf 91' lang='lat' dir='ltr'>populi</span> <span class='ocrx_word' id='word_1_134' title='bbox 2243 2170 2528 2235; x_wconf 87' lang='lat' dir='ltr'>romani</span> 
     </span>
     <span class='ocr_line' id='line_1_18' title="bbox 378 2269 2531 2363; baseline 0.002 -22"><span class='ocrx_word' id='word_1_135' title='bbox 378 2296 651 2344; x_wconf 90' lang='lat' dir='ltr'>nomen</span> <span class='ocrx_word' id='word_1_136' title='bbox 712 2286 1291 2344; x_wconf 86' lang='lat' dir='ltr'>contemnerent.</span> <span class='ocrx_word' id='word_1_137' title='bbox 1356 2276 1514 2344; x_wconf 88' lang='lat' dir='ltr'>Imo</span> <span class='ocrx_word' id='word_1_138' title='bbox 1563 2297 1742 2344; x_wconf 82' lang='lat' dir='ltr'>vero</span> <span class='ocrx_word' id='word_1_139' title='bbox 1793 2270 1885 2343; x_wconf 90' lang='lat' dir='ltr'>ab</span> <span class='ocrx_word' id='word_1_140' title='bbox 1929 2269 2400 2363; x_wconf 80' lang='lat' dir='ltr'>hominibus,</span> <span class='ocrx_word' id='word_1_141' title='bbox 2455 2288 2531 2345; x_wconf 85' lang='lat' dir='ltr'>et</span> 
     </span>
     <span class='ocr_line' id='line_1_19' title="bbox 378 2382 2525 2479; baseline 0.001 -26"><span class='ocrx_word' id='word_1_142' title='bbox 378 2396 673 2471; x_wconf 84' lang='lat' dir='ltr'>natura,</span> <span class='ocrx_word' id='word_1_143' title='bbox 730 2396 807 2453; x_wconf 86' lang='lat' dir='ltr'>et</span> <span class='ocrx_word' id='word_1_144' title='bbox 857 2382 1391 2455; x_wconf 87' lang='lat' dir='ltr'>consuetudine</span> <span class='ocrx_word' id='word_1_145' title='bbox 1418 2436 1437 2471; x_wconf 89' lang='lat'>,</span> <span class='ocrx_word' id='word_1_146' title='bbox 1494 2396 1570 2453; x_wconf 89' lang='lat' dir='ltr'>et</span> <span class='ocrx_word' id='word_1_147' title='bbox 1625 2382 2001 2479; x_wconf 85' lang='lat' dir='ltr'>disciplina</span> <span class='ocrx_word' id='word_1_148' title='bbox 2051 2382 2525 2473; x_wconf 76' lang='lat' dir='ltr'>lenissimis23</span> 
     </span>
     <span class='ocr_line' id='line_1_20' title="bbox 380 2491 2526 2591; baseline 0.001 -29"><span class='ocrx_word' id='word_1_149' title='bbox 380 2516 607 2589; x_wconf 85' lang='lat' dir='ltr'>porro</span> <span class='ocrx_word' id='word_1_150' title='bbox 659 2505 905 2563; x_wconf 85' lang='lat' dir='ltr'>autem</span> <span class='ocrx_word' id='word_1_151' title='bbox 946 2492 1204 2591; x_wconf 83' lang='lat' dir='ltr'>populi</span> <span class='ocrx_word' id='word_1_152' title='bbox 1244 2492 1569 2581; x_wconf 86' lang='lat' dir='ltr'>romani,</span> <span class='ocrx_word' id='word_1_153' title='bbox 1622 2492 2041 2564; x_wconf 89' lang='lat' dir='ltr'>conditione</span> <span class='ocrx_word' id='word_1_154' title='bbox 2086 2494 2338 2581; x_wconf 68' lang='lat' dir='ltr'>sociis,</span> <span class='ocrx_word' id='word_1_155' title='bbox 2376 2491 2526 2564; x_wconf 85' lang='lat' dir='ltr'>for-</span> 
     </span>
     <span class='ocr_line' id='line_1_21' title="bbox 381 2590 2524 2700; baseline 0.001 -29"><span class='ocrx_word' id='word_1_156' title='bbox 381 2615 557 2673; x_wconf 91' lang='lat' dir='ltr'>tuna</span> <span class='ocrx_word' id='word_1_157' title='bbox 598 2603 857 2687; x_wconf 81' lang='lat' dir='ltr'>serviS,</span> <span class='ocrx_word' id='word_1_158' title='bbox 884 2590 1274 2672; x_wconf 86' lang='lat' dir='ltr'>&#39;voluntate</span> <span class='ocrx_word' id='word_1_159' title='bbox 1318 2596 1817 2699; x_wconf 84' lang='lat' dir='ltr'>supplicibus³</span> <span class='ocrx_word' id='word_1_160' title='bbox 1859 2629 1877 2671; x_wconf 91' lang='lat'>:</span> <span class='ocrx_word' id='word_1_161' title='bbox 1925 2616 2010 2671; x_wconf 88' lang='lat' dir='ltr'>ut</span> <span class='ocrx_word' id='word_1_162' title='bbox 2055 2603 2524 2700; x_wconf 88' lang='lat' dir='ltr'>perspicuum</span> 
     </span>
    </p>
   </div>
   <div class='ocr_carea' id='block_1_3' title="bbox 268 2708 2525 2805">
    <p class='ocr_par' dir='ltr' id='par_1_3' title="bbox 268 2708 2525 2805">
     <span class='ocr_line' id='line_1_22' title="bbox 268 2708 2525 2805; baseline 0.001 -24"><span class='ocrx_word' id='word_1_163' title='bbox 268 2711 275 2717; x_wconf 83' lang='grc'>’</span> <span class='ocrx_word' id='word_1_164' title='bbox 378 2712 471 2781; x_wconf 83' lang='lat' dir='ltr'>sit</span> <span class='ocrx_word' id='word_1_165' title='bbox 519 2708 903 2799; x_wconf 87' lang='lat' dir='ltr'>omnibus,</span> <span class='ocrx_word' id='word_1_166' title='bbox 964 2713 1105 2781; x_wconf 90' lang='lat' dir='ltr'>nisi</span> <span class='ocrx_word' id='word_1_167' title='bbox 1159 2724 1359 2781; x_wconf 89' lang='lat' dir='ltr'>tanta</span> <span class='ocrx_word' id='word_1_168' title='bbox 1403 2708 1757 2782; x_wconf 86' lang='lat' dir='ltr'>acerbitas</span> <span class='ocrx_word' id='word_1_169' title='bbox 1806 2709 2117 2805; x_wconf 78' lang='lat' dir='ltr'>injuriae,</span> <span class='ocrx_word' id='word_1_170' title='bbox 2165 2726 2365 2783; x_wconf 88' lang='lat' dir='ltr'>tanta</span> <span class='ocrx_word' id='word_1_171' title='bbox 2417 2714 2525 2783; x_wconf 84' lang='lat' dir='ltr'>vis</span> 
     </span>
    </p>
   </div>
   <div class='ocr_carea' id='block_1_4' title="bbox 380 2819 2528 3142">
    <p class='ocr_par' dir='ltr' id='par_1_4' title="bbox 380 2819 2528 3142">
     <span class='ocr_line' id='line_1_23' title="bbox 380 2819 2528 2921; baseline 0.001 -28"><span class='ocrx_word' id='word_1_172' title='bbox 380 2821 664 2893; x_wconf 90' lang='lat' dir='ltr'>sceleris</span> <span class='ocrx_word' id='word_1_173' title='bbox 706 2820 993 2909; x_wconf 85' lang='lat' dir='ltr'>fuisset,</span> <span class='ocrx_word' id='word_1_174' title='bbox 1046 2834 1132 2893; x_wconf 90' lang='lat' dir='ltr'>ut</span> <span class='ocrx_word' id='word_1_175' title='bbox 1178 2823 1649 2919; x_wconf 87' lang='lat' dir='ltr'>Lampsaceni</span> <span class='ocrx_word' id='word_1_176' title='bbox 1693 2819 2160 2893; x_wconf 88' lang='lat' dir='ltr'>moriendum</span> <span class='ocrx_word' id='word_1_177' title='bbox 2207 2820 2344 2891; x_wconf 89' lang='lat' dir='ltr'>sibi</span> <span class='ocrx_word' id='word_1_178' title='bbox 2388 2846 2528 2921; x_wconf 89' lang='lat' dir='ltr'>po-</span> 
     </span>
     <span class='ocr_line' id='line_1_24' title="bbox 380 2931 2526 3033; baseline 0.002 -32"><span class='ocrx_word' id='word_1_179' title='bbox 380 2934 560 3022; x_wconf 86' lang='lat' dir='ltr'>tius,</span> <span class='ocrx_word' id='word_1_180' title='bbox 602 2956 826 3031; x_wconf 88' lang='lat' dir='ltr'>quam</span> <span class='ocrx_word' id='word_1_181' title='bbox 870 2931 1433 3033; x_wconf 88' lang='lat' dir='ltr'>perpetiendum</span> <span class='ocrx_word' id='word_1_182' title='bbox 1478 2945 1862 3031; x_wconf 87' lang='lat' dir='ltr'>putarent,</span> <span class='ocrx_word' id='word_1_183' title='bbox 1915 2954 2322 3028; x_wconf 88' lang='lat' dir='ltr'>numquam</span> <span class='ocrx_word' id='word_1_184' title='bbox 2363 2932 2526 3006; x_wconf 89' lang='lat' dir='ltr'>illos</span> 
     </span>
     <span class='ocr_line' id='line_1_25' title="bbox 380 3039 2524 3142; baseline 0.001 -30"><span class='ocrx_word' id='word_1_185' title='bbox 380 3046 457 3112; x_wconf 91' lang='lat' dir='ltr'>in</span> <span class='ocrx_word' id='word_1_186' title='bbox 512 3067 682 3115; x_wconf 87' lang='lat' dir='ltr'>eum</span> <span class='ocrx_word' id='word_1_187' title='bbox 722 3042 968 3115; x_wconf 90' lang='lat' dir='ltr'>locum</span> <span class='ocrx_word' id='word_1_188' title='bbox 1016 3058 1532 3142; x_wconf 85' lang='lat' dir='ltr'>progressuros</span> <span class='ocrx_word' id='word_1_189' title='bbox 1581 3039 1844 3131; x_wconf 83' lang='lat' dir='ltr'>fuisse,</span> <span class='ocrx_word' id='word_1_190' title='bbox 1898 3055 1984 3111; x_wconf 89' lang='lat' dir='ltr'>ut</span> <span class='ocrx_word' id='word_1_191' title='bbox 2019 3040 2524 3114; x_wconf 86' lang='lat' dir='ltr'>vehementius</span> 
     </span>
    </p>
   </div>
   <div class='ocr_carea' id='block_1_5' title="bbox 379 3262 2522 3362">
    <p class='ocr_par' dir='ltr' id='par_1_5' title="bbox 379 3262 2522 3362">
     <span class='ocr_line' id='line_1_26' title="bbox 379 3262 2522 3362; baseline 0 -29"><span class='ocrx_word' id='word_1_192' title='bbox 379 3262 659 3352; x_wconf 88' lang='lat' dir='ltr'>Nolite,</span> <span class='ocrx_word' id='word_1_193' title='bbox 688 3287 823 3362; x_wconf 90' lang='lat' dir='ltr'>per</span> <span class='ocrx_word' id='word_1_194' title='bbox 855 3262 1031 3337; x_wconf 87' lang='lat' dir='ltr'>deos</span> <span class='ocrx_word' id='word_1_195' title='bbox 1066 3262 1538 3355; x_wconf 82' lang='lat' dir='ltr'>immortales,</span> <span class='ocrx_word' id='word_1_196' title='bbox 1579 3287 1838 3362; x_wconf 89' lang='lat' dir='ltr'>cogere</span> <span class='ocrx_word' id='word_1_197' title='bbox 1880 3264 2117 3335; x_wconf 86' lang='lat' dir='ltr'>socios</span> <span class='ocrx_word' id='word_1_198' title='bbox 2155 3273 2375 3358; x_wconf 88' lang='lat' dir='ltr'>atque</span> <span class='ocrx_word' id='word_1_199' title='bbox 2403 3286 2522 3333; x_wconf 84' lang='lat' dir='ltr'>ex-</span> 
     </span>
    </p>
   </div>
   <div class='ocr_carea' id='block_1_6' title="bbox 377 3464 2526 4169">
    <p class='ocr_par' dir='ltr' id='par_1_6' title="bbox 377 3464 2526 4169">
     <span class='ocr_line' id='line_1_27' title="bbox 450 3464 2523 3535; baseline 0.002 -22"><span class='ocrx_word' id='word_1_200' title='bbox 450 3466 675 3515; x_wconf 80' lang='lat' dir='ltr'>xxxn.</span> <span class='ocrx_word' id='word_1_201' title='bbox 696 3482 743 3517; x_wconf 80' lang='grc' dir='ltr'>ι.</span> <span class='ocrx_word' id='word_1_202' title='bbox 758 3464 1045 3533; x_wconf 68' lang='lat' dir='ltr'>Legitimum</span> <span class='ocrx_word' id='word_1_203' title='bbox 1062 3478 1262 3535; x_wconf 77' lang='lat' dir='ltr'>tempus.</span> <span class='ocrx_word' id='word_1_204' title='bbox 1275 3472 1407 3535; x_wconf 83' lang='lat' dir='ltr'>Quo,</span> <span class='ocrx_word' id='word_1_205' title='bbox 1497 3466 1714 3520; x_wconf 71' lang='lat' dir='ltr'>Brisoon.</span> <span class='ocrx_word' id='word_1_206' title='bbox 1739 3468 1800 3519; x_wconf 75' lang='lat' dir='ltr'>de</span> <span class='ocrx_word' id='word_1_207' title='bbox 1827 3468 2042 3519; x_wconf 71' lang='lat' dir='ltr'>Fon-mul.</span> <span class='ocrx_word' id='word_1_208' title='bbox 2065 3468 2158 3519; x_wconf 78' lang='lat' dir='ltr'>nh.</span> <span class='ocrx_word' id='word_1_209' title='bbox 2187 3468 2266 3529; x_wconf 90' lang='lat'>11,</span> <span class='ocrx_word' id='word_1_210' title='bbox 2301 3481 2414 3531; x_wconf 71' lang='lat' dir='ltr'>cap.</span> <span class='ocrx_word' id='word_1_211' title='bbox 2435 3474 2523 3523; x_wconf 69' lang='lat'>2⁴.</span> 
     </span>
     <span class='ocr_line' id='line_1_28' title="bbox 380 3542 2526 3614; baseline 0 -19"><span class='ocrx_word' id='word_1_212' title='bbox 380 3542 525 3595; x_wconf 81' lang='lat' dir='ltr'>finito</span> <span class='ocrx_word' id='word_1_213' title='bbox 574 3546 883 3609; x_wconf 69' lang='lat' dir='ltr'>magistratus</span> <span class='ocrx_word' id='word_1_214' title='bbox 928 3560 1148 3614; x_wconf 73' lang='lat' dir='ltr'>tunpore</span> <span class='ocrx_word' id='word_1_215' title='bbox 1162 3582 1179 3609; x_wconf 86' lang='lat'>,</span> <span class='ocrx_word' id='word_1_216' title='bbox 1228 3550 1410 3600; x_wconf 76' lang='lat' dir='ltr'>licebat</span> <span class='ocrx_word' id='word_1_217' title='bbox 1464 3578 1473 3587; x_wconf 86' lang='lat'><strong>·</strong></span> <span class='ocrx_word' id='word_1_218' title='bbox 1569 3565 1622 3600; x_wconf 66' lang='grc' dir='ltr'>α.</span> <span class='ocrx_word' id='word_1_219' title='bbox 1640 3547 1926 3597; x_wconf 66' lang='lat' dir='ltr'>lenissimis.</span> <span class='ocrx_word' id='word_1_220' title='bbox 1936 3547 2082 3597; x_wconf 82' lang='lat' dir='ltr'>Unde</span> <span class='ocrx_word' id='word_1_221' title='bbox 2095 3546 2310 3595; x_wconf 75' lang='lat' dir='ltr'>atrocior</span> <span class='ocrx_word' id='word_1_222' title='bbox 2330 3544 2526 3595; x_wconf 78' lang='lat' dir='ltr'>videtur</span> 
     </span>
     <span class='ocr_line' id='line_1_29' title="bbox 377 3624 2524 3692; baseline 0.001 -19"><span class='ocrx_word' id='word_1_223' title='bbox 377 3628 543 3691; x_wconf 80' lang='lat' dir='ltr'>ipsum</span> <span class='ocrx_word' id='word_1_224' title='bbox 585 3641 645 3673; x_wconf 79' lang='lat' dir='ltr'>ac</span> <span class='ocrx_word' id='word_1_225' title='bbox 680 3626 883 3675; x_wconf 74' lang='lat' dir='ltr'>comites</span> <span class='ocrx_word' id='word_1_226' title='bbox 922 3628 1027 3689; x_wconf 68' lang='lat' dir='ltr'>ejus</span> <span class='ocrx_word' id='word_1_227' title='bbox 1062 3630 1233 3677; x_wconf 79' lang='lat' dir='ltr'>Romae</span> <span class='ocrx_word' id='word_1_228' title='bbox 1266 3644 1410 3680; x_wconf 71' lang='lat' dir='ltr'>nccu-</span> <span class='ocrx_word' id='word_1_229' title='bbox 1494 3629 1672 3690; x_wconf 73' lang='lat' dir='ltr'>injuria</span> <span class='ocrx_word' id='word_1_230' title='bbox 1689 3644 1800 3692; x_wconf 75' lang='lat' dir='ltr'>quae</span> <span class='ocrx_word' id='word_1_231' title='bbox 1817 3628 1888 3676; x_wconf 78' lang='lat' dir='ltr'>eis</span> <span class='ocrx_word' id='word_1_232' title='bbox 1905 3637 2086 3677; x_wconf 74' lang='lat' dir='ltr'>tantam</span> <span class='ocrx_word' id='word_1_233' title='bbox 2099 3624 2264 3692; x_wconf 81' lang='lat' dir='ltr'>potuit</span> <span class='ocrx_word' id='word_1_234' title='bbox 2275 3625 2524 3675; x_wconf 76' lang='lat' dir='ltr'>lenitatem</span> 
     </span>
     <span class='ocr_line' id='line_1_30' title="bbox 380 3704 1742 3773; baseline 0.001 -20"><span class='ocrx_word' id='word_1_235' title='bbox 380 3722 504 3756; x_wconf 74' lang='lat' dir='ltr'>sare.</span> <span class='ocrx_word' id='word_1_236' title='bbox 533 3704 785 3769; x_wconf 74' lang='lat' dir='ltr'>Quamdiu</span> <span class='ocrx_word' id='word_1_237' title='bbox 822 3718 985 3755; x_wconf 75' lang='lat' dir='ltr'>autem</span> <span class='ocrx_word' id='word_1_238' title='bbox 1017 3708 1279 3773; x_wconf 81' lang='lat' dir='ltr'>imperium</span> <span class='ocrx_word' id='word_1_239' title='bbox 1314 3708 1407 3757; x_wconf 73' lang='lat' dir='ltr'>ha·</span> <span class='ocrx_word' id='word_1_240' title='bbox 1494 3718 1742 3756; x_wconf 73' lang='lat' dir='ltr'>excutere.</span> 
     </span>
     <span class='ocr_line' id='line_1_31' title="bbox 380 3784 2526 3853; baseline -0 -19"><span class='ocrx_word' id='word_1_241' title='bbox 380 3784 563 3834; x_wconf 78' lang='lat' dir='ltr'>bebant</span> <span class='ocrx_word' id='word_1_242' title='bbox 595 3786 657 3834; x_wconf 87' lang='lat' dir='ltr'>de</span> <span class='ocrx_word' id='word_1_243' title='bbox 679 3785 757 3834; x_wconf 79' lang='lat' dir='ltr'>his</span> <span class='ocrx_word' id='word_1_244' title='bbox 786 3786 1029 3849; x_wconf 80' lang='lat' dir='ltr'>judicium</span> <span class='ocrx_word' id='word_1_245' title='bbox 1053 3785 1162 3835; x_wconf 78' lang='lat' dir='ltr'>fleri</span> <span class='ocrx_word' id='word_1_246' title='bbox 1188 3802 1289 3835; x_wconf 84' lang='lat' dir='ltr'>non</span> <span class='ocrx_word' id='word_1_247' title='bbox 1312 3803 1409 3852; x_wconf 80' lang='lat' dir='ltr'>po-</span> <span class='ocrx_word' id='word_1_248' title='bbox 1570 3788 1619 3837; x_wconf 83' lang='lat'>3.</span> <span class='ocrx_word' id='word_1_249' title='bbox 1643 3784 1962 3853; x_wconf 67' lang='lat' dir='ltr'>Supplieihcs.</span> <span class='ocrx_word' id='word_1_250' title='bbox 1991 3785 2094 3849; x_wconf 79' lang='lat' dir='ltr'>Qui</span> <span class='ocrx_word' id='word_1_251' title='bbox 2113 3784 2294 3834; x_wconf 76' lang='lat' dir='ltr'>foedere</span> <span class='ocrx_word' id='word_1_252' title='bbox 2323 3784 2526 3848; x_wconf 77' lang='lat' dir='ltr'>quidem</span> 
     </span>
     <span class='ocr_line' id='line_1_32' title="bbox 380 3864 2526 3931; baseline -0 -18"><span class='ocrx_word' id='word_1_253' title='bbox 380 3874 519 3915; x_wconf 76' lang='lat' dir='ltr'>terat.</span> <span class='ocrx_word' id='word_1_254' title='bbox 547 3866 701 3930; x_wconf 86' lang='lat' dir='ltr'>Quod</span> <span class='ocrx_word' id='word_1_255' title='bbox 725 3882 784 3915; x_wconf 84' lang='lat' dir='ltr'>ex</span> <span class='ocrx_word' id='word_1_256' title='bbox 810 3866 917 3931; x_wconf 79' lang='lat' dir='ltr'>lege</span> <span class='ocrx_word' id='word_1_257' title='bbox 948 3865 1147 3915; x_wconf 74' lang='lat' dir='ltr'>Servilia</span> <span class='ocrx_word' id='word_1_258' title='bbox 1186 3876 1407 3928; x_wconf 77' lang='lat' dir='ltr'>constat,</span> <span class='ocrx_word' id='word_1_259' title='bbox 1497 3869 1829 3916; x_wconf 79' lang='lat' dir='ltr'>Romanorum</span> <span class='ocrx_word' id='word_1_260' title='bbox 1865 3874 1980 3913; x_wconf 76' lang='lat' dir='ltr'>sunt</span> <span class='ocrx_word' id='word_1_261' title='bbox 2015 3864 2140 3911; x_wconf 71' lang='lat' dir='ltr'>socii</span> <span class='ocrx_word' id='word_1_262' title='bbox 2153 3898 2168 3925; x_wconf 93' lang='lat'><strong>‚</strong></span> <span class='ocrx_word' id='word_1_263' title='bbox 2205 3864 2415 3911; x_wconf 76' lang='lat' dir='ltr'>fortunae</span> <span class='ocrx_word' id='word_1_264' title='bbox 2443 3880 2526 3912; x_wconf 66' lang='lat' dir='ltr'>au-</span> 
     </span>
     <span class='ocr_line' id='line_1_33' title="bbox 381 3940 2526 4012; baseline 0 -21"><span class='ocrx_word' id='word_1_265' title='bbox 381 3945 436 3991; x_wconf 86' lang='lat' dir='ltr'>in</span> <span class='ocrx_word' id='word_1_266' title='bbox 464 3947 605 4007; x_wconf 75' lang='lat' dir='ltr'>cujus</span> <span class='ocrx_word' id='word_1_267' title='bbox 636 3946 917 4012; x_wconf 72' lang='lat' dir='ltr'>fragmentis</span> <span class='ocrx_word' id='word_1_268' title='bbox 943 3956 1015 3995; x_wconf 72' lang='lat' dir='ltr'>eut</span> <span class='ocrx_word' id='word_1_269' title='bbox 1042 3960 1057 3995; x_wconf 90' lang='lat'><strong>:</strong></span> <span class='ocrx_word' id='word_1_270' title='bbox 1106 3966 1131 3989; x_wconf 74' lang='grc' dir='ltr'>οι</span> <span class='ocrx_word' id='word_1_271' title='bbox 1153 3944 1214 3994; x_wconf 82' lang='lat' dir='ltr'>de</span> <span class='ocrx_word' id='word_1_272' title='bbox 1246 3945 1407 4007; x_wconf 68' lang='lat' dir='ltr'>hisce,</span> <span class='ocrx_word' id='word_1_273' title='bbox 1497 3956 1598 3995; x_wconf 81' lang='lat' dir='ltr'>tem</span> <span class='ocrx_word' id='word_1_274' title='bbox 1623 3945 1813 3995; x_wconf 73' lang='lat' dir='ltr'>vicibus</span> <span class='ocrx_word' id='word_1_275' title='bbox 1837 3958 2008 3992; x_wconf 83' lang='lat' dir='ltr'>eorum</span> <span class='ocrx_word' id='word_1_276' title='bbox 2032 3940 2180 4000; x_wconf 74' lang='lat' dir='ltr'>servi,</span> <span class='ocrx_word' id='word_1_277' title='bbox 2205 3957 2356 4006; x_wconf 86' lang='lat' dir='ltr'>quum</span> <span class='ocrx_word' id='word_1_278' title='bbox 2378 3944 2526 4007; x_wconf 87' lang='lat' dir='ltr'>quid-</span> 
     </span>
     <span class='ocr_line' id='line_1_34' title="bbox 382 4022 2526 4090; baseline -0.002 -16"><span class='ocrx_word' id='word_1_279' title='bbox 382 4022 499 4070; x_wconf 77' lang='lat' dir='ltr'>‹lum</span> <span class='ocrx_word' id='word_1_280' title='bbox 518 4027 849 4089; x_wconf 68' lang='lat' dir='ltr'>magistratum</span> <span class='ocrx_word' id='word_1_281' title='bbox 877 4038 962 4075; x_wconf 75' lang='lat' dir='ltr'>aut</span> <span class='ocrx_word' id='word_1_282' title='bbox 984 4025 1245 4089; x_wconf 77' lang='lat' dir='ltr'>imperium</span> <span class='ocrx_word' id='word_1_283' title='bbox 1263 4023 1411 4073; x_wconf 75' lang='lat' dir='ltr'>habe·</span> <span class='ocrx_word' id='word_1_284' title='bbox 1497 4025 1621 4090; x_wconf 85' lang='lat' dir='ltr'>quid</span> <span class='ocrx_word' id='word_1_285' title='bbox 1644 4025 1880 4074; x_wconf 75' lang='lat' dir='ltr'>Romanis</span> <span class='ocrx_word' id='word_1_286' title='bbox 1905 4022 2147 4089; x_wconf 70' lang='lat' dir='ltr'>placuerit</span> <span class='ocrx_word' id='word_1_287' title='bbox 2165 4022 2526 4086; x_wconf 60' lang='lat' dir='ltr'>magistratibus</span> 
     </span>
     <span class='ocr_line' id='line_1_35' title="bbox 379 4099 2526 4169; baseline 0.001 -22"><span class='ocrx_word' id='word_1_288' title='bbox 379 4099 531 4164; x_wconf 83' lang='lat' dir='ltr'>bunt,</span> <span class='ocrx_word' id='word_1_289' title='bbox 574 4104 821 4165; x_wconf 84' lang='lat' dir='ltr'>judicium</span> <span class='ocrx_word' id='word_1_290' title='bbox 870 4122 972 4155; x_wconf 86' lang='lat' dir='ltr'>non</span> <span class='ocrx_word' id='word_1_291' title='bbox 1025 4103 1112 4153; x_wconf 78' lang='lat' dir='ltr'>flet</span> <span class='ocrx_word' id='word_1_292' title='bbox 1133 4128 1179 4155; x_wconf 74' lang='lat' dir='ltr'>n.</span> <span class='ocrx_word' id='word_1_293' title='bbox 1229 4104 1412 4155; x_wconf 73' lang='lat' dir='ltr'>Confer</span> <span class='ocrx_word' id='word_1_294' title='bbox 1499 4107 1600 4169; x_wconf 81' lang='lat' dir='ltr'>pati</span> <span class='ocrx_word' id='word_1_295' title='bbox 1623 4116 1754 4154; x_wconf 79' lang='lat' dir='ltr'>metu</span> <span class='ocrx_word' id='word_1_296' title='bbox 1775 4114 2039 4169; x_wconf 78' lang='lat' dir='ltr'>cogantur,</span> <span class='ocrx_word' id='word_1_297' title='bbox 2061 4101 2146 4153; x_wconf 69' lang='lat' dir='ltr'>aed</span> <span class='ocrx_word' id='word_1_298' title='bbox 2173 4112 2334 4151; x_wconf 64' lang='lat' dir='ltr'>umen</span> <span class='ocrx_word' id='word_1_299' title='bbox 2362 4104 2526 4151; x_wconf 77' lang='lat' dir='ltr'>animo</span> 
     </span>
    </p>
   </div>
   <div class='ocr_carea' id='block_1_7' title="bbox 573 4192 2330 4268">
    <p class='ocr_par' dir='ltr' id='par_1_7' title="bbox 573 4192 2330 4268">
     <span class='ocr_line' id='line_1_36' title="bbox 573 4192 2330 4268; baseline 0.001 -15"><span class='ocrx_word' id='word_1_300' title='bbox 573 4192 630 4259; x_wconf 85' lang='grc' dir='ltr'>Ῑ.</span> <span class='ocrx_word' id='word_1_301' title='bbox 674 4208 765 4253; x_wconf 73' lang='lat' dir='ltr'>Cic.</span> <span class='ocrx_word' id='word_1_302' title='bbox 792 4222 906 4268; x_wconf 76' lang='lat' dir='ltr'>pars</span> <span class='ocrx_word' id='word_1_303' title='bbox 930 4204 1139 4254; x_wconf 79' lang='lat' dir='ltr'>secunda.</span> <span class='ocrx_word' id='word_1_304' title='bbox 2243 4212 2330 4255; x_wconf 81' lang='lat'>22</span> 
     </span>
    </p>
   </div>
  </div>
 </body>
</html>
