2984 4684
658 369 793 437 DE
840 367 1628 437 VECTIGALIBUS
1670 370 1933 438 REIP.
1981 379 2120 440 etc.
2314 367 2442 439 561

324 507 485 574 tem3
511 507 831 578 quantum
858 490 1093 578 reliqui
1119 489 1345 554 Siciliie
1370 505 1631 578 portus3
1665 507 1983 578 quantum
2015 491 2458 580 Syracusanus

322 598 459 686 ipse
494 597 561 660 in
606 597 787 660 omni
834 595 1115 675 cujusvis
1150 595 1465 659 mercium
1505 597 1760 684 generis
1796 593 2176 662 advectione
2213 614 2280 661 et
2311 619 2458 662 eve-

322 704 539 768 ctione
590 719 733 767 toto
780 725 954 766 anno
1000 700 1257 766 efficere
1306 700 1607 766 debuerit
1651 702 2098 790 pecuniarum.
2153 703 2288 787 Qui
2342 705 2460 770 has

322 809 422 874 vel
466 807 550 874 ad
582 808 845 897 viginti,
879 807 981 872 vel
1022 806 1219 872 etiam
1262 805 1347 870 ad
1389 807 1652 896 triginta
1699 808 1938 896 gallicae
1977 811 2266 896 pecuniae
2313 813 2458 876 mil-

324 915 527 980 liones
558 912 976 1002 produxerit,
1022 935 1105 977 an
1138 911 1245 977 ille
1284 910 1594 976 audacior
1631 912 1700 975 in
1742 912 1850 977 illa
1891 935 1962 978 re
2005 914 2300 1004 augenda
2339 919 2464 982 erit

318 1019 449 1100 jam
495 1017 1009 1084 existimandus?
1056 1018 1445 1098 Conjectura
1488 1015 1672 1082 ducti
1715 1034 1814 1083 sat
1857 1017 2064 1101 bona,
2113 1037 2180 1083 et
2221 1023 2458 1110 pressis

321 1125 649 1190 Ciceronis
690 1148 771 1189 ex
809 1124 1095 1214 vestigiis
1132 1122 1616 1190 subodoramur
1661 1147 1856 1212 quam
1905 1148 2180 1216 magnus
2223 1149 2460 1194 census

324 1231 693 1320 reipublicae
719 1231 916 1297 fuerit
938 1253 1019 1294 ex
1046 1230 1275 1295 Sicilia.
1311 1233 1403 1295 At
1427 1245 1676 1318 quanto
1697 1227 1812 1294 fiet
1839 1215 2068 1312 major,
2104 1233 2158 1296 si
2181 1235 2492 1324 wetiga--

322 1339 494 1403 libus
530 1339 655 1402 illis
694 1337 1063 1417 adjunxeris
1107 1337 1461 1402 minutiora
1506 1335 1844 1425 quaedam:
1892 1339 1947 1402 si
1991 1338 2220 1403 tributi
2255 1363 2464 1430 genus

324 1441 645 1509 addideris
684 1466 821 1507 nou
858 1441 1031 1528 leve,
1078 1441 1260 1531 quod
1290 1440 1720 1531 stipendiarioe
1755 1465 1894 1506 non
1911 1465 2144 1531 paucoe
2175 1445 2464 1512 civitates

325 1551 391 1613 in
432 1549 643 1614 Sicilia
677 1547 1069 1638 pendebant.
1115 1551 1199 1612 At
1236 1547 1447 1612 Sicilia
1496 1564 1740 1636 quanta
1781 1571 1928 1638 pars
1977 1547 2106 1613 fuit
2147 1550 2322 1615 orbis
2357 1575 2468 1618 ro-

324 1653 547 1722 mani?
582 1655 879 1744 profecto
911 1675 995 1717 ne
1022 1653 1374 1718 centesima
1400 1653 1692 1741 quidem.

346 1787 355 1796 ·
414 1763 555 1826 Jam
584 1782 743 1826 vero
774 1777 939 1848 quot
974 1776 1159 1824 erant
1188 1775 1446 1846 portus,
1478 1759 1550 1824 in
1580 1759 1818 1848 quibus
1856 1778 1992 1826 non
2025 1753 2363 1852 vigesima,
2389 1781 2466 1830 ut

326 1866 693 1957 Syracusis,
713 1865 829 1930 sed
851 1882 1075 1930 octava
1103 1865 1298 1930 etiam
1329 1865 1727 1956 exigebatur.
1761 1868 1916 1932 Hoec
1946 1868 2121 1933 enim
2149 1893 2271 1958 pro
2305 1869 2466 1934 locis

327 1991 393 2038 et
440 1971 766 2038 mercibus
810 1971 1085 2036 variasse
1125 1968 1532 2060 opinandum
1579 1989 1721 2054 est;
1767 1973 2046 2038 maxime
2086 1989 2305 2039 tamen
2341 1997 2470 2064 pro

329 2078 684 2160 mercibus,
720 2093 798 2142 ut
826 2077 1082 2167 gravius
1116 2077 1389 2166 vectigal
1425 2075 1752 2142 solverent
1778 2080 2165 2169 peregriuae,
2197 2079 2281 2144 ad
2306 2081 2468 2146 deli-

327 2186 454 2249 cias
491 2185 695 2274 magis
728 2199 845 2248 aut
878 2203 1223 2272 pompam,
1258 2204 1455 2270 quam
1501 2179 1587 2246 ad
1631 2206 1830 2247 usum
1880 2187 2314 2252 necessarium
2367 2187 2472 2251 in-

314 2307 557 2372 -vectae3
604 2289 815 2378 qualia
868 2303 1026 2353 sunt
1085 2309 1441 2370 marmora,
1497 2287 1696 2370 ebur,
1751 2311 2060 2378 gemmas,
2113 2292 2470 2381 mancipia,

330 2412 665 2485 unguenta
684 2443 704 2476 ,
761 2410 827 2459 et
858 2410 1071 2458 cetera
1106 2391 1359 2457 infinita
1390 2393 1751 2476 ejusmodi,
1802 2395 2044 2482 quibus
2077 2399 2270 2462 luxus
2302 2397 2476 2462 indi-

329 2501 551 2593 gebat:
578 2499 817 2588 quibus
851 2499 905 2564 si
935 2514 1225 2563 octavam
1254 2497 1538 2586 imponis
1561 2499 1864 2587 vectigal,
1905 2518 2228 2587 quantum
2261 2502 2329 2566 id
2361 2502 2471 2567 fu·
2565 2537 2576 2548 ·

331 2625 553 2672 turum
586 2605 709 2670 sit?
730 2606 963 2692 Neque
992 2619 1207 2668 tamen
1232 2603 1335 2667 his
1368 2603 1709 2684 omnibus,
1732 2623 1876 2692 quae
1903 2604 2252 2700 significata
2279 2624 2470 2691 sunt,

329 2710 660 2802 vectigalia
685 2708 1181 2777 definiebantur.
1212 2709 1415 2772 Erant
1450 2725 1764 2828 praeterea
1805 2711 2164 2776 minutiora
2203 2715 2352 2797 alia,
2395 2733 2473 2782 ut

334 2815 533 2884 modo
587 2814 961 2882 dicebamus
981 2863 999 2898 ,
1050 2837 1195 2902 quae
1246 2814 1540 2903 pecuniis
1593 2837 1730 2878 non
1781 2816 2164 2904 spernendis
2223 2837 2289 2883 et
2331 2821 2472 2909 ipsa

330 2921 812 3012 locupletabant
832 2921 1168 3003 aerarium3
1187 2919 1288 2985 uti
1311 2935 1466 2984 sunt
1491 2921 1816 3010 vigesimae
1841 2944 2472 3008 manumissionum,

333 3031 697 3096 centesimae
729 3051 949 3095 rerum
982 2968 1346 3104 venalium,
1393 3041 1459 3091 et
1484 3027 1909 3110 auctionum,
1945 3026 2026 3093 de
2061 3030 2300 3118 quibus
2337 3033 2472 3098 Cic.

334 3138 517 3228 epist.
554 3139 632 3203 18
668 3135 751 3201 ad
778 3139 1093 3217 Brut'um3
1130 3151 1198 3199 et
1226 3151 1438 3199 cetera
1471 3132 1545 3197 id
1585 3156 1790 3222 genus
1825 3157 1980 3200 sane
2014 3137 2240 3204 multa.

422 3241 832 3332 Stipendium
848 3289 867 3322 ,
890 3241 1117 3305 tributi
1142 3263 1349 3331 genus
1372 3257 1542 3323 erat,
1571 3239 1774 3328 quod,
1801 3242 1986 3328 quasi
2011 3241 2296 3308 victorioe
2318 3267 2474 3332 prae-

336 3347 547 3412 mium
582 3364 647 3412 et
676 3370 865 3436 poena
898 3347 1093 3428 belli,
1122 3347 1311 3411 victis
1346 3345 1856 3436 provincialibus
1882 3347 2340 3436 imperabatur,
2359 3353 2472 3439 qui

336 3453 426 3516 ob
465 3475 607 3516 eam
652 3476 793 3516 rem
828 3449 1223 3542 stipendiarii
1262 3451 1670 3517 dicebantur.
1705 3453 1892 3516 Tales
1942 3453 2124 3518 fuere
2169 3454 2474 3543 Hispani,

338 3559 535 3642 Galli,
581 3559 874 3647 plerique
926 3557 1312 3640 Poenorum,
1356 3559 1502 3648 Syri
1523 3601 1542 3640 ,
1600 3559 1866 3642 Cilices,
1915 3557 2148 3638 ludici,
2198 3577 2322 3626 etc.
2367 3565 2472 3628 An

336 3687 492 3730 vero
526 3663 592 3728 hi
626 3679 836 3729 stante
868 3663 1233 3752 republica,
1268 3687 1403 3729 non
1438 3663 1716 3730 affirmo.

434 3768 602 3834 Illud
638 3784 857 3834 autem
895 3769 1163 3860 singulis
1207 3771 1407 3859 ιιι-[30
1442 3769 1905 3859 imponebatur
1945 3791 2067 3870 pro
2113 3793 2352 3854 censu,
2407 3778 2476 3837 in

339 3893 534 3966 caput
569 3877 765 3940 unius
802 3877 1151 3964 cujusque,
1178 3876 1397 3940 habita
1426 3891 1642 3940 tamen
1679 3875 1880 3940 aetatis
1913 3876 2184 3940 ratione.
2209 3879 2376 3941 Nam
2406 3879 2474 3943 in

342 3983 539 4073 Syriis
576 4006 615 4048 a
645 3981 1137 4070 quatuordecim
1172 3983 1359 4048 annis
1404 3983 1706 4063 masculi,
1733 4007 1768 4046 a
1796 3981 2144 4048 duodecim
2181 3983 2473 4067 feminae,

345 4112 555 4178 usque
593 4088 675 4152 ad
708 4091 1175 4179 sexagesimum
1212 4091 1520 4179 quintum
1559 4089 1807 4155 tributo
1844 4090 2068 4178 capitis
2108 4089 2480 4178 obligaban-

536 4201 589 4266 Ῑ.
638 4215 727 4260 Cic.
746 4229 861 4276 pars
888 4212 1100 4260 secunda.
2145 4197 2236 4265 30
