2984 4684
477 370 620 443 316
1124 376 1221 441 Μ.
1272 376 1350 443 Τ.
1406 375 1968 444 CICERONIS

470 494 679 568 bellae
710 510 1217 594 reponuntur:
1246 508 1634 595 tempestas
1669 495 1962 567 sedatur
1985 523 2006 585 ;
2027 494 2406 569 Dolabella
2427 498 2614 571 Delo

472 604 971 703 proficiscitur.
1000 608 1169 677 Non
1206 604 1506 693 dubito,
1549 606 1770 703 quin,
1823 608 2108 678 tametsi
2139 607 2386 680 nullus
2421 610 2500 679 in
2539 624 2615 682 te

470 740 723 788 sensus
751 714 1255 807 humanitatis,
1298 716 1500 788 nulla
1533 718 1720 789 ratio
1755 740 2106 814 umquam
2143 714 2284 788 fuit
2321 714 2612 815 religio-

470 832 621 916 nis,
664 852 863 899 nunc
909 842 1149 899 tamen
1168 882 1189 917 ,
1238 830 1312 899 in
1350 842 1556 901 metu
1590 829 2067 927 periculoque
2105 843 2270 915 tun,
2318 843 2614 900 tuorum

466 936 603 1009 tibi
620 936 973 1015 scelerum
992 939 1231 1009 veniat
1258 938 1333 1009 in
1366 951 1712 1011 mentem.
1739 944 2084 1011 Potestne
2110 936 2248 1009 tibi
2277 938 2422 1010 ulla
2449 962 2616 1036 spes

468 1047 717 1119 salutis
764 1048 1147 1119 commoda
1190 1046 1514 1137 ostendi,
1559 1074 1790 1147 quum
1834 1048 2235 1121 recordaris
2255 1102 2276 1137 ,
2320 1052 2398 1118 in
2435 1049 2614 1120 deos

469 1156 915 1229 immortales
964 1181 1183 1255 quam
1241 1159 1549 1256 impius,
1605 1183 1828 1257 quam
1895 1158 2320 1247 sceleratuS‚
2392 1182 2614 1256 quam

468 1264 787 1339 nefarius
830 1265 1101 1341 fueris?
1134 1270 1646 1367 Apollinemne
1691 1284 1772 1341 tu
1805 1269 2100 1341 Delium
2133 1269 2442 1369 spoliare
2483 1292 2613 1339 au·

468 1402 593 1449 sus
618 1379 745 1465 es?
786 1378 1029 1451 illine²
1072 1392 1157 1451 tu
1189 1379 1500 1478 temp10,
1541 1394 1692 1451 tam
1725 1380 2032 1477 antiquo
2053 1434 2074 1469 ,
2135 1394 2284 1451 tam
2321 1392 2572 1450 sancto
2592 1434 2612 1465 ‚

467 1502 617 1560 tam
634 1490 973 1589 religioso
986 1516 1246 1563 manus
1263 1493 1522 1590 impias
1539 1516 1622 1563 ac
1641 1490 2016 1588 sacrilegas
2031 1488 2292 1563 afferre
2311 1504 2616 1561 conatus

466 1601 595 1673 es?
630 1602 703 1670 Si
728 1602 805 1672 in
835 1603 1145 1699 pueritia
1168 1628 1321 1675 non
1350 1602 1462 1673 his
1492 1602 1768 1675 artibus
1794 1616 1868 1675 et
1891 1601 2288 1700 disciplinis
2321 1602 2613 1673 institu-

467 1727 585 1783 tus
628 1736 819 1801 eras,
860 1728 945 1783 ut
980 1736 1101 1801 ea,
1147 1739 1308 1812 quae
1345 1714 1574 1785 literis
1615 1712 1956 1785 mandata
1995 1728 2165 1785 sunt
2184 1709 2240 1802 ³,
2301 1712 2616 1784 disceres

466 1835 689 1919 atque
738 1845 1217 1921 cognosceres
1256 1852 1273 1895 :
1322 1849 1417 1896 ne
1457 1819 1712 1922 postea
1746 1823 2084 1922 quidem,
2137 1847 2370 1921 quum
2413 1824 2490 1893 in
2531 1846 2616 1893 ea

468 1930 623 2029 ipsa
660 1931 817 2003 loca
855 1934 1155 2023 venisti,
1192 1936 1491 2033 potuisti
1530 1936 1858 2032 accipere
1896 1933 1969 2005 id
1991 1990 2011 2025 ,
2049 1934 2254 2031 quod
2297 1948 2408 2005 est
2448 1956 2620 2030 pro-

470 2038 703 2111 ditum
738 2032 1107 2115 memoriae
1140 2070 1225 2117 ac
1268 2045 1539 2117 literis?
1579 2050 1934 2117 Latonam
1977 2068 2068 2115 ex
2109 2043 2331 2142 longo
2369 2066 2618 2114 errore

470 2164 548 2223 et
578 2147 769 2248 fuga,
788 2153 1178 2249 gravidam,
1198 2156 1430 2251 etjam
1464 2154 1558 2226 ad
1586 2155 2018 2254 pariendum
2040 2152 2407 2253 [vicinam]
2441 2166 2618 2223 tem·

471 2261 773 2359 poribus
806 2264 1072 2337 exactis
1091 2320 1112 2355 ,
1153 2264 1602 2365 confugisse‘*
1631 2266 1933 2355 Delum,
1966 2282 2186 2364 atque
2211 2264 2316 2335 ibi
2342 2262 2617 2363 Apolli·-

468 2396 637 2445 nem
668 2376 1121 2473 Dianamque
1136 2378 1538 2476 peperisse:
1561 2402 1710 2475 qua
1736 2403 1828 2449 ex
1843 2379 2198 2475 opinione
2225 2376 2616 2447 hominum

471 2482 592 2553 illa
640 2486 877 2557 insula
916 2512 1172 2559 eorum
1218 2488 1528 2561 deorum
1581 2486 1830 2559 sacra⁵
1875 2501 2214 2586 putatur3
2267 2500 2618 2582 tantaque

469 2593 627 2688 ejus
668 2598 1055 2671 auctoritas
1090 2598 1455 2699 religionis
1497 2612 1572 2670 et
1602 2613 1747 2688 est,
1773 2612 1848 2671 et
1885 2621 2172 2695 semper
2205 2594 2344 2667 fuit
2365 2650 2385 2683 ,
2413 2609 2495 2666 ut
2522 2620 2618 2666 ne

471 2702 747 2777 Persae⁶
778 2708 1108 2806 quidem,
1139 2734 1373 2808 quum
1397 2708 1678 2783 bellum
1709 2714 1844 2780 toti
1872 2712 2198 2795 Graeciae,
2223 2706 2362 2779 diis
2386 2706 2620 2777 homi-

471 2814 837 2915 nibusque
866 2820 1329 2910 indixissent,
1371 2836 1445 2894 et
1488 2820 1685 2891 mille
1719 2830 2074 2893 numero⁷
2104 2820 2398 2891 navium
2435 2817 2618 2889 clas—

542 3019 592 3053 9.
611 3004 775 3055 Illinc.
811 3008 987 3058 Cicero
1004 3022 1061 3059 nt
1082 3013 1315 3073 majorem
1328 3011 1500 3060 ‘Verris

472 3083 528 3131 in
546 3082 647 3131 hoe
676 3088 865 3151 templo
894 3088 1037 3137 furtis
1062 3090 1295 3139 invidiam
1319 3090 1494 3151 addat,

470 3161 533 3213 de
550 3162 746 3228 ingente
765 3166 903 3215 clade
922 3169 1093 3217 reticet
1106 3186 1251 3233 qnam
1265 3170 1500 3218 sexennio

472 3252 585 3291 ante
602 3248 803 3293 Verrem
818 3283 835 3309 ,
868 3247 1205 3312 menophanes
1222 3251 1349 3297 Delo
1374 3250 1500 3296 intu-

470 3321 618 3381 lerat,
643 3336 779 3372 vasta
800 3329 965 3374 omnia
987 3344 1045 3375 ac
1080 3327 1269 3377 deserta
1302 3330 1500 3393 penitus

472 3402 770 3468 relinquens.
784 3405 923 3453 Idem
940 3418 1102 3457 tamen
1116 3408 1243 3456 hanc
1264 3410 1319 3455 in
1336 3408 1501 3456 Mani-

472 3481 599 3531 liana
626 3484 802 3544 refert,
840 3501 987 3549 qnam
1012 3486 1111 3534 adi.
1180 3484 1203 3513 ⁸
1290 3522 1295 3527 -

548 3562 599 3611 3.
623 3563 868 3612 Mandata
886 3576 1015 3613 sunt.
1050 3566 1223 3614 Poetae
1246 3565 1502 3615 discebant

474 3640 531 3689 in
569 3641 751 3691 scholis
791 3645 931 3709 pueri
944 3681 959 3704 ‚
1004 3655 1054 3693 et
1090 3662 1153 3694 ex
1189 3647 1251 3695 iis
1292 3645 1502 3695 deornm

476 3718 679 3771 fabulas.
699 3724 849 3787 Quod
870 3724 935 3773 ad
952 3725 1129 3775 Delum
1144 3737 1195 3774 et
1217 3726 1500 3791 Apollinem

480 3802 691 3863 pertinet
705 3838 722 3864 ,
752 3803 938 3852 minuta
956 3822 1163 3869 quaeque
1180 3806 1317 3855 dabit
1343 3810 1502 3871 Span-

477 3876 625 3925 bemii
659 3880 1011 3932 eruditissimus
1044 3888 1421 3935 commentarius
1437 3885 1503 3933 ad

476 3956 670 4007 callim.
684 3960 853 4023 hymn.
871 3962 925 4010 in
943 3963 1121 4012 Delum
1136 3998 1154 4025 ‚
1180 3982 1253 4014 vs.
1274 3967 1392 4014 255.
1410 3967 1506 4013 Ve-

482 4052 589 4085 rum
614 4058 640 4079 σι
656 4038 749 4086 Cui
784 4055 887 4088 non
914 4041 1076 4092 dietus
1102 4044 1255 4108 Hylas
1288 4060 1427 4110 puer,
1452 4056 1503 4093 et

367 4159 373 4164 .
483 4117 684 4167 Latonia
700 4118 853 4167 Delos
864 4123 887 4167 ξ’
908 4141 935 4162 a·

1659 3018 1710 3067 4.
1731 3011 1812 3059 Sic
1831 3010 1949 3060 edd.
1973 3026 2051 3076 pr.
2071 3021 2122 3059 et
2139 3008 2282 3057 multi
2299 3007 2445 3057 MSS·
2461 3005 2621 3055 Aldus

1587 3088 1807 3139 ediderat
1815 3088 2032 3155 fugisse.
2068 3090 2117 3137 J.
2127 3092 2190 3136 V.
2215 3090 2272 3137 L.

1656 3170 1706 3219 5.
1724 3170 1899 3217 Sacra.
1929 3168 2032 3215 Illis
2059 3167 2155 3215 diis
2178 3176 2384 3215 sacrata.

1657 3248 1713 3297 6.
1767 3251 1945 3296 Persae.
1980 3249 2058 3295 De
2093 3246 2172 3295 liis
2219 3246 2362 3311 plura
2409 3243 2522 3292 vide
2564 3242 2618 3290 in

1585 3326 1774 3376 Herod.
1789 3329 1878 3385 vl,
1904 3341 1996 3389 97.
2012 3352 2086 3363 —·
2105 3324 2228 3374 Diis.
2251 3326 2476 3387 Quorum
2494 3332 2618 3370 tem-

1585 3408 1670 3473 pla
1701 3410 1857 3456 Persae
1889 3405 2242 3467 incendebant,
2275 3404 2395 3453 deos
2419 3403 2620 3468 parieti·

1585 3486 1681 3535 bus
1703 3486 1892 3535 includi
1917 3486 2055 3533 nefas
2079 3484 2388 3533 arbitrantes.
2405 3482 2536 3531 Vide
2555 3482 2619 3531 de

1588 3568 1706 3631 Leg.
1728 3568 1808 3627 11,
1835 3566 1922 3614 26.
1940 3566 2163 3630 AEschyl.
2185 3566 2238 3612 in
2257 3566 2392 3614 Pers.
2417 3562 2620 3611 Deliaco

1587 3658 1749 3695 antem
1771 3662 1829 3694 ae
1861 3644 2077 3710 Ephesio
2112 3644 2300 3709 templo
2327 3659 2414 3692 eos
2446 3657 2622 3707 peper-

1589 3726 1712 3774 cisse
1753 3724 1902 3773 tradit
1949 3724 2237 3795 scholiastes
2273 3720 2621 3787 Aristophanis

1589 3806 1652 3855 ad
1689 3810 1895 3868 Pacem,
1940 3821 1986 3853 v.
2019 3812 2119 3867 409
2139 3838 2152 3859 .
2189 3800 2326 3867 quod
2363 3802 2526 3851 Solem
2562 3815 2620 3848 ae

1588 3887 1774 3935 Lunam
1799 3886 1920 3935 deos
1947 3886 2155 3933 maxime
2181 3892 2548 3931 venerarentur.

1665 3982 1714 4027 7.
1727 3965 1866 4013 Mille
1883 3980 2098 4013 numero.
2122 3964 2198 4010 De
2225 3962 2394 4009 harum
2413 3974 2622 4009 numero

1591 4046 1790 4094 navium
1811 4044 1924 4093 vide
1949 4046 2147 4093 Bosium
2175 4041 2240 4089 ad
2265 4039 2460 4089 Coi-nel.
2491 4040 2618 4103 Nep.

1593 4124 1828 4174 Themist.
1850 4140 1898 4171 a.
1927 4122 2056 4172 nlud
2076 4122 2220 4171 etiam
2239 4120 2507 4185 intelliges,
2535 4133 2620 4166 ro-
