2984 4684
500 408 1504 428 mmusmmmmmmm
1510 402 2624 427 “mmmmm-”mmmmm

730 595 1375 703 NICOLAI
1452 591 2396 699 DESJARDINS

1222 806 1902 885 PRAEFATIO.

500 1115 664 1235 Dr:
725 1167 887 1252 ista,
932 1188 1151 1261 quam
1204 1162 1752 1243 adornavimus,
1799 1162 2166 1233 Ciceronis
2217 1165 2630 1233 orationum

495 1272 851 1361 editione,
896 1288 1114 1369 atque
1148 1272 1238 1343 de
1281 1274 1439 1370 ipso
1470 1272 1818 1343 Cicerone
1861 1273 1923 1342 si
1962 1270 2452 1369 praefaremur,
2493 1298 2636 1344 nos

491 1408 787 1481 operam
830 1384 1195 1482 plerisque
1236 1384 1635 1481 legentium
1689 1406 1840 1453 non
1895 1381 2376 1478 injucundam
2421 1407 2624 1454 sum-

496 1510 749 1591 pturos
786 1520 943 1566 esse
984 1495 1419 1591 putavimus.
2181 1516 2188 1523 ·

594 1608 764 1675 Post
786 1604 1175 1676 exhaustos
1200 1605 1389 1678 circa
1415 1602 1602 1674 hanc
1624 1604 1992 1675 Ciceronis
2019 1626 2328 1699 operum
2352 1616 2634 1700 partem

498 1726 609 1783 tot
643 1714 1029 1785 illustrium
1069 1714 1145 1783 in
1188 1712 1561 1811 republica
1598 1713 1912 1785 literaria
1953 1713 2274 1783 virorum
2306 1710 2593 1785 labores
2615 1768 2636 1797 ‚

497 1838 749 1895 noster
783 1827 915 1896 iste
952 1823 1159 1895 labor
1189 1825 1246 1895 si
1284 1823 1528 1893 multis
1558 1846 2130 1920 supervacaneus
2173 1845 2326 1892 esse
2353 1820 2635 1892 videbi-

497 1946 643 2018 tur,
675 1956 827 2003 non
867 1936 1003 2004 erit
1043 1932 1247 2031 quod
1286 1934 1636 2004 miremur
1671 1960 1687 2002 :
1729 1937 2000 2029 quippe
2044 1933 2174 2029 qui
2213 1932 2392 2002 nihil
2432 1930 2639 2029 quod

458 2044 641 2137 ‘jam
684 2042 1106 2139 praedictum
1148 2068 1301 2114 non
1336 2041 1586 2128 fuerit,
1627 2040 1771 2114 dici
1807 2056 1934 2113 aut
1961 2042 2352 2140 excogitari
2389 2066 2637 2141 posse,

498 2177 649 2249 quo
700 2152 1039 2223 nitidiora
1074 2166 1147 2223 et
1182 2149 1646 2250 explicatior-a
1677 2152 1823 2223 sint
1860 2154 1992 2223 ista
2029 2152 2400 2225 volumina
2422 2207 2440 2237 ,
2485 2158 2636 2223 exi·
2739 2234 2746 2243 ⁶

501 2260 921 2333 stimabunt.
965 2261 1410 2334 Fatebuntur
1448 2285 1532 2332 ea
1573 2260 1870 2358 quidem
1913 2260 2256 2360 vepribus
2299 2260 2473 2332 olim
2512 2286 2638 2333 co-

501 2372 906 2461 horruisse;
936 2387 1010 2444 at
1044 2398 1242 2444 nunc
1267 2372 1546 2443 assidua
1573 2370 2029 2443 eruditorum
2059 2371 2440 2442 hominum
2465 2396 2640 2443 cura

502 2496 577 2553 et
626 2482 864 2554 studio
916 2480 1256 2556 effectum
1311 2507 1463 2554 esse
1524 2482 1973 2554 contendent
1994 2536 2013 2568 ,
2063 2496 2147 2552 ut
2203 2498 2640 2580 perpurgata

501 2592 843 2666 beneficae
892 2618 1151 2667 manus
1203 2617 1421 2692 opem
1468 2593 1659 2665 ultra
1721 2618 1875 2664 non
1931 2593 2365 2691 implorent;
2422 2591 2640 2665 licere

496 2704 643 2801 jam
682 2702 1045 2777 inoffenso
1083 2704 1271 2802 pede
1307 2729 1439 2804 per
1475 2704 1791 2803 singulas
1827 2706 2191 2775 orationes
2221 2702 2639 2778 decurrere.

502 2819 687 2886 Sane
705 2814 1003 2911 quidem
1026 2813 1163 2886 fuit
1184 2831 1740 2912 tempuS,quum
1761 2827 1835 2885 et
1857 2838 1993 2910 ego
2021 2815 2096 2883 in
2124 2814 2403 2900 eadem,
2420 2840 2638 2911 quam

502 2923 681 2993 mihi
706 2926 1071 3022 opinionis
1091 2949 1337 2995 errore
1356 2922 1730 3009 finxeram,
1747 2924 2272 2994 existimatione
2295 2948 2638 2996 versarer.

502 3036 776 3104 Verum
804 3033 894 3105 ad
924 3033 1051 3104 has
1078 3035 1266 3131 ipsas
1299 3036 1662 3104 orationes
1689 3031 2028 3129 legendas
2062 3058 2288 3131 quum
2322 3036 2643 3133 primum

504 3146 829 3215 animum
864 3143 1153 3247 appuli,
1182 3156 1488 3240 quantas
1521 3140 1625 3213 ibi
1665 3158 1840 3213 tunc
1883 3144 2029 3214 sive
2069 3147 2146 3213 in
2183 3143 2403 3215 rebus
2436 3146 2647 3217 intel-

498 3253 828 3353 ligendiS,
848 3254 1095 3325 sivein
1136 3252 1637 3352 perspicienda
1676 3252 2071 3325 verborum
2111 3257 2216 3340 vi,
2256 3252 2642 3328 difficulta-

500 3380 612 3436 tes
637 3363 821 3449 vidi;
857 3388 1035 3461 quas
1068 3387 1307 3469 neuque
1344 3388 1510 3435 meo
1547 3378 1775 3435 marte
1802 3362 2154 3452 enodare,
2189 3388 2434 3462 neque
2470 3367 2647 3438 alio-

505 3499 669 3545 rum
688 3528 707 3561 ,
767 3496 953 3570 quos
994 3472 1175 3543 mihi
1224 3472 1548 3544 subsidio
1605 3496 2225 3572 comparaveram,
2269 3472 2646 3549 laboribus

504 3582 847 3682 expedire
894 3580 1220 3683 possem!
1280 3584 1477 3673 Quin
1532 3582 1702 3655 inde
1754 3582 1969 3671 mihi,
2034 3582 2234 3654 unde
2291 3584 2645 3656 auxilium

505 3718 995 3791 speraveram,
1040 3716 1273 3764 novus
1316 3692 1698 3765 accedebat
1731 3691 1957 3764 labor.
2003 3694 2216 3763 Nunc
2261 3695 2488 3781 enim,
2529 3696 2645 3765 in·-

506 3801 942 3902 terpretibus
958 3804 1034 3873 in
1050 3828 1331 3874 summa
1345 3804 1687 3875 varietate
1710 3804 2076 3901 opinionis
2101 3816 2172 3873 et
2197 3802 2644 3877 dissensione

507 3914 877 3989 sententiae
909 3914 1347 4002 constitutis,
1372 3912 1849 4010 quaerendum
1885 3909 2024 3983 fuit
2054 3913 2369 4009 quoruni
2401 3916 2648 4011 potior

412 4100 417 4107 ,
506 4038 691 4095 esset
724 4024 1223 4120 interpretatio
1253 4050 1268 4091 :
1308 4047 1510 4093 nunc
1544 4018 2155 4119 investigandum,
2197 4020 2401 4118 quod
2436 4020 2530 4093 ab
2560 4026 2645 4095 iis

508 4150 631 4205 aut
662 4132 1019 4216 censuim,
1047 4146 1170 4203 aut
1188 4134 1488 4221 incuria,
1511 4132 1626 4204 vel
1645 4134 2356 4230 praetermissum,vel
2385 4158 2644 4231 parum
