2984 4684
1033 388 1811 461 ARGUMENTUM.
2355 381 2495 482 395

419 489 574 566 bona
592 547 612 577 ,
637 524 770 584 quae
802 504 1028 566 restitui
1067 521 1339 586 possent,
1371 509 1643 570 restituit.
1690 513 1963 568 Attamen
1991 527 2172 587 quum
2202 507 2408 568 Cicero
2437 508 2500 567 in

419 602 676 666 Siciliam
705 603 987 676 venisset,
1017 620 1257 684 repente
1289 619 1543 667 mutatus
1574 620 1663 667 est
1680 651 1698 679 ,
1728 605 1993 684 dixitque
2032 626 2095 665 se
2130 607 2326 668 omnia
2344 611 2499 665 Ver-

423 702 502 762 ris
528 721 704 760 causa
727 701 910 774 velle,
946 722 1054 761 nec
1077 702 1338 782 Epicrati
1361 718 1421 763 et
1447 704 1719 764 Heraclio
1749 704 2013 783 permisit
2038 717 2107 762 ut
2140 707 2388 763 Romam
2421 703 2497 762 ad

427 799 821 860 testimonium
851 797 1164 859 dicendum
1199 800 1457 876 abirent,
1482 802 1575 860 26,
1602 805 1705 860 lv.
1726 800 1999 859 Heraclio
2021 790 2434 880 Centuripino,
2460 821 2497 860 a

427 916 549 975 quo
576 900 710 955 11-s
737 900 784 957 C
807 897 987 956 millia
1015 897 1257 978 (ao,500
1280 898 1378 974 fr.)
1400 920 1507 978 per
1532 898 1881 958 calumniam
1908 897 2298 977 malitiamque
2320 899 2504 979 petita

427 1005 596 1052 erant
612 1035 631 1066 ,
677 996 821 1053 CCC
847 995 1027 1054 millia
1055 995 1296 1075 (61,5oo
1326 997 1420 1070 fr.)
1447 994 1848 1073 extorquenda
1873 980 2126 1066 curavit,
2153 1013 2247 1068 27.

507 1095 638 1150 Jam
670 1089 901 1150 accedit
932 1105 1132 1152 orator
1171 1091 1245 1152 ad
1289 1112 1486 1152 rerum
1526 1092 1863 1171 capitalium
1889 1091 2260 1170 quaestiones.
2290 1095 2381 1152 Ex
2414 1089 2505 1150 his

427 1193 475 1246 Ι.
509 1201 782 1246 narratur
817 1207 991 1248 causa
1019 1191 1255 1269 Sopatri
1284 1189 1681 1268 Halicyensis,
1724 1208 1900 1266 quem
1946 1187 2275 1261 hominem,
2324 1188 2501 1248 inno-

425 1300 684 1361 centem,
717 1307 752 1348 a
779 1293 844 1350 C.
865 1290 1182 1351 Sacerdote
1207 1291 1570 1364 absolutum,
1608 1290 1830 1350 indicta
1853 1308 2027 1350 causa
2058 1289 2470 1350 condemnavit
2485 1329 2511 1361 ‚.

432 1385 637 1444 28-33.
687 1389 759 1448 11.
804 1386 1034 1448 Deinde
1077 1387 1306 1452 Sthenii
1339 1387 1747 1460 Thermitani,
1790 1387 1889 1448 cui
1924 1387 2148 1460 iratus,
2189 1385 2351 1466 quod
2393 1385 2505 1445 sibi

431 1500 614 1558 quum
635 1497 1014 1542 monumenta
1033 1483 1196 1547 urbis
1219 1485 1423 1564 patriae
1454 1487 1661 1545 tollere
1688 1485 1898 1558 vellet,
1923 1483 2157 1544 fortiter
2179 1483 2508 1556 restitisset,

431 1576 753 1657 hospitium
796 1581 1181 1656 renuntiavit,
1221 1601 1470 1660 eumque
1493 1626 1513 1656 ,
1562 1601 1747 1660 quum
1798 1582 2063 1662 pericula
2123 1582 2507 1640 confictorum

433 1676 743 1752 criminum
770 1677 1058 1737 vitaturus
1077 1684 1322 1738 Romam
1347 1680 1703 1758 profugisset
1717 1723 1734 1751 ,
1763 1678 2063 1739 absentem
2086 1679 2211 1738 sine
2234 1679 2475 1737 crimine
2494 1720 2510 1746 ,

437 1771 561 1832 sine
594 1786 769 1847 teste,
797 1773 921 1832 sine
943 1788 1281 1836 accusatore
1307 1775 1636 1848 damnavit,
1662 1780 1868 1851 34-47.

521 1872 861 1948 Sequuntur
883 1874 1084 1932 Verris
1108 1874 1354 1934 crimina
1374 1895 1446 1934 ex
1479 1875 1609 1935 aliis
1635 1873 1963 1954 generibus,
2000 1879 2054 1934 Α
2085 1874 2283 1932 multis
2314 1872 2393 1931 ob
2414 1870 2513 1950 jus

439 1967 758 2029 dicundum
796 1971 1074 2049 pecunias
1103 1973 1359 2051 accepit,
1397 1975 1491 2043 48.
1536 1978 1804 2054 Honores
1838 1970 2137 2044 vendidit,
2184 1983 2245 2030 et
2276 1981 2513 2028 senato-

439 2065 590 2124 rium
619 2087 830 2127 nomen
855 2088 924 2127 ac
955 2069 1150 2128 locum
1167 2112 1184 2140 ,
1214 2080 1322 2148 49,
1352 2069 1444 2129 50.
1471 2047 1849 2149 Magistratus
1877 2069 2209 2128 curationes
2234 2081 2293 2128 et
2320 2087 2513 2127 sacer-

439 2161 634 2236 dotia,
672 2163 880 2223 51-56.
924 2170 1200 2244 Magnam
1238 2167 1549 2246 pecuniam
1588 2186 1623 2225 a
1654 2166 1986 2226 civitatibus
2014 2178 2337 2224 statuarum
2368 2185 2513 2243 quas

442 2258 555 2318 sibi
582 2259 952 2320 collocandas
977 2262 1340 2341 imperabat,
1375 2263 1613 2321 nomine
1648 2263 1838 2340 exegit
1859 2305 1874 2330 ‚
1916 2274 1977 2322 et
2014 2281 2141 2322 eam
2172 2281 2291 2320 non
2318 2261 2380 2320 in
2406 2261 2515 2320 hos

443 2378 582 2417 usus
613 2371 902 2418 servatam
933 2359 994 2417 in
1022 2359 1246 2418 loculos
1279 2358 1537 2434 demisit,
1578 2357 1671 2432 57.
1704 2365 2072 2436 Quamquam
2092 2401 2110 2430 ,
2158 2359 2207 2417 si
2238 2359 2369 2435 quis
2396 2370 2519 2416 sta-

445 2468 677 2513 tuarum
716 2455 943 2513 honore
992 2454 1274 2528 ducatur,
1323 2467 1515 2514 tamen
1568 2474 1676 2512 nec
1731 2453 1973 2512 domum
2014 2467 2282 2512 avertere
2334 2473 2519 2531 pecu-

447 2551 602 2609 niam
649 2551 858 2623 liceat,
911 2551 1004 2608 58.
1066 2555 1140 2609 Et
1184 2550 1443 2629 ipsarum
1479 2563 1803 2610 statuarum
1848 2547 2057 2609 modus
2106 2549 2349 2628 quidam
2403 2549 2515 2607 ha-

449 2645 674 2706 bendus
709 2647 809 2718 sit,
843 2645 938 2724 59.
972 2647 1242 2724 Denique
1278 2645 1352 2704 ab
1390 2646 1587 2704 invitis
1622 2646 1779 2724 exigi
1821 2657 2038 2704 statuas
2066 2666 2187 2704 non
2227 2658 2516 2724 oporteat.

451 2749 599 2818 Quae
624 2744 685 2802 in
723 2744 836 2804 tria
866 2743 1130 2823 peccavit
1150 2747 1393 2812 Verres,
1424 2741 1585 2820 quod
1617 2754 1676 2800 et
1712 2742 1973 2800 omnium
2003 2742 2333 2801 Siculorum
2365 2743 2521 2800 testi-

453 2841 714 2900 monium
760 2853 821 2900 et
869 2859 1026 2899 novo
1077 2859 1284 2899 eorum
1332 2839 1613 2918 postulati
1662 2859 1874 2918 genere
1924 2838 2369 2918 comprobatur,
2422 2840 2518 2897 60.

385 2965 398 2976 ·
454 2944 700 2998 Verrem
729 2937 886 2996 enim
912 2951 1132 2997 statuas
1163 2935 1238 2996 ab
1267 2936 1462 2995 invitis
1500 2934 1864 3008 aratoribus,
1906 2937 2105 2996 60-62.
2151 2941 2227 3002 Et
2258 2934 2333 2995 ab
2362 2936 2521 2994 invi-

459 3037 531 3097 tis
557 3035 894 3096 civitatibus
925 3035 1136 3096 Siciliae
1165 3034 1422 3112 exegisse
1455 3032 1921 3106 demonstratur,
1964 3034 2166 3094 63-65.
2189 3033 2367 3108 Quod
2395 3035 2524 3093 fru-

457 3147 580 3192 stra
599 3139 814 3194 Verres
847 3132 1140 3205 defendit,
1175 3131 1342 3209 quasi
1369 3151 1405 3190 a
1432 3129 1769 3190 volentibus
1809 3131 1864 3189 ei
1901 3131 2017 3190 sint
2059 3145 2298 3204 erectae,
2339 3149 2521 3208 quum

459 3231 636 3290 iidem
686 3231 786 3289 vix
829 3251 864 3289 a
911 3229 1214 3310 provincia
1261 3227 1534 3288 abeuntis
1576 3242 1793 3287 statuas
1832 3247 2034 3287 omnes
2068 3247 2188 3286 uno
2238 3247 2523 3286 consensu

461 3330 806 3404 everterint,
834 3330 1039 3408 66-69.
1080 3335 1285 3409 Neque
1309 3349 1452 3388 vero
1479 3333 1725 3388 Verrem
1752 3328 1863 3387 hac
1896 3328 2123 3386 ratione
2152 3347 2214 3385 se
2248 3345 2523 3384 excusare

463 3431 634 3504 po'sse
661 3427 1016 3496 ostenditur,
1040 3428 1200 3507 quod
1235 3428 1416 3487 nimio
1449 3425 1701 3505 publicae
1731 3425 1995 3486 utilitatis
2016 3425 2211 3486 studio
2233 3425 2521 3504 peccarit,

465 3538 526 3584 et
547 3525 682 3584 ideo
717 3526 780 3583 in
821 3525 1027 3585 Siciliae
1066 3525 1268 3585 odium
1299 3527 1374 3586 sit
1408 3526 1696 3586 adductus
1716 3569 1733 3599 ,
1774 3527 1912 3605 quia
1944 3526 2300 3584 frumentum
2326 3543 2526 3584 severe

468 3621 742 3701 exigeret.
760 3621 821 3681 Si
843 3621 996 3680 enim
1019 3621 1346 3702 publicanis
1375 3623 1662 3701 gratiosus
1683 3623 1792 3680 fuit
1806 3665 1823 3694 ,
1861 3623 1960 3680 illa
1980 3640 2154 3679 causa
2176 3635 2264 3679 est
2285 3619 2443 3698 quod
2464 3619 2525 3679 in

471 3719 639 3779 furtis
668 3739 801 3778 cum
831 3717 914 3776 eis
943 3718 1174 3778 collusit
1198 3741 1211 3776 :
1234 3718 1501 3798 illudque
1530 3739 1605 3777 ex
1622 3718 2010 3777 familiaritate
2035 3728 2095 3775 et
2120 3716 2527 3794 conjunctione

470 3820 669 3879 Verris
695 3839 828 3878 cum
857 3818 1196 3898 Carpinatio
1225 3819 1484 3897 quodam
1512 3817 1829 3898 probatur,
1863 3817 1965 3896 qui
2005 3815 2333 3895 praedarum
2362 3816 2526 3875 istius

473 3919 695 3992 socius,
736 3917 832 3978 isti
858 3917 1019 3974 omni
1043 3916 1221 3976 modo
1254 3915 1454 3975 favere
1478 3916 1686 3995 roepit,
1718 3933 1969 3992 eumque
1998 3919 2192 3973 Romae
2219 3913 2375 3993 apud
2406 3934 2524 3994 pu-

475 4015 738 4074 blicanos
785 4013 1208 4074 commendare.
1246 4013 1422 4074 Unde
1471 4011 1596 4090 ejus
1639 4011 1723 4070 rei
1770 4011 1911 4070 falsa
1953 4012 2173 4089 species
2215 4011 2534 4090 Carpinatii

489 4111 691 4172 fraude
721 4113 792 4173 sit
821 4113 1042 4172 effecta.
1069 4111 1288 4172 Ultimo
1315 4111 1446 4170 loco
1472 4108 1717 4168 docetur
1750 4113 1989 4168 Verrem
2021 4109 2348 4186 portorium
2376 4107 2534 4167 haud
