2984 4684
739 367 845 436 IN
895 367 1325 436 VERREM
1372 367 1586 436 ACT.
1643 371 1751 454 Π,
1799 371 1983 439 LIB.
2023 371 2126 439 11.
2350 369 2490 457 413

376 487 897 581 (verumtamen
930 513 1014 558 ea
1052 485 1475 558 liberalitas‘*
1521 503 1630 559 est
1672 489 2044 587 probanda
2068 544 2087 579 ,
2127 515 2287 587 quae
2337 494 2492 564 sine

374 597 699 693 periculo
730 598 1270 668 existimationis
1310 612 1448 684 est,
1479 613 1564 668 ut
1601 602 1675 668 in
1713 598 1835 670 illo
1877 597 2014 670 fuit
2035 600 2082 696 ).
2124 603 2370 691 Quum
2404 601 2496 672 ab

374 731 463 778 eo
507 707 803 804 quidam
846 723 1051 778 vetus
1086 721 1496 794 assectator,
1539 706 1670 778 ex⁵
1718 733 2024 780 numero
2062 713 2454 782 amicorum
2475 765 2496 799 ‚

372 842 525 888 non
566 819 1019 914 impetraret,
1061 819 1169 887 uti
1204 841 1281 888 se
1316 814 1778 915 praefectum⁶
1818 821 1896 887 in
1924 816 2230 889 Africam
2275 819 2494 891 duce-

373 941 521 1014 ret,
558 941 631 999 et
672 926 747 997 id
776 926 998 999 ferret
1036 928 1337 998 moleste
1368 955 1448 998 21«
1462 928 1662 1014 Noli,
1699 929 1938 1024 inquit
1959 981 1978 1014 ,
2013 931 2254 998 mirari
2277 983 2296 1012 ‚
2327 931 2386 1000 si
2417 945 2500 1000 tu

374 1067 408 1100 «
434 1061 474 1106 a
503 1061 619 1108 me
650 1035 791 1106 hoc
814 1061 965 1108 non
1004 1041 1365 1134 impetras,
1410 1042 1562 1134 Ego
1591 1036 1736 1132 jam
1774 1036 2055 1134 pridem
2093 1036 2186 1108 ab
2222 1062 2350 1125 e0,
2383 1043 2500 1108 cui

375 1177 409 1212 t<
434 1171 665 1218 meam
708 1149 1309 1218 existimationem
1348 1171 1584 1218 caram
1620 1143 1774 1216 fore
1803 1145 2134 1232 arbitror,
2172 1161 2346 1244 peto
2367 1201 2388 1234 ,
2419 1162 2504 1218 ut

375 1287 409 1321 «
433 1281 715 1328 mecum
746 1255 1126 1355 praefectus
1162 1255 1663 1354 proficiscatur
1688 1311 1706 1343 ,
1745 1271 1818 1328 et
1851 1255 2086 1327 adhuc
2117 1259 2502 1354 impetrare

375 1397 408 1432 «
434 1391 583 1436 non
610 1390 909 1464 possum
936 1397 989 1435 n.
1036 1367 1321 1436 Etenim
1364 1390 1441 1438 re
1481 1390 1650 1437 vera
1689 1366 1921 1437 multo
1965 1368 2184 1463 magis
2225 1382 2332 1437 est
2369 1392 2499 1464 pe·

378 1477 677 1550 tendum
713 1476 805 1549 ab
850 1475 1303 1564 hominibuS,
1350 1478 1408 1547 si
1448 1477 1621 1547 salvi
1661 1492 1733 1548 et
1775 1476 2064 1548 honesti
2103 1501 2252 1548 esse
2297 1477 2502 1548 volu-

376 1612 537 1660 mus
556 1643 575 1676 ,
599 1603 685 1660 ut
710 1603 881 1661 eant
906 1586 1292 1659 nobiscum
1320 1588 1397 1657 in
1428 1588 1908 1684 provinciam,
1937 1611 2158 1684 quam
2189 1586 2330 1658 hoc
2364 1585 2504 1656 illis

376 1700 453 1768 in
490 1697 867 1770 beneficii⁷
911 1698 1071 1768 loco
1108 1694 1608 1768 deferendum.
1650 1697 1790 1768 Sed
1825 1711 1944 1782 tu,
1969 1721 2201 1794 quum
2239 1711 2314 1768 et
2337 1711 2506 1768 tuos

378 1812 643 1880 amicos
664 1811 748 1879 in'
765 1809 1233 1907 provinciam,
1254 1809 1459 1904 quasi
1494 1809 1568 1877 in
1595 1805 1946 1906 praedam,
1988 1805 2342 1878 invitabas
2362 1843 2400 1896 ,-
2427 1821 2502 1876 et

379 1918 735 2001 cumillis,
772 1943 855 1990 ac
884 1943 1017 2016 per
1042 1943 1165 1990 eos
1188 1917 1602 2016 praedabare
1621 1973 1640 2006 ,
1668 1933 1742 1989 et
1759 1943 1884 1990 eos
1910 1919 1986 1988 in
2012 1919 2362 1989 concione
2385 1941 2507 1988 an-

376 2030 570 2102 nulis
594 2023 873 2102 aureis⁸
908 2028 1274 2117 donabas3
1304 2055 1457 2102 non
1486 2028 1890 2116 statuebaS,
1925 2026 2058 2098 tibi
2085 2052 2236 2098 nou
2265 2027 2502 2099 solum

379 2138 473 2210 de
504 2153 616 2225 te,
656 2138 784 2210 sed
822 2141 1035 2210 etiam
1060 2138 1155 2210 de
1196 2141 1485 2211 illorum
1515 2138 1718 2262 factis
1751 2141 2106 2210 rationem
2149 2161 2302 2210 esse
2338 2137 2504 2210 red·

222 2243 227 2250 ’
330 2327 333 2332 ,
377 2246 734 2319 ciendam?

475 2362 726 2449 Quum
762 2358 899 2430 hos
922 2357 1057 2430 sibi
1086 2375 1396 2454 quaestus
1420 2359 1940 2442 constituisset,
1965 2383 2265 2456 magnos
2287 2373 2504 2456 atque

380 2467 672 2554 ubereS,
711 2493 799 2540 ex
835 2468 948 2538 his
982 2469 1251 2555 causis,
1286 2492 1468 2565 quas
1509 2471 1662 2566 ipse
1703 2468 2109 2538 instituerat
2146 2469 2222 2537 in
2269 2473 2504 2539 consi·-

378 2577 513 2666 lio,
547 2579 688 2649 hoc
724 2590 831 2648 est
852 2631 871 2664 ,
907 2601 1073 2649 cum
1106 2601 1233 2648 sua
1273 2577 1575 2650 cohorte
1600 2630 1619 2663 ,
1667 2598 2099 2671 cognoscere
2131 2601 2146 2644 ε
2186 2589 2343 2645 tum
2394 2579 2504 2646 in-

382 2812 443 2861 de
468 2811 655 2860 minem
680 2825 869 2872 semper
902 2807 1272 2872 intelligendum
1304 2823 1399 2874 pn·
1486 2807 1810 2856 constantiam
1831 2807 1886 2853 in
1910 2804 2180 2854 recusando
2203 2805 2432 2865 ostendit,
2459 2817 2509 2854 et

382 2901 453 2938 tat
473 2891 932 2939 Manutius.—Hoc.
958 2889 1171 2938 Suband.
1202 2891 1399 2938 sactum.
1487 2905 1542 2936 ea
1570 2887 1747 2952 probat
1771 2901 1882 2950 qua
1900 2901 1929 2934 a
1953 2886 2190 2935 Cicerone
2209 2885 2376 2949 paullo
2398 2896 2510 2934 ante

455 2980 503 3028 4.
537 2973 748 3018 Ver-nme.
777 2985 841 3026 ea
867 2969 949 3018 lib.
970 2969 1087 3018 Non
1124 2968 1401 3030 inhumani,

382 3052 469 3098 aed
502 3051 565 3098 ad
604 3050 727 3098 bene
770 3049 831 3097 de
864 3049 1093 3098 omnibns
1118 3049 1401 3096 merendum

380 3130 751 3195 promptissimi3
784 3129 948 3193 itaque
984 3127 1109 3176 illud
1151 3139 1401 3177 verumta-

385 3227 493 3258 men
531 3209 595 3257 ad
636 3210 739 3268 ejua
786 3207 1059 3258 docendum
1101 3207 1401 3257 liberalitatis

382 3289 582 3337 modum
606 3289 846 3338 concinne
870 3289 1143 3338 adhibetur.

458 3371 506 3417 5.
525 3368 688 3430 Vulgo
714 3377 765 3414 ee
787 3384 871 3418 ex.
892 3369 1005 3416 Tria
1025 3367 1171 3415 verba
1188 3389 1215 3409 ι
1236 3381 1297 3414 ex
1312 3383 1404 3414 nn-

383 3463 517 3496 mero
564 3447 827 3494 amicornm
844 3469 871 3488 ι·
920 3447 1178 3510 glossatori
1230 3447 1403 3493 tribuit

383 3531 572 3576 Ernest.
615 3525 871 3573 assentitur
920 3523 1119 3574 Schiitz.
1158 3539 1219 3572 eo
1268 3521 1405 3587 qnod

384 3613 703 3655 assectator-03
756 3615 893 3653 erant
943 3604 1144 3652 clientes
1185 3603 1403 3652 virorum

384 3687 648 3746 clarorum,
668 3685 955 3750 plerumque
977 3683 1199 3732 homines
1222 3693 1407 3745 tennes,

384 3781 508 3829 qnos
532 3781 632 3812 non
660 3775 853 3830 poterat
872 3764 1039 3827 Scipio
1058 3763 1109 3808 in
1136 3763 1407 3809 amicornm

384 3861 589 3894 numero
615 3846 809 3894 habere.
846 3843 941 3891 Sed
968 3853 1016 3890 et
1043 3851 1325 3896 assectator,
1348 3853 1407 3890 nt

382 3925 583 3972 verbnm
610 3937 839 3982 ass-ector,
872 3939 971 3971 non
994 3921 1141 3971 semel
1158 3922 1214 3969 in
1227 3921 1407 3968 bonam

386 4015 567 4067 partem
589 4007 855 4069 accipian-3
878 4013 929 4052 et
946 4017 1123 4051 nomen
1142 3999 1267 4050 illud
1286 4000 1409 4048 ami-

1489 2967 1738 3024 dicnntnr‚
1757 2975 1813 3012 nt
1828 2964 2012 3012 amicos
2032 2963 2327 3027 quandoque
2344 2965 2512 3014 missos

1472 3045 1748 3111 faciamus.

1561 3126 1613 3173 6.
1639 3120 1939 3186 meectum.
1967 3124 2026 3169 In
2058 3121 2260 3171 cohorte
2285 3122 2510 3186 pretoria

1488 3208 1534 3254 ie
1568 3219 1671 3254 erat
1709 3205 1880 3270 legatia
1921 3201 2144 3260 inferior,
2178 3201 2304 3248 nulli
2339 3199 2512 3250 officio

1488 3286 1725 3350 peculiari
1749 3285 1993 3336 addictus.
2017 3280 2204 3344 Saepins
2227 3282 2368 3328 etiam
2379 3297 2514 3344 prae-

1475 3364 1608 3430 fecti
1627 3381 1810 3414 nomen
1845 3361 2016 3412 titulus
2056 3359 2149 3407 fnit
2178 3359 2283 3407 aine
2305 3375 2372 3410 re.
2390 3357 2510 3407 Vid.

1488 3446 1620 3510 Nep.
1645 3447 1700 3493 in
1721 3447 1824 3494 Art.
1844 3442 1933 3490 vit.
1954 3455 2061 3504 cap.
2085 3439 2134 3487 6.

1565 3543 1610 3585 7.
1640 3521 1886 3591 Bemjficae’e'.
1926 3522 1984 3566 In
2019 3517 2144 3564 hanc
2183 3515 2422 3564 rationem
2451 3516 2514 3565 de

1492 3606 1556 3667 Q.
1581 3601 1776 3651 Fufidio
1800 3603 1872 3650 aie
1896 3598 2114 3661 loquitur
2145 3597 2198 3642 in
2225 3595 2425 3659 epistola
2450 3595 2514 3644 ad

1492 3687 1630 3732 Brut.
1659 3684 1720 3729 16
1737 3715 1752 3740 ,
1781 3691 1868 3728 «et
1907 3679 2000 3726 snit
2041 3676 2094 3722 in
2115 3675 2287 3722 Cilicia
2321 3691 2512 3723 mecum

1494 3763 1724 3810 tribunus
1751 3761 1960 3808 militum
1997 3767 2099 3819 qno
2137 3755 2188 3801 in
2221 3769 2420 3804 munere
2443 3756 2510 3804 ita

1492 3859 1546 3890 se
1565 3841 1816 3900 tractavit,
1841 3849 1898 3886 nt
1917 3835 2158 3899 accepiase
2175 3833 2240 3884 ab
2261 3851 2320 3884 eo
2339 3851 2514 3884 manns

1498 3921 1703 3978 videre-r,
1729 3935 1830 3966 non
1857 3915 2046 3964 dedisse
2059 3937 2101 3961 ιι.

1571 4001 1620 4048 8.
1669 3997 1874 4046 Annalis
1909 3994 2083 4042 aureis.
2113 3993 2229 4041 Vid.
2265 3993 2379 4044 infr.
2414 4005 2509 4042 act.

390 4081 437 4128 οἱ
464 4083 601 4146 qnod
626 4085 883 4148 adficitur,
934 4099 994 4131 eo
1022 4081 1171 4145 magia
1194 4080 1411 4130 Africani
1499 4081 1574 4127 111
1591 4114 1604 4138 ,
1629 4080 1710 4125 80.
