2984 4684
494 331 632 427 593
1280 329 1822 398 APPENDIX

384 489 395 499 ·
490 451 671 518 novis
704 448 977 514 subinde
1010 449 1259 537 legibus
1284 452 1518 529 jactata
1550 471 1652 512 res
1679 447 2010 528 judiciaria
2038 471 2398 534 numquam
2429 449 2632 535 plane

490 573 882 643 conquievit.

578 665 743 724 Ante
800 663 869 724 C.
918 661 1279 749 Sempronii
1330 660 1606 724 Gracchi
1671 660 1944 724 alterum
2003 657 2452 739 tribunatum,
2495 658 2620 722 soli

490 783 817 833 senatores
855 765 1252 846 judicarunt.
1307 770 1380 831 C.
1422 766 1754 830 Gracchus
1795 765 2099 829 tribunus
2136 763 2348 850 plebis
2381 763 2626 826 iterum

488 897 663 938 anno
695 873 885 936 Urbis
913 872 1067 953 631,
1106 902 1130 928 κ
1154 872 1250 936 vir
1279 872 1530 959 optimo
1563 871 1828 958 ingenio
1865 869 2030 933 male
2061 891 2220 933 usus
2241 901 2266 926 υ
2289 916 2308 949 ,
2343 883 2419 932 ut
2446 891 2626 932 rem-

488 979 813 1069 publicam
841 977 1291 1066 quammultis
1330 976 1467 1041 aliis
1511 976 1762 1065 legibus
1807 975 2188 1064 perturbare
2223 974 2632 1051 instituerat,

490 1085 611 1148 hac
644 1085 835 1150 etiam
865 1087 934 1148 in
968 1101 1147 1172 parte
1173 1100 1431 1148 vexaret
1448 1131 1465 1165 ,
1494 1105 1533 1148 a
1554 1098 1781 1146 senatu
1799 1131 1817 1162 ,
1841 1081 1948 1144 cui
1977 1096 2247 1169 propter
2275 1083 2630 1143 fraternam

490 1212 713 1254 necem
753 1207 889 1254 erat
920 1191 1241 1269 infensus,
1277 1187 1359 1252 ad
1396 1188 1646 1276 equites
1667 1185 1906 1268 judicia
1929 1235 1948 1268 ,
1979 1187 2106 1249 lata
2131 1186 2272 1274 lege
2292 1233 2313 1265 ,
2347 1201 2636 1248 transtu-

489 1296 584 1360 lit.
615 1293 1013 1359 Praetexebat
1038 1291 1434 1373 judiciorum
1478 1291 2002 1372 dissolutionem,
2042 1308 2109 1354 et
2143 1311 2370 1354 recens
2407 1311 2632 1352 exem-

491 1402 673 1489 plum
698 1401 943 1466 Aurelii
984 1403 1224 1481 Cottoe;
1264 1399 1670 1482 Salinatoris;
1714 1399 1806 1464 Μ.
1841 1397 2136 1486 Aquillii3
2166 1397 2280 1485 qui
2322 1411 2634 1486 repetun-

492 1505 723 1570 darum
775 1508 900 1587 rei,
950 1507 1269 1595 corruptis
1315 1503 1606 1586 judiciis,
1651 1505 1846 1592 elapsi
1891 1506 2169 1567 fuerant.
2225 1503 2442 1584 Quam
2489 1524 2634 1565 rem

491 1614 959 1678 attestabantur
976 1614 1450 1701 provinciarum
1474 1612 1892 1701 spoliatamm
1911 1612 2128 1701 legati,
2142 1611 2256 1699 qui
2277 1610 2635 1674 frementes

494 1737 561 1784 et
588 1717 1067 1806 indignabundi
1092 1733 1226 1783 tota
1246 1718 1425 1782 Urbe
1446 1717 1897 1782 discurrebant
1920 1737 2075 1781 cum
2102 1738 2336 1805 magna
2365 1731 2636 1778 senatus

493 1824 753 1890 invidia.
786 1826 1014 1912 Itaque
1038 1841 1300 1888 senatus
1337 1824 1594 1911 pudore
1620 1825 1832 1888 victus
1863 1823 1988 1912 legi
2023 1820 2305 1886 ferendae
2343 1842 2482 1884 non
2515 1819 2632 1883 ad·-

494 1930 765 1994 modum
802 1929 1175 1993 adversatus
1211 1947 1325 1994 est.

583 2037 777 2099 Anno
828 2049 977 2120 post
1030 2033 1479 2120 Semproniam
1533 2036 1740 2122 legem
1781 2033 2037 2096 decimo
2082 2033 2394 2119 septimo,
2422 2053 2634 2118 quum

490 2140 622 2217 jam
654 2139 949 2225 equitum
978 2136 1407 2217 judicantium
1430 2140 1693 2204 avaritia
1713 2155 1910 2226 atque
1939 2137 2237 2226 superbia
2271 2137 2444 2200 ultra
2477 2136 2630 2202 ferri

498 2266 633 2305 non
672 2257 935 2331 possent
966 2240 1157 2328 (vide
1172 2242 1447 2331 Appian.
1468 2243 1493 2329 )
1511 2291 1530 2324 ,
1567 2243 1648 2324 Q.
1683 2240 1986 2308 Servilius
2015 2242 2230 2330 Caepio
2261 2255 2397 2305 ebs.
2432 2242 2490 2305 is
2521 2242 2632 2329 qui

498 2349 799 2412 Tolosam
835 2348 1069 2412 urbem
1114 2347 1410 2436 diripuit,
1460 2366 1525 2413 et
1561 2371 1640 2412 ex
1669 2348 1978 2438 Apollinis
2013 2349 2206 2429 fane,
2241 2345 2426 2434 quod
2455 2349 2522 2410 in
2559 2371 2630 2410 ω

502 2456 663 2520 urbe
702 2455 857 2530 fuit,
890 2453 971 2518 ad
1006 2454 1379 2541 quindecim
1434 2455 1629 2520 millia
1668 2455 1985 2519 talentum
2023 2454 2292 2520 abstulit
2331 2453 2630 2538 (Strabo,

502 2561 612 2624 lib.
644 2559 805 2645 IV),
840 2560 1087 2648 quique
1129 2575 1353 2648 postea
1395 2583 1548 2624 cum
1581 2560 1860 2626 Cimbris
1895 2561 2060 2624 male
2092 2561 2409 2649 pugnavit
2455 2559 2629 2645 (Liv.

502 2665 674 2752 Epit.
699 2665 831 2752 67),
862 2665 1066 2754 legem
1096 2666 1344 2753 rogavit
1365 2714 1382 2746 ‚
1416 2688 1591 2728 anno
1623 2666 1816 2729 Urbis
1841 2667 1991 2753 647,
2013 2681 2090 2730 ut
2121 2687 2268 2730 cum
2305 2664 2630 2752 equitibus

504 2786 830 2834 senatores
886 2771 1077 2835 etiam
1107 2769 1473 2849 judicarent
1517 2793 1532 2834 ε
1585 2772 1672 2835 ob
1718 2771 1901 2860 quod
1947 2769 2336 2834 beneficium
2371 2787 2632 2834 senatus

504 2898 653 2939 eum
681 2891 1066 2961 «patronum
1094 2899 1287 2938 suum
1306 2907 1330 2932 ι»
1362 2876 1702 2964 appellavit
1743 2875 1921 2962 (val.
1955 2877 2124 2940 Max.
2153 2877 2280 2958 VI,
2303 2898 2370 2961 9,
2393 2874 2544 2962 13),
2568 2890 2632 2938 et

506 3013 529 3036 ιι
546 2980 765 3068 patriae
786 2979 1091 3043 liberator
1108 3011 1131 3035 u
1168 2981 1235 3042 in
1262 2980 1794 3068 inscriptionibus
1822 2979 1997 3069 apud
2017 2979 2274 3045 Gruter.
2305 3004 2372 3068 p.
2389 2979 2546 3062 468,
2570 2980 2628 3058 5,

506 3101 941 3173 nuncupatur.

588 3191 825 3280 Legem
866 3193 1197 3254 Serviliam
1229 3193 1590 3280 CaepioniS,
1622 3193 1806 3256 brevi
1846 3193 2184 3257 intervallo
2225 3209 2498 3279 sequuta
2537 3208 2632 3257 est

503 3299 698 3362 altera
733 3299 993 3362 Servilia
1030 3298 1329 3362 Glauciae.
1375 3299 1554 3363 Tulit
1583 3301 1657 3363 C.
1697 3299 2002 3364 Servilius
2031 3299 2296 3362 Glaucia
2325 3299 2622 3362 tribunus

502 3403 705 3492 plebis
731 3427 905 3468 anno
927 3403 1057 3490 649
1076 3451 1091 3476 ,
1119 3403 1212 3466 uti
1238 3450 1255 3483 ‚
1288 3419 1514 3466 contra
1550 3404 1631 3484 Q.
1663 3405 1982 3491 Caepionis
2015 3403 2222 3492 legem
2261 3402 2586 3466 Serviliam
2608 3451 2627 3481 ‚

503 3511 751 3597 equites
794 3511 913 3573 soli
956 3532 1033 3573 ex
1064 3511 1203 3597 lege
1235 3509 1617 3596 Sempronia
1647 3509 2030 3587 judicarent.
2079 3509 2279 3587 Cujus
2317 3508 2474 3596 legis
2518 3508 2628 3571 be-

506 3614 736 3678 neficio
773 3615 1033 3679 Glaucia
1089 3632 1453 3702 equestrem
1508 3614 1803 3678 ordinem
1854 3615 1978 3682 sibi
2039 3637 2174 3678 non
2225 3613 2633 3679 mediocriter

506 3719 569 3782 in
601 3737 937 3806 posterum
963 3721 1327 3784 conciliavit
1350 3737 1416 3785 et
1440 3722 1802 3786 obstrinxit.
1833 3723 1933 3784 Ex
1957 3745 2032 3785 ea
2057 3703 2196 3808 lege
2227 3719 2454 3784 decem
2489 3736 2632 3808 post

505 3825 723 3905 annis,
769 3829 840 3886 C.
882 3825 1209 3907 Norbani,
1258 3847 1391 3912 quo
1440 3843 1785 3892 accusante
1823 3827 2040 3914 Caepio
2077 3825 2418 3889 damnatus
2459 3841 2627 3904 erat,

502 3951 693 3994 eausa
722 3929 901 4017 apud
933 3930 1182 4016 equites
1220 3947 1359 3994 tum
1391 3930 1642 4009 judices
1681 3948 1818 3996 acta
1862 3948 1977 3996 est.
2023 3932 2158 3995 Cic.
2198 3931 2282 3996 de
2319 3935 2498 3996 Orat.
2529 3932 2625 4010 11,

503 4059 641 4122 cap.
666 4037 769 4112 48.
