2984 4684
441 373 586 445 266
1091 382 1188 450 M.
1240 383 1317 450 T.
1373 383 1943 452 CICERONIS

435 498 646 596 quasi
681 497 774 568 de
825 497 1188 572 industria
1231 503 1307 573 in
1354 502 1607 575 odium
1654 503 2287 598 offensionemque
2331 507 2587 603 populi
2678 539 2689 544 ·

441 612 724 679 romani
765 611 1092 683 irruere⁶
1148 613 1578 687 videantur:
1620 617 1763 687 hoc
1798 639 1917 686 me
1954 612 2307 712 profiteor
2352 641 2589 687 susce-

437 723 669 818 pisse,
705 746 1054 819 magnum
1101 722 1402 798 fortasse
1453 751 1681 816 onus,
1721 742 1796 799 et
1834 725 2016 796 mihi
2055 725 2541 823 periculosum
2566 781 2587 811 ,

435 845 936 902 verumtamen
967 833 1307 932 dignum,
1338 840 1416 907 in
1453 863 1603 933 quo
1638 861 1895 916 omnes
1924 860 2187 908 nervos
2218 838 2445 907 aetatis
2476 839 2585 906 in—

435 939 878 1038 dustriaeque
933 969 1110 1015 meae
1157 947 1705 1019 contenderem.
1762 948 2131 1038 Quoniam
2170 959 2366 1016 totus
2398 943 2585 1015 ordo

433 1075 836 1149 paucorum
863 1055 1330 1152 improbitate
1359 1073 1435 1128 et
1459 1056 1757 1130 audacia
1784 1060 2158 1155 premitur,
2188 1070 2263 1126 et
2286 1069 2587 1151 urgetur

431 1160 728 1234 infamia
753 1165 1199 1259 judiciorum
1234 1195 1250 1238 t
1289 1167 1665 1267 profiteor,
1699 1168 1875 1239 huic
1916 1169 2163 1263 generi
2199 1165 2581 1235 hominum

435 1296 552 1344 me
571 1275 948 1346 inimicum
969 1332 988 1363 ‚
1015 1294 1509 1351 accusatorem
1531 1281 1869 1352 odiosum
1885 1289 1936 1368 7,
1966 1275 2362 1364 assiduum,
2394 1299 2587 1346 acer-

429 1379 612 1452 bum
640 1383 1154 1459 adversarium.
1189 1395 1346 1461 Hoc
1373 1389 1551 1461 mihi
1582 1415 1828 1478 sum0,
1853 1390 1996 1460 hoe
2020 1385 2205 1458 mihi
2233 1386 2585 1484 deposce,

428 1492 634 1588 quod
666 1519 873 1592 agam
913 1501 990 1568 in
1023 1502 1446 1598 magistratu
1462 1495 1521 1590 ⁸,
1558 1500 1759 1599 quod
1782 1523 1991 1597 agam
2026 1525 2119 1570 ex
2155 1522 2245 1569 eo
2278 1496 2466 1585 locO,
2493 1521 2583 1566 ex

431 1624 584 1697 quo
613 1629 729 1676 me
752 1607 1076 1703 populus
1110 1635 1453 1682 romanus
1471 1637 1561 1682 ex
1578 1611 1719 1682 kal.
1740 1611 2020 1706 januar.
2058 1621 2342 1680 secum9
2368 1631 2581 1703 agere

433 1711 526 1782 de
562 1714 939 1812 republica
982 1743 1068 1790 ac
1118 1718 1210 1792 de
1257 1720 1685 1792 hominibus
1716 1718 2077 1818 improbis
2112 1719 2389 1799 voluitss
2440 1717 2585 1788 hoc

432 1836 774 1894 munus¹⁰
800 1826 1156 1901 aedilitan's
1185 1857 1360 1902 meae
1395 1833 1677 1930 populo
1712 1855 2020 1905 romano
2056 1829 2580 1927 amplissimum

431 1932 1156 2038 pulcherrimumque
1206 1942 1576 2040 polliceor.
1636 1949 1944 2029 Moneo,
2014 1939 2365 2040 praedico,
2412 1954 2585 2010 ante

429 2041 787 2118 denuntio
821 2074 836 2118 ε
873 2051 1002 2146 qui
1029 2067 1153 2123 aut
1187 2053 1559 2150 deponere
1581 2065 1670 2140 ¹¹,
1692 2067 1821 2125 aut
1850 2055 2202 2150 recipere,
2230 2065 2359 2122 aut
2390 2051 2578 2120 acci-

429 2176 641 2250 pere,
687 2172 819 2228 aut
867 2160 1225 2256 polliceri,
1269 2171 1397 2234 aut
1451 2178 1861 2261 sequestres
1884 2217 1905 2251 ,
1959 2177 2087 2234 aut
2146 2166 2581 2259 interpretes

429 2266 952 2364 corrumpendi
979 2270 1234 2367 judicii
1264 2273 1519 2344 solent·
1542 2299 1736 2361 esse,
1779 2275 2056 2370 quique
2090 2273 2177 2342 ad
2205 2272 2398 2343 hanc
2424 2295 2576 2342 rem

429 2389 557 2445 aut
583 2383 987 2474 potentiam
1009 2395 1097 2474 ¹²,
1120 2401 1245 2458 aut
1264 2387 1793 2486 impudentiam
1818 2411 2024 2458 suam
2048 2384 2350 2484 professi
2383 2399 2579 2468 sunt,

423 2481 838 2560 abstineant
875 2494 951 2562 in
1003 2493 1146 2567 hoc
1175 2497 1454 2592 judicio
1500 2523 1761 2569 manus
1807 2498 2241 2595 animosque
2287 2494 2379 2566 ab
2436 2495 2581 2566 hoc

424 2595 697 2669 ,scelere
739 2600 1040 2676 nefario·

525 2711 720 2780 XIII.
761 2715 916 2786 Erit
966 2731 1123 2788 tum
1158 2720 1415 2790 consul
1446 2722 1874 2790 Hortensius
1905 2741 2076 2788 cum
2114 2739 2403 2786 summo
2440 2720 2577 2785 im·

425 2924 477 2960 et
509 2915 783 2968 offensione
817 2923 996 2988 populi
1033 2941 1157 2973 rom.
1195 2927 1450 2976 minimum
1540 2926 1857 2992 magistratu,
1880 2936 1982 2974 erat
2010 2921 2574 2992 peuniuuaVidfidl.

422 2991 725 3060 laborantes,
750 2999 1065 3066 religionem,
1089 3003 1258 3065 fidem,
1282 3006 1453 3054 verita-
1542 3009 1693 3066 xm,
1722 3006 1804 3054 15.

424 3081 522 3120 tem
547 3079 756 3139 pecunia
779 3071 1065 3131 venderent.
1089 3085 1232 3131 Max.

497 3155 548 3204 6.
565 3159 780 3208 strues-e.
809 3161 933 3209 Cum
951 3161 1169 3227 impetn,
1195 3163 1336 3212 nullo
1362 3181 1455 3229 pu·

429 3233 547 3283 dore
567 3239 762 3288 retenti.

499 3331 548 3384 Ἰ.
571 3316 821 3366 Odiosum.
839 3321 1198 3384 Impormnnm.
1217 3349 1289 3358 —
1301 3326 1456 3370 Acer-

427 3396 556 3443 bum.
573 3397 957 3448 severissimum.
1338 3454 1358 3475 .-

497 3475 550 3524 8.
579 3479 641 3524 In
671 3477 978 3543 magistratu.
1000 3479 1261 3528 AEdiii-tate.
1283 3479 1352 3520 -·'—
1369 3481 1454 3528 Ea:

419 3568 482 3601 eo
505 3553 633 3603 loco.
657 3557 694 3604 E
713 3560 897 3606 rostris.

493 3649 546 3696 9.
565 3637 736 3685 Secum
757 3653 922 3704 agere.
947 3643 1106 3705 Agere
1121 3655 1232 3687 eum
1246 3639 1448 3704 populo,

422 3723 499 3760 est
527 3717 767 3780 populum
793 3719 858 3767 ad
890 3719 1158 3768 concilium
1176 3735 1350 3768 vocate
1365 3755 1380 3780 ,
1403 3730 1454 3768 et

427 3796 728 3857 rogationem
755 3799 898 3858 ferre,
921 3783 1068 3863 quam
1089 3799 1334 3863 suffragiis
1351 3800 1452 3847 mis

421 3871 608 3931 jubeat,
625 3887 712 3923 aut
725 3888 869 3926 vetet.
890 3880 1045 3942 Quod
1064 3881 1184 3928 solis
1203 3881 1452 3944 magi-tra-

423 3951 558 4003 tibnz
582 3951 774 4001 licebat.
801 3959 962 4022 Agere
987 3975 1102 4007 vero
1128 3961 1204 4007 ad
1215 3961 1454 4025 populum

1619 3099 1699 3135 πο.
1722 3087 1920 3134 Munus.
1948 3085 2029 3132 Sic
2066 3081 2438 3148 appellabantur
2466 3079 2572 3128 ludi

1543 3182 1669 3231 quoe
1715 3164 1909 3230 populo
1946 3163 2177 3212 exhibere
2220 3161 2385 3210 edile·
2427 3159 2573 3208 debe-

1543 3245 1681 3295 bant.
1720 3247 1832 3293 Hoc
1862 3241 2221 3308 epecncnlmn,
2257 3239 2417 3304 inqnit
2440 3239 2576 3290 Cloe·

1542 3339 1627 3386 ro,
1662 3323 1907 3390 polliceor
1953 3322 2143 3388 populo
2189 3319 2571 3386 pulcherrimum

1544 3405 1793 3454 aedilitatis
1815 3419 1956 3453 meae.

1620 3501 1641 3532 1
1658 3501 1673 3532 ι
1690 3522 1704 3534 .
1741 3487 2011 3548 Deponere.
2050 3483 2289 3531 Pecuniae
2328 3480 2463 3545 apud
2506 3495 2575 3528 se·

1541 3573 1783 3628 qnestmm
1806 3564 1872 3613 ad
1900 3562 2255 3626 corrumpenda
2274 3559 2479 3621 indicia.
2502 3587 2573 3596 —-

1541 3643 1767 3708 Recipm
1785 3661 1805 3692 .·
1818 3643 2003 3705 judici·
2026 3643 2229 3706 gratiam
2254 3640 2572 3706 polliceri.—

1540 3722 1801 3787 Aeoipere‚
1830 3722 2040 3788 pecnnia
2064 3719 2401 3784 eorrumpi.—
2418 3717 2573 3765 Polla·-

1540 3801 1642 3850 σει-ι’
1672 3803 1947 3867 pecuniam.
1977 3827 2053 3839 —·
2078 3802 2389 3863 Interpreta-
2414 3802 2571 3848 Inter-

1538 3883 1750 3930 nuncios
1782 3881 1917 3946 (gall.
1942 3881 2009 3930 les
2032 3877 2253 3943 agents.)

1622 3949 2019 4010 12.'Poeeneimn.
2056 3958 2263 4009 Nobile·
2292 3957 2437 4005 Verri
2470 3957 2573 4003 sus-

427 4042 503 4079 est
546 4030 689 4079 verb·
725 4033 881 4082 facere
919 4035 986 4084 ad
1022 4038 1262 4102 populum
1281 4074 1297 4099 ,
1341 4041 1448 4088 sine
1534 4042 1779 4104 fragante·
1808 4041 1985 4104 carpit.
2006 4067 2078 4078 —-
2103 4036 2483 4103 Impudentiam.
2510 4037 2569 4082 ln

425 4111 680 4175 rogatione
696 4129 711 4171 ;
729 4113 870 4175 quod
893 4114 1120 4177 privatis,
1145 4119 1448 4170 eoncedente

1537 4120 1918 4184 corrumpendo.
