2984 4684
761 383 1228 453 NICOLAI
1292 383 1981 459 DESJARDINS.
2294 415 2435 461 xxv

307 504 777 604 ignoscenda3
824 518 899 575 et
955 519 1038 574 ut
1089 518 1286 600 grata
1328 509 1573 602 potius
1630 501 1848 604 quam
1888 523 2231 605 arrogans
2280 537 2433 586 esse

305 614 655 688 videatur.
688 616 922 686 Aliam
948 613 1204 686 Fabius
1235 617 1372 686 init
1402 619 1589 687 viam
1623 617 1982 715 purgandi
2010 627 2435 717 arrogantiae

309 728 699 798 Ciceronisa
741 725 1176 822 Plerumque
1196 778 1216 814 ‚
1259 727 1503 822 inquit
1529 726 1831 816 Quintil.
1862 725 1986 797 ubi
2032 753 2279 827 supra,
2316 735 2436 803 Ci-

310 859 476 912 cero
509 834 604 907 de
631 839 782 908 suis
807 835 1022 906 rebus
1054 835 1272 931 gestis
1309 860 1462 907 non
1498 837 1653 906 sine
1678 834 1919 932 aliqua
1952 839 2233 910 ratione
2272 863 2439 937 prae-

311 944 593 1018 dicavit.
641 969 677 1011 α
698 949 845 1016 Aut
896 947 1092 1016 enim
1141 943 1485 1016 tuebatur
1538 961 1694 1034 θος,
1748 945 2015 1042 quibus
2060 962 2213 1019 erat
2264 975 2441 1023 usus

311 1053 764 1150 adjutoribus
793 1055 870 1125 in
897 1054 1375 1154 opprimenda
1403 1055 1939 1150 conjuratione3
1976 1070 2101 1128 aut
2131 1081 2436 1155 respon-⁴

313 1165 527 1237 debat
565 1165 906 1236 invidiae:
959 1178 1046 1236 ut
1089 1165 1380 1236 illorum
1427 1189 1592 1261 quae
1642 1178 1886 1260 egerat
1932 1165 2008 1235 in
2054 1167 2437 1251 consulatu

311 1275 652 1374 frequens
687 1275 1283 1346 commemoratio
1313 1277 1538 1372 possit
1570 1273 1800 1344 videri
1828 1297 1979 1343 non
2012 1273 2252 1370 gloriae
2282 1301 2438 1348 ma·-

311 1386 458 1482 giS‚
496 1409 719 1481 quam
761 1382 1168 1456 defensioni
1207 1382 1456 1454 data.»

405 1497 526 1566 His
561 1493 744 1565 illud
778 1496 994 1566 etiam
1021 1493 1335 1582 accedit,
1373 1493 1578 1591 quod
1601 1464 1832 1592 quum
1860 1492 2223 1565 nobilitati
2256 1511 2441 1568 esset

310 1607 534 1676 invisa
565 1606 804 1676 omnis
837 1627 1197 1675 novorum
1235 1603 1615 1674 hominum
1656 1601 2041 1692 industria,
2084 1603 2291 1698 cujus
2327 1607 2438 1676 in-

307 1710 646 1784 vadendae
661 1712 906 1784 locum
932 1736 1257 1809 quaerere
1278 1713 1400 1784 illa
1431 1737 1585 1784 non
1611 1711 2017 1803 desinebat,
2046 1715 2442 1812 cogebatur

310 1822 617 1910 Tullius,
659 1831 894 1895 novus
938 1822 1196 1910 hom03
1246 1822 1340 1896 de
1391 1829 1539 1896 suis
1586 1827 1871 1921 egregie
1921 1822 2124 1896 factis
2184 1827 2439 1923 saepius

307 1934 690 2032 praedicare
712 1988 733 2021 ‚
769 1948 853 2005 ut
905 1932 1209 2006 habere-t
1255 1935 1455 2032 quod
1506 1948 1914 2033 opponeret
1968 1934 2439 2032 imaginibus,

309 2042 833 2132 consulatibus5
867 2058 940 2116 et
976 2043 1366 2142 triumphis
1385 2098 1404 2130 ‚
1445 2069 1633 2143 quos
1667 2069 1822 2115 non
1862 2069 2033 2116 suos
2053 2101 2073 2132 ,
2114 2046 2241 2117 sed
2280 2071 2433 2118 ma-

302 2153 544 2248 jorum
578 2177 923 2242 suorum,
977 2153 1262 2226 nobiles
1305 2153 1787 2244 ostentabant.
1828 2155 2038 2226 Haud
2078 2156 2289 2227 aliam
2335 2155 2433 2228 ob·

307 2289 592 2338 causam
635 2268 906 2336 Marius
947 2263 1142 2362 apud
1182 2264 1468 2336 Sallusti
1515 2267 1593 2336 in
1632 2271 1793 2362 Jug.
1838 2288 1994 2363 cap.·
2038 2263 2169 2353 83,
2224 2266 2315 2339 de
2356 2292 2433 2340 se

307 2373 682 2473 magnifice
703 2375 1038 2473 praedicat
1053 2429 1073 2464 ,
1099 2399 1251 2473 quo
1270 2374 1650 2446 hominum
1670 2405 1705 2442 α
1718 2380 1980 2448 veteris
2006 2381 2357 2477 prosapiae
2371 2410 2430 2466 n,-

307 2500 386 2558 ut
406 2490 528 2575 ait,
548 2515 584 2552 «
598 2485 1142 2582 multarumque
1157 2486 1553 2583 imaginum
1573 2517 1607 2552 n
1630 2485 2045 2586 superbiam
2071 2489 2432 2562 retundat.

304 2597 487 2668 Male
519 2598 776 2694 igitur,
819 2594 1020 2694 quod
1052 2597 1132 2666 in
1165 2599 1427 2684 Mario,
1471 2599 1645 2692 quia
1675 2601 2097 2668 necessitate
2138 2616 2431 2671 coactus

304 2703 494 2794 fecit,
511 2729 668 2776 non
697 2702 1388 2804 reprehenditur3id
1411 2708 1486 2775 in
1501 2705 1760 2792 Tullio,
1788 2707 1992 2803 quasi
2020 2707 2110 2776 sit
2128 2705 2431 2780 levitatis

303 2819 574 2887 crimen
593 2868 613 2903 ,
631 2886 637 2892 ,
655 2839 811 2886 non
840 2811 1090 2886 eadem
1129 2817 1573 2886 necessitatis
1614 2839 1859 2902 causa,
1895 2831 2350 2912 coarguetur.

397 2927 716 2998 Crimina
746 2939 1090 3024 praeterea
1115 2939 1288 2995 sunt
1308 2924 1502 3015 duo5
1530 2949 1693 3022 quae
1723 2927 2093 2996 Ciceronis
2118 2929 2195 2997 in
2230 2929 2429 3026 ingea
2488 2915 2497 2924 ⁹

301 3040 506 3107 nium
537 3037 754 3106 etiam
783 3032 1266 3106 conferantur.
1303 3040 1392 3106 In
1426 3032 1820 3107 refellendo
1852 3033 2297 3127 adversario
2286 3081 2291 3086 ·
2325 3040 2429 3110 in-

301 3150 598 3243 quiunt,
627 3160 739 3216 est
761 3143 1213 3216 mordacior:
1245 3160 1522 3216 naturae
1549 3169 1693 3217 suae
1722 3144 1993 3218 facetiis
2016 3147 2445 3244 indulgenti

299 3253 644 3326 libentius
693 3251 1144 3351 obsequitur
1211 3251 1572 3351 Objicitur
1611 3253 1715 3326 illi
1753 3263 2021 3328 canina
2052 3255 2427 3329 facundia
2406 3303 2427 3344 ‚-

300 3363 501 3462 quod
544 3388 751 3436 more
787 3387 1050 3435 canum
1089 3364 1504 3436 remordeat
1544 3365 1960 3438 lacessitus:
2006 3368 2085 3436 in
2122 3389 2317 3461 qu0‚
2354 3382 2427 3438 et

298 3479 466 3573 quia
491 3473 726 3546 dixit'
708 3499 788 3544 in
814 3468 1020 3544 libris
1051 3472 1146 3545 de
1172 3472 1484 3564 Officiis,
1510 3475 1747 3546 virum
1774 3473 2057 3545 bonum
2083 3497 2252 3544 eum
2272 3497 2429 3546 esse

298 3588 424 3682 qui
457 3586 689 3682 prosit
728 3581 1000 3680 quibus
1039 3587 1302 3682 possit,
1335 3599 1598 3659 noceat
1623 3586 1931 3671 nemini,
1968 3612 2001 3648 er
2029 3585 2170 3654 nisi
2200 3584 2425 3658 laces-

298 3699 476 3767 situs
518 3694 827 3790 injuria»
845 3750 865 3781 ‚
919 3694 1167 3766 multis
1221 3719 1389 3767 eum
1439 3693 1679 3768 verbis
1722 3695 2136 3766 Lactantius
2161 3705 2181 3738 ¹
2228 3697 2427 3769 inse·-r

299 3821 552 3894 (natur,
588 3802 794 3878 velut
835 3807 896 3875 si
934 3808 1014 3876 in
1045 3807 1397 3877 Cicerone
1431 3828 1714 3904 pagano
1746 3803 1919 3876 ferri
1950 3829 2101 3876 non
2124 3803 2385 3877 debeat
2402 3853 2424 3894 ‚

296 3915 490 4014 quod
543 3919 622 3987 in
673 3914 972 3988 homine
1015 3915 1408 3989 christiano
1450 3915 1711 4014 ‘religio
1752 3928 1967 4014 negat
2009 3913 2422 3988 ferendum,

368 4157 409 4190 1.
435 4143 510 4191 De
537 4155 657 4189 vero
685 4139 866 4198 Cultu,
895 4139 929 4187 i.
950 4155 997 4188 e.
1019 4139 1224 4204 lib.vl,
1253 4155 1362 4206 cap.-
1389 4140 1468 4188 18.

485 4225 540 4293 Ῑ.
587 4238 686 4291 Cic.
697 4255 822 4307 pars
854 4235 1074 4288 secemda.
2136 4213 2184 4286 b
