2984 4684
419 384 556 459 588
1209 386 1758 455 APPENDIX

411 508 581 577 hauc
615 508 1014 572 severitatem
1053 508 1400 597 mitigaret,
1441 508 1549 571 vix
1596 506 1861 595 quidem
1908 528 1945 569 a
1994 506 2241 595 populo
2298 522 2393 571 est
2440 528 2547 571 ac·-

415 632 632 704 eepta,
672 616 919 703 quippe
958 616 1368 680 obstantibus
1415 616 1491 678 iis
1530 616 1641 703 qui
1672 612 2168 677 candidatorum
2206 614 2547 701 pecuniam

416 720 588 808 plebi
635 720 921 784 dividere
965 721 1298 803 solebant,
1338 738 1400 784 et
1437 719 1517 783 ad
1556 742 1724 808 quos
1770 718 2125 783 divisorum
2173 718 2439 783 nomine
2476 742 2547 781 ea

408 826 512 889 lex
547 848 816 913 quoqne
851 828 1244 914 pertinebat;
1287 845 1352 891 et
1387 829 1472 891 ita
1504 824 1767 914 quidem
1808 825 2245 906 obstantibus,
2282 840 2357 887 ut
2386 846 2548 887 con-

413 932 546 1011 sul,
587 954 668 995 ne
700 932 970 997 omnino
995 934 1350 1013 vincerent,
1377 934 1733 997 solemnem
1762 931 2109 996 formulam
2140 929 2331 993 edere
2356 929 2550 991 fuerit

414 1053 718 1111 coactus:
763 1070 786 1093 a
811 1040 944 1119 Qui
999 1039 1318 1127 rempubl.
1378 1040 1617 1103 salvam
1674 1039 1905 1103 volunt
1960 1035 2040 1101 ad
2104 1037 2275 1100 hanc
2340 1036 2547 1123 legem

415 1145 712 1210 adeant».
749 1147 832 1209 Et
871 1170 944 1211 ea
991 1147 1256 1234 quidem
1307 1147 1719 1229 confirmata,
1770 1146 2107 1210 damnatos
2144 1162 2211 1207 et
2242 1143 2554 1231 pecunia,

416 1267 480 1313 et
513 1266 740 1315 senatu
773 1274 848 1313 ac
877 1253 1106 1339 quovis
1133 1251 1438 1317 adeundo
1468 1274 1739 1315 munere
1764 1248 2112 1329 multabat,
2146 1250 2339 1313 etiam
2364 1270 2555 1311 accu-

415 1358 612 1419 satori
647 1357 798 1421 satis
839 1381 1136 1449 magnam
1177 1359 1541 1424 mercedem
1578 1358 1923 1423 tribuebat.

507 1462 622 1525 Est
655 1463 846 1527 etiam
873 1465 992 1528 alia
1021 1464 1434 1529 celeberrima
1453 1513 1470 1546 ,
1496 1488 1689 1552 quam
1722 1486 1917 1526 unam
1943 1462 2007 1525 in
2038 1459 2379 1525 consulatu
2406 1458 2553 1521 tulit

414 1567 664 1632 Tullius
695 1585 916 1633 noster
943 1594 1119 1635 anno
1147 1571 1308 1657 689,
1355 1573 1561 1661 legem
1594 1570 1839 1634 scilicet
1860 1568 2139 1632 Tulliam
2167 1566 2249 1631 de
2274 1566 2549 1629 ambitu.

413 1674 658 1740 Verum
691 1674 774 1739 de
816 1700 886 1739 ea
924 1676 1084 1765 quid
1119 1678 1184 1741 in
1225 1678 1471 1767 Legum
1506 1676 1729 1743 Indice
1767 1674 2021 1739 dicatur
2052 1674 2251 1737 satius
2285 1671 2407 1734 erit
2454 1692 2553 1733 re-

413 1794 670 1865 petere3
715 1796 780 1844 ct
813 1780 982 1845 idem
1021 1805 1226 1870 porro
1261 1781 1577 1855 addemus
1628 1778 1709 1843 de
1769 1779 2101 1844 nonnullis
2152 1778 2273 1841 hac
2324 1774 2549 1841 eadem

414 1900 598 1949 aetate
631 1885 772 1951 latis
803 1888 1084 1977 legibus,
1119 1912 1352 1977 nempe
1385 1888 1629 1951 Licinia
1650 1934 1667 1967 ,
1706 1884 1993 1965 Aufidia,
2037 1882 2343 1971 Pompeia
2363 1930 2383 1962 ,
2408 1902 2551 1969 quae

413 1989 481 2052 in
519 2013 710 2077 supra
749 1992 1010 2057 laudato
1043 1991 1268 2057 Indice
1301 2016 1494 2057 suum
1532 1993 1749 2056 locum
1784 1992 1996 2080 aptius
2042 2012 2117 2055 ac
2166 1988 2555 2053 convenien-

413 2094 542 2155 tius
577 2094 942 2179 invenient,
984 2098 1230 2186 quippe
1275 2119 1418 2185 quae
1469 2096 1717 2159 facilius
1764 2095 1893 2159 hoc
1938 2095 2085 2159 loco
2127 2094 2553 2181 reperiantur.

415 2199 638 2261 Unum
660 2200 792 2279 jam
829 2202 1104 2281 adjicere
1135 2225 1346 2291 operae
1372 2201 1655 2291 pretium
1686 2218 1818 2282 est,
1848 2202 2047 2265 semel
2080 2214 2385 2287 corrupta
2416 2220 2550 2287 rep.

415 2318 514 2367 tot
543 2327 686 2369 reos
711 2305 1026 2379 adductos
1056 2324 1220 2396 quot
1247 2308 1657 2397 magistratus
1690 2306 2107 2387 obtinebant,
2144 2324 2209 2369 et
2236 2328 2349 2369 eos
2380 2327 2553 2367 sem·

417 2432 533 2497 per
576 2434 916 2495 accusare,
958 2416 1070 2502 qui
1101 2440 1136 2478 a
1181 2414 1492 2501 petitione
1544 2438 1659 2479 sua
1702 2412 2115 2496 deciderant3
2165 2435 2381 2501 neque
2419 2412 2549 2491 jam

413 2518 688 2603 pecunia
727 2538 842 2593 aut
875 2523 1256 2611 spectaculis
1305 2522 1559 2611 plebem
1618 2521 1975 2596 conciliari,
2020 2543 2244 2584 verum
2295 2517 2553 2581 armatis

416 2622 796 2689 cohortibus
851 2628 1064 2691 forum
1119 2630 1477 2710 cruentari,
1524 2652 1669 2715 quae
1716 2650 1849 2692 non
1896 2628 2027 2707 jam
2080 2625 2281 2716 gratia
2325 2646 2549 2689 verum

415 2727 590 2791 ferro
617 2731 787 2793 inter
818 2754 886 2795 sc
913 2733 1416 2816 contenderent,
1447 2735 1533 2797 ita
1562 2752 1637 2797 ut
1660 2756 1810 2797 vere
1834 2734 1939 2796 his
1968 2731 2374 2819 temporibus
2402 2753 2555 2793 con·-

413 2834 662 2917 veniat,
688 2837 870 2923 quod
910 2838 990 2903 de
1025 2840 1243 2903 Attico
1271 2839 1609 2904 Cornelius
1642 2840 1862 2926 Nepos
1904 2838 2103 2917 dixit3
2138 2860 2373 2925 nempe
2415 2857 2547 2899 non

415 2960 566 3003 eum
609 2943 911 3007 ambiisse
952 2945 1272 3024 honores„
1311 2944 1490 3033 quod
1533 2968 1747 3033 neque
1798 2944 1927 3032 peti
1968 2966 2151 3011 more
2190 2944 2551 3029 majorum,

415 3066 632 3131 neque
663 3048 804 3135 capi
840 3067 1110 3136 possent
1141 3052 1533 3115 conservatis
1564 3052 1854 3141 legibus,
1886 3051 1952 3113 in
1986 3066 2119 3118 tam
2158 3048 2383 3113 effusis
2416 3070 2551 3111 am·-

414 3151 592 3216 bitus
622 3154 1097 3245 largitionibus,
1141 3182 1355 3247 neque
1391 3161 1655 3223 retineri
1686 3160 1825 3223 sine
1856 3158 2189 3247 periculo,
2229 3155 2551 3243 corruptis

415 3260 686 3326 civitatis
726 3263 1000 3351 legibus.

898 3436 1018 3499 III.
1071 3434 1349 3522 Quoestio
1369 3452 1674 3527 perpetua
1702 3438 2056 3527 peculatus,

501 3574 644 3639 Hoc
689 3576 1164 3667 intelligebatur
1199 3584 1464 3645 nomine
1501 3582 1753 3646 furtum
1790 3604 2009 3647 rerum
2042 3580 2127 3645 ad
2160 3602 2363 3667 remp.
2400 3600 2550 3665 per·

411 3680 756 3747 tinentium
801 3703 864 3748 et
909 3710 1144 3752 aversoe
1178 3688 1452 3776 publicae
1508 3690 1799 3777 pecuniae
1854 3688 2119 3751 crimen.
2172 3687 2265 3749 Ut
2322 3693 2553 3749 ceterae

417 3788 836 3873 quaestiones,
873 3793 961 3856 sic
999 3794 1188 3857 etiam
1227 3797 1563 3883 peculatus
1598 3796 1819 3885 primis
1852 3794 2257 3882 temporibus
2298 3806 2549 3855 certum

417 3908 756 3981 praetorem
793 3920 924 3960 non
975 3898 1237 3981 habuit3
1275 3900 1390 3963 sed
1422 3902 1565 3989 lege
1598 3901 1944 3988 peculiari,
1984 3916 2097 3965 aut
2132 3895 2552 3987 praetoribus,

417 4014 528 4060 aut
567 4000 944 4065 consulibus
991 4004 1436 4069 mandabatur.
1487 4008 1583 4069 Sit
1618 4005 1911 4094 exemplo
1940 4004 2255 4085 judicium
2290 4003 2375 4071 .L.
2412 4002 2551 4065 sci-

414 4102 628 4189 pionis
682 4104 847 4169 illins
902 4108 1004 4171 cui
1061 4110 1294 4196 prioris
1342 4110 1625 4174 Africani
1684 4110 1861 4175 fratri
1915 4110 2157 4175 crimen
2202 4107 2529 4186 objectum
