2984 4684
673 394 780 466 IN
829 396 921 485 Q.
969 392 1513 464 CAECILIUM
1562 389 2153 461 DIVINATIO.
2337 388 2477 462 205

349 514 620 587 tatibus
648 537 782 612 pro
815 511 1184 584 frumento
1209 515 1591 610 pecuniam
1628 525 2040 608 exegerunt.
2079 509 2320 603 Quid?
2341 512 2485 584 hoc

354 631 581 699 Verre
640 639 950 722 praetore
1004 620 1272 693 factum
1332 635 1444 692 est
1491 620 1785 691 solum?
1840 644 2025 708 non;
2088 620 2214 692 sed
2265 624 2485 693 etiam

353 749 708 833 quaestore
727 733 1031 805 Caecilio.
1056 731 1252 822 Quid
1279 732 1543 829 igitur?
1561 730 1859 802 daturus
1874 754 1951 803 es
1970 730 2145 801 huic
2168 733 2487 817 crimini,

355 840 556 941 quod
590 856 663 914 et
695 843 994 940 potuisti
1025 839 1412 939 prohibere
1432 895 1453 929 ,
1489 864 1587 911 ne
1613 839 1822 913 fieret
1842 896 1861 926 ‚
1898 856 1972 913 et
2008 839 2363 914 debuisti?
2397 868 2493 914 an

355 966 594 1023 totum
627 950 701 1021 id
724 950 1143 1048 relinques?
1175 954 1364 1048 Ergo
1394 949 1469 1021 id
1493 954 1797 1021 omnino
1818 955 2083 1023 Verres
2111 956 2182 1022 in
2216 953 2494 1049 judicio

356 1085 492 1132 suo
529 1086 680 1131 non
719 1058 995 1148 audiet,
1021 1057 1223 1157 quod
1252 1084 1484 1157 quum
1516 1057 2495 1159 faciebat,quemadmodum

357 1170 790 1245 defensurus
819 1183 1008 1242 esset
1027 1225 1048 1259 ,
1073 1194 1226 1241 non
1265 1168 1678 1269 reperiebat
1690 1181 1745 1240 9.

457 1286 580 1353 XI.
609 1286 848 1379 Atque
876 1306 1014 1378 ego
1036 1279 1210 1367 haec,
1243 1304 1406 1377 quoe
1430 1281 1509 1351 in
1540 1278 1783 1350 medio
1806 1281 2041 1379 posita
2070 1296 2265 1366 sunt,
2295 1308 2497 1354 com-

356 1418 704 1465 memoro.
751 1398 934 1464 Sunt
968 1390 1108 1462 alia
1141 1395 1366 1487 magis
1407 1391 1693 1463 occulta
1736 1389 1969 1479 furta3
2011 1417 2171 1489 quae
2211 1392 2367 1480 ille,
2410 1410 2499 1466 ut

357 1504 600 1589 istiuS,
634 1500 892 1583 credo,
929 1502 1210 1571 animos
1246 1514 1466 1597 atque
1504 1500 1820 1598 impetus
1847 1500 2287 1589 retardaret,
2328 1528 2499 1575 cum

359 1628 716 1711 quaestore
773 1637 905 1683 suo
953 1610 1466 1709 benignissime
1515 1615 2145 1683 communicavit.
2096 1624 2118 1655 ¹
2200 1618 2367 1683 Haec
2420 1628 2501 1707 tu

361 1726 495 1796 scis
523 1724 621 1795 ad
655 1746 774 1795 me
807 1746 960 1794 esse
999 1720 1286 1794 delata·
1325 1744 1488 1844 quae
1528 1721 1589 1792 si
1626 1722 1841 1792 velim
1883 1721 2251 1819 proferre,
2288 1702 2501 1797 facile

359 1858 612 1906 omnes
653 1831 1100 1930 intelligent,
1142 1829 1352 1903 vobis
1389 1832 1585 1902 inter
1618 1854 1747 1902 vos
1784 1856 1937 1902 non
1970 1830 2194 1915 modo
2234 1832 2499 1903 volun-

362 1958 578 2016 tatem
601 1941 818 2015 fuisse
841 1942 1328 2037 conjunctam,
1347 1940 1476 2013 sed
1496 1965 1591 2012 ne
1613 1940 1927 2039 praedam
1942 1942 2242 2039 quidem
2260 1941 2501 2015 adhuc

361 2078 514 2127 esse
533 2054 854 2125 divisam.
871 2055 1336 2151 Quapropter
1359 2053 1418 2123 si
1439 2050 1571 2123 tibi
1588 2052 1968 2123 indicium²
1987 2052 2304 2149 postulas
2320 2052 2500 2142 dari,

361 2162 564 2260 quod
599 2178 842 2235 tecum
879 2186 1024 2232 una
1059 2159 1346 2247 fecerit,
1387 2159 1751 2250 conced0,
1790 2164 1849 2231 si
1882 2159 1961 2231 id
1997 2161 2155 2258 lege
2200 2166 2499 2259 permit-

361 2276 576 2363 titur3
639 2274 750 2345 sin
807 2286 1050 2343 autem
1089 2270 1182 2343 de
1236 2276 1697 2343 accusatione
1747 2270 2091 2359 dicimus,
2139 2273 2497 2345 concedas

362 2396 654 2481 oportet
681 2378 830 2466 iis³‚
868 2381 1000 2477 qui
1023 2380 1228 2451 nullo
1251 2404 1386 2451 suo
1413 2394 1715 2477 peccato
1744 2380 2247 2477 impediuntur
2261 2386 2317 2471 ⁴,
2343 2407 2495 2481 quo

363 2495 603 2565 minus
641 2493 934 2564 alterius
972 2504 1263 2589 peccata
1299 2490 1793 2562 demonstrare
1824 2494 2121 2588 possint.
2157 2496 2257 2561 Ac
2293 2494 2457 2563 vide
2477 2546 2498 2579 ‚

362 2620 717 2700 quantum
743 2600 1262 2674 interfuturum
1300 2605 1391 2671 sit
1415 2601 1607 2671 inter
1638 2623 1867 2669 meam
1902 2614 2121 2697 atque
2150 2616 2346 2671 tuam
2384 2624 2499 2673 ac-

365 2714 828 2785 cusationem.
867 2716 1019 2809 Ego
1053 2712 1272 2782 etiam
1300 2734 1460 2807 quae
1489 2725 1571 2780 tu
1596 2714 1749 2781 sine
1769 2712 1997 2781 Verre
2034 2712 2497 2800 commisisti,

367 2928 575 2981 pretore
615 2916 934 2967 redimebant.
970 2918 1044 2965 De
1077 2916 1155 2965 his
1192 2926 1242 2964 et
1278 2926 1388 2965 toto

367 2998 462 3045 hoc
484 2997 686 3044 crimine
705 2994 816 3045 vide
837 2996 978 3060 plura
999 2997 1137 3043 Verr.
1155 2994 1248 3045 111.

439 3092 489 3138 9.
505 3077 618 3123 Non
635 3074 922 3139 reperiebat.
934 3076 1062 3137 Quia
1079 3074 1388 3122 manifestum

369 3166 471 3203 erat
506 3154 710 3211 crimen,
755 3163 804 3201 et
847 3154 1030 3217 pariter
1069 3162 1389 3219 peccaverant

369 3244 551 3299 praetor
576 3243 625 3281 et
644 3234 908 3296 mancipes.

437 3314 531 3361 11.
551 3328 596 3362 1.
619 3310 1018 3360 communicavit.
1046 3312 1206 3359 Ironia
1227 3320 1316 3359 eat.

441 3407 489 3440 α.
516 3390 774 3439 Ῑηᾰίσίιυπ.
804 3390 966 3438 Index
996 3390 1176 3439 dicitur
1199 3391 1267 3448 is,
1299 3389 1392 3453 qui

371 3469 586 3529 facinus,
623 3471 762 3532 eujus
781 3470 885 3533 ipae
901 3478 974 3517 est
995 3470 1224 3517 conscius
1245 3500 1261 3527 ,
1297 3469 1390 3515 im-

370 3548 589 3613 punitate
625 3548 909 3613 proposita‚
959 3548 1128 3597 defert.
1170 3547 1392 3595 Postulat

371 3626 602 3673 indicium
629 3626 718 3689 qui
742 3625 876 3675 ultro
899 3640 952 3673 ae
985 3626 1133 3675 offert
1150 3625 1214 3673 ad
1230 3626 1395 3674 socios

371 3704 586 3753 criminis
636 3703 942 3755 deferendos.
995 3707 1112 3756 Non
1157 3705 1396 3753 senatoria

371 3798 608 3848 persona,
628 3782 792 3848 inquit
810 3784 1055 3834 monins
1070 3820 1084 3845 ‚
1123 3795 1290 3850 potest
1323 3785 1398 3833 in·

372 3862 555 3911 dicium
588 3862 814 3927 profiteri
836 3862 990 3929 (unde
1021 3864 1142 3913 salso
1158 3898 1174 3923 ‚
1201 3862 1398 3927 opinor,

370 3952 641 3991 senatorem
659 3943 808 3991 fuisse
835 3943 1090 3993 Caeeilium
1119 3944 1399 3992 existimant

373 4020 594 4081 Deajard.
620 4032 672 4069 et
703 4020 938 4088 Augen),
979 4038 1140 4087 neque
1175 4032 1402 4087 repetun-

377 4095 550 4147 darum
573 4114 716 4152 causa
742 4115 834 4165 per
863 4100 1054 4151 indices
1079 4100 1160 4167 agi
1183 4100 1322 4150 solet.
1349 4098 1401 4149 Si

1475 2915 1723 2981 postulas,
1758 2914 1923 2979 inquit
1956 2916 2173 2977 Tullius,
2210 2928 2502 2981 potestatem

1477 2996 1573 3044 tibi
1610 2994 1862 3043 indicandi
1898 2994 2038 3052 fieri,
2085 2996 2222 3061 quod
2248 3000 2421 3047 Verres
2458 3010 2505 3049 te

1474 3075 1666 3137 socium
1690 3075 1947 3122 eriminum
1973 3075 2230 3139 habuerit,
2272 3090 2329 3126 ut
2364 3079 2507 3125 nimi-

1475 3170 1584 3201 rum
1632 3154 1969 3217 impunitatem
2018 3170 2317 3219 consequare
2342 3191 2357 3215 ,
2406 3156 2506 3206 hoc

1475 3232 1606 3279 enim
1632 3232 1723 3279 tibi
1753 3244 1903 3281 restat
1924 3248 2101 3293 unum3
2131 3245 2247 3283 tunc
2272 3251 2501 3285 accusare

1475 3327 1581 3359 non
1614 3322 1774 3377 potes.
1812 3312 2044 3361 Notanda
2070 3314 2187 3362 inde
2218 3314 2301 3362 ina
2330 3314 2510 3363 indicii

1477 3400 1527 3437 et
1552 3390 1876 3439 accusationis
1912 3393 2191 3458 oppositio,
2231 3410 2376 3458 quam
2403 3410 2507 3443 non

1475 3470 1817 3519 animadvertit
1837 3472 2026 3522 Ernest.

1552 3550 1605 3599 3.
1639 3550 1880 3598 &Just
1917 3550 2264 3615 arrogantiam,
2308 3553 2363 3599 in
2390 3552 2509 3600 mul-

1480 3638 1563 3677 tos
1594 3629 1911 3690 transferens,
1946 3629 2081 3693 quod
2122 3628 2183 3677 de
2215 3646 2269 3677 se
2298 3630 2403 3695 ipae
2435 3632 2510 3681 lo-

1483 3706 1665 3770 quitur.

1559 3792 1609 3841 4.
1635 3782 1985 3849 Impediuntur.
2006 3784 2106 3849 Qui
2133 3784 2266 3835 nulla
2294 3788 2513 3839 criminin

1484 3878 1597 3911 eum
1615 3880 1702 3911 reo
1723 3864 1955 3911 societate
1972 3879 2031 3912 ac
2052 3866 2344 3915 conscientia
2365 3868 2513 3933 impe·

1487 3942 1603 4001 diti,
1642 3942 1781 3992 nuno
1816 3942 1968 3993 modo
2014 3944 2370 4009 prohibentur,
2413 3958 2509 3996 etc.

1488 4023 1665 4087 Tangit
1686 4022 1958 4083 Caecilium,
1986 4025 2075 4087 qui
2101 4026 2291 4091 peccati
2318 4028 2479 4077 socius
2493 4060 2511 4089 ,

1489 4116 1715 4151 accusare
1748 4118 1851 4151 non
1882 4113 2065 4168 potest.
