2984 4684
743 362 850 432 IN
900 353 1322 432 VERREM
1369 353 1582 427 Aer.
1627 357 1741 444 11,
1790 353 1977 430 Lm.
2029 361 2131 430 11.
2206 329 2209 334 ’
2354 368 2493 462 497

375 483 926 556 familiaritatem
957 484 1419 580 pervenisset,
1439 480 1816 578 aliquoties
1841 481 1931 553 ad
1962 485 2235 555 socios‘7
2264 483 2503 561 literas

379 595 473 667 de
501 597 704 666 istius
729 595 1010 692 injuriis
1043 597 1352 665 miserat.
1384 591 1773 663 Canuleius
1793 617 1990 681 vero,
2022 595 2255 690 quiin
2283 615 2506 695 portu
2552 673 2575 688 ‚

378 699 784 802 Syracusis⁸
812 728 1069 802 operas
1101 701 1353 787 dabat,
1371 698 1564 773 furta
1587 726 1887 799 quoque
1920 704 2125 776 istius
2147 709 2507 804 permulta

379 815 808 920 nominatim
845 812 936 884 ad
969 815 1204 884 socios
1235 812 1815 910 perscripserat9,
1854 837 1941 884 ea
1965 839 2125 911 quae
2151 819 2307 890 sine
2347 844 2507 917 por-

379 926 570 996 torio
591 935 652 968 ¹⁰
695 925 1054 1021 Syracusis
1111 937 1317 994 erant
1355 934 1778 1020 exportata·
1830 937 2127 1021 portum
2164 943 2403 1000 autem
2437 948 2511 1004 et

377 1037 884 1131 scripturam¹¹
927 1031 1180 1105 eadem
1217 1033 1519 1103 societas
1552 1029 1886 1102 habebat.
1925 1036 2032 1104 Ita
2067 1033 2336 1108 factum
2372 1057 2511 1129 est,

379 1159 466 1215 ut
489 1158 730 1216 essent
761 1142 1156 1242 permulta,
1193 1163 1354 1238 quae
1389 1164 1477 1211 ex
1520 1141 1880 1214 societatis
1910 1142 2132 1216 literis
2164 1143 2402 1219 dicere
2432 1152 2509 1221 in

381 1255 600 1324 istum
653 1275 736 1323 ac
788 1250 1114 1348 proferre
1153 1273 1549 1347 possemus,
1588 1253 1863 1323 Verum
1896 1252 2184 1344 accidit,
2222 1271 2305 1327 ut
2340 1261 2511 1330 Car·

385 1353 702 1460 pinatius
719 1414 739 1450 ,
768 1363 895 1457 qui
915 1360 1066 1454 jam
1099 1383 1268 1430 cum
1291 1361 1432 1429 isto
1459 1379 1743 1430 summa
1769 1362 2318 1454 consuetudine,
2343 1392 2516 1466 prae-

383 1485 580 1544 terea
619 1495 698 1542 re
733 1495 816 1542 ac
857 1471 1136 1542 ratione
1173 1469 1611 1564 conjunctus
1654 1484 1840 1541 esset
1858 1524 1878 1558 ,
1939 1472 2226 1548 crebras
2268 1493 2521 1575 postea

387 1581 626 1653 literas
651 1579 741 1651 ad
771 1581 1004 1652 socios
1031 1580 1122 1653 de
1149 1580 1355 1650 istius
1381 1582 1684 1650 summis
1722 1576 1981 1652 officiis
2023 1583 2099 1654 in
2137 1609 2291 1656 rem
2329 1611 2521 1659 com-

389 1715 682 1764 munem
721 1688 1237 1788 beneficiisque
1268 1691 1607 1760 mitteret.
1628 1691 1917 1760 Etenim
1954 1715 2182 1788 quum
2218 1695 2353 1766 iste
2378 1721 2526 1767 om-

389 1803 540 1888 nia,
603 1824 1084 1899 quascumque
1133 1799 1587 1898 Carpinatius
1645 1799 2089 1898 postulabat,
2148 1802 2385 1878 facere
2443 1832 2527 1880 ac

389 1911 782 2002 decernere
833 1910 1146 1999 solebat;
1187 1927 1342 1982 tum
1385 1908 1506 1981 ille
1542 1911 1757 1980 etiam
1796 1910 2005 2007 plura
2039 1912 2401 1988 scribebat
2432 1917 2524 1989 ad

389 2023 622 2092 socios
642 2075 662 2109 ‚
689 2035 804 2109 ut,
829 2023 887 2092 si
910 2035 1192 2120 posset,
1227 2043 1390 2116 quae
1429 2035 1641 2092 antea
1676 2021 2058 2119 scripserat
2079 2033 2162 2112 ¹²,
2190 2049 2275 2098 ea
2308 2027 2522 2126 plane

391 2133 900 2230 exstingueret.
935 2131 1044 2203 Ad
1071 2141 1476 2204 extremum
1506 2155 1700 2217 vero,
1718 2156 1949 2229 quum
1985 2136 2118 2206 iste
2143 2137 2292 2234 jam
2322 2137 2526 2211 dece-

389 2239 632 2331 debat,
657 2241 1016 2337 ejusmodi
1045 2243 1286 2314 literas
1313 2241 1404 2312 ad
1424 2265 1550 2312 eos
1568 2243 1783 2330 misit,
1804 2257 1888 2314 ut
1915 2243 2085 2316 huic
2106 2244 2527 2347 frequentes

393 2350 682 2423 obviam
720 2351 1137 2449 prodirent,
1169 2353 1577 2446 gratiasque
1606 2369 1935 2448 agerent;
1966 2352 2283 2429 facturos
2320 2384 2395 2432 se
2415 2414 2434 2448 ,
2470 2364 2529 2431 si

392 2460 576 2559 quid
611 2461 1074 2558 imperasset,
1119 2458 1436 2530 studiose
1475 2458 2009 2555 pollicerentur.
2056 2469 2310 2562 Itaque
2352 2471 2533 2539 socii

394 2569 758 2658 fecerunt,
784 2583 1028 2642 vetere
1056 2570 1390 2639 instituto
1421 2566 1981 2664 publicanorum
2015 2597 2033 2640 ε
2064 2596 2214 2643 non
2243 2575 2443 2670 quod
2470 2575 2529 2620 ¹³

397 2683 616 2754 istum
644 2681 796 2753 ullo
816 2679 1097 2750 honore
1117 2677 1418 2774 dignum
1445 2675 1991 2766 arbitrarentur,
2021 2680 2146 2752 sed
2171 2682 2374 2779 quod
2402 2709 2531 2757 sua

403 2793 746 2864 interesse
781 2787 1168 2888 putabant,
1206 2812 1284 2859 se
1305 2809 1663 2858 memores
1690 2801 2077 2886 gratosque
2110 2793 2535 2884 existimari,

1510 2985 1575 3034 ad
1594 3002 1741 3050 quem
1764 2986 1933 3036 locum
1958 2989 2217 3064 doctorum
2234 2997 2539 3046 animadver-

1512 3065 1676 3114 siones
1692 3065 1791 3115 adi.

473 3008 519 3052 7.
545 2989 636 3040 Ad
653 2991 825 3040 socios.
853 2989 913 3038 Id
936 2998 1032 3050 est,
1051 2987 1422 3054 publicanorum

399 3070 698 3118 societatem.

470 3151 519 3198 8.
559 3151 742 3213 Operas
775 3147 948 3196 dabat.
982 3149 1170 3212 Operas
1197 3147 1320 3194 dare
1342 3161 1424 3194 ao·

1584 3161 1638 3208 9.
1668 3146 1815 3209 Vulg.
1852 3150 2236 3212 «perscripserat
2264 3165 2349 3210 ea,
2372 3169 2534 3216 qua».

401 3229 562 3278 cietati
600 3227 852 3277 dicebatur
887 3227 929 3274 ie
948 3260 963 3285 ,
998 3227 1086 3290 qui
1116 3225 1430 3290 vectigalium
1510 3225 1639 3274 J.V.
1660 3225 1714 3270 L.

402 3319 506 3354 erat
525 3317 748 3364 exactor,
784 3304 894 3368 gall.
914 3321 980 3352 un
1001 3305 1214 3352 commis.
1241 3305 1424 3365 Hujus-

403 3383 540 3434 modi
563 3384 784 3433 homines
807 3383 983 3432 Cicero
1002 3399 1157 3432 servos
1181 3383 1424 3432 societatis

401 3464 644 3530 appellat,
663 3464 751 3512 ius.
779 3481 870 3536 772
874 3463 1069 3512 Scilicet
1085 3480 1236 3529 quum
1252 3465 1424 3512 Romae

405 3555 540 3592 certo
563 3541 722 3607 pretio
761 3557 788 3588 a
823 3541 1108 3592 censoribus
1146 3543 1423 3608 vectigalia,

403 3639 514 3688 quae
539 3638 632 3686 pro
657 3621 976 3686 exportandis
999 3622 1144 3671 rebus
1168 3639 1197 3670 a
1222 3623 1423 3687 provin-

405 3701 610 3752 cialibus
639 3699 994 3766 pendebantur,
1021 3702 1276 3750 societates
1299 3699 1426 3750 redi-

405 3793 614 3840 merent,
651 3781 839 3830 aocium
873 3780 1084 3844 aliquem
1125 3781 1179 3828 in
1223 3779 1425 3844 singulis

405 3861 672 3927 provincia
701 3859 908 3908 urbibus
937 3858 1208 3917 habebant,
1244 3861 1330 3922 qui
1369 3874 1426 3906 ea

407 3941 633 4004 exigeret.
655 3939 737 3988 Sic
757 3940 920 3988 Valet.
938 3939 1216 3988 Maxim.V1
1230 3971 1246 3995 ‚
1275 3954 1336 4000 9,
1357 3940 1388 3988 8
1411 3951 1424 3984 :

409 4043 434 4061 ··
455 4021 508 4068 Ρ.
530 4019 754 4084 Rupilius
776 4036 880 4074 non
901 4019 1212 4085 publicanum
1241 4017 1294 4066 in
1313 4017 1432 4066 Sici·

409 4098 474 4146 lia
499 4099 620 4164 egit,
635 4099 720 4146 aed
743 4115 916 4164 operae
935 4096 1210 4164 publicanis
1229 4095 1429 4160 dedit-0,

605 4187 656 4253 Ῑ.
714 4203 802 4249 Cic.
819 4218 930 4265 pars
957 4199 1172 4249 secunda.

1592 3319 1666 3350 10.
1708 3300 1819 3349 Sine
1848 3304 2090 3366 portorio.
2126 3307 2243 3356 Non
2283 3308 2451 3358 soluto
2472 3327 2534 3361 eo

1513 3381 1765 3456 vectigali,
1791 3380 1927 3444 quod
1946 3397 2039 3446 pro
2068 3385 2353 3445 trajectione
2374 3404 2537 3442 rerum

1514 3472 1646 3508 tram
1674 3475 1880 3524 aquam,
1911 3459 2200 3515 debebatur.
2237 3489 2307 3502 —-·
2334 3467 2536 3520 Portum

1511 3538 1564 3586 h.
1581 3538 1617 3585 l.
1638 3538 1748 3602 gall.
1764 3539 1815 3586 Ia
1832 3538 2047 3589 dome.

1588 3636 1611 3668 1
1624 3636 1645 3668 x
1658 3657 1673 3670 .
1692 3621 1981 3686 Sen‘pwras.
2000 3625 2199 3673 Rectius
2213 3659 2229 3684 ,
2248 3636 2307 3674 nt
2324 3631 2534 3692 videtur,

1510 3697 1661 3748 habet
1680 3700 1975 3764 scripturam
1994 3703 2147 3765 prima
2164 3703 2381 3756 editione
2402 3711 2538 3760 Inm-

1512 3778 1683 3838 δίπαις
1715 3780 1803 3829 aed
1826 3780 2005 3830 exinde
2028 3783 2258 3834 mutavit.
2284 3787 2318 3835 J
2322 3823 2337 3836 .
2353 3791 2419 3838 V.
2440 3794 2497 3840 1..

1590 3874 1675 3907 η.
1703 3859 1825 3920 Qua
1852 3871 2003 3910 antea
2027 3862 2307 3927 scripserat.
2330 3869 2407 3916 De
2424 3871 2542 3919 Ver-

1517 3954 1585 3986 ria
1606 3953 1797 3999 mJurua
1820 3955 1874 3986 m
1894 3941 2194 3992 societatem.

1596 4019 1681 4083 ¹33
1720 4009 1950 4068 scribunt
1997 4039 2095 4086 quo
2132 4026 2319 4074 Erneet.
2344 4025 2543 4080 Schiitz.

1519 4097 1618 4148 alii.
1638 4099 1687 4149 J.
1700 4099 1763 4144 V.
1782 4095 1835 4146 L.

2263 4193 2350 4261 32
