2984 4684
707 326 1094 397 ORATIO
1142 326 1351 396 PRO
1399 327 1473 395 P.
1518 326 2003 417 QUINTIO.
2327 352 2411 399 21

294 474 441 523 non
458 448 553 522 de
574 473 655 521 re
672 450 1114 547 pecuniaria,
1138 445 1266 519 sed
1291 445 1382 519 de
1406 444 1595 519 fama
1619 444 2080 546 fortunisque
2095 453 2168 521 P.
2187 451 2424 541 Quin-

292 564 371 632 tii
406 559 631 633 vides.
672 560 923 649 Quum
950 558 1257 653 majores
1296 558 1397 627 ita
1436 560 1986 647 constituerint,
2013 573 2096 630 ut
2128 563 2256 657 qui
2287 584 2423 659 pro

290 673 525 769 capite
552 669 851 757 diceret,
875 670 937 739 is
957 669 1355 766 posteriore
1382 667 1547 739 loco
1573 666 1884 755 diceret;
1911 692 2080 757 nos,
2100 669 2425 741 inaudita

288 784 795 851 criminatione
820 792 1357 863 accusatorum,
1390 781 1638 876 priore
1673 777 1836 850 loco
1865 802 2152 851 causam
2185 779 2426 851 dicere

288 889 667 986 intelligis3
698 912 822 959 eos
851 911 1100 986 porr0,
1125 889 1255 983 qui
1290 885 1678 959 defendere
1711 904 2190 978 consuerunt,
2222 887 2426 961 vides

284 1022 625 1071 accusare
649 1053 670 1088 ,
702 1012 776 1069 et
817 1022 901 1069 ea
944 1000 1237 1095 ingenia
1274 1002 1599 1069 converti
1639 995 1730 1069 ad
1777 1002 2170 1096 perniciem
2189 1054 2210 1086 ,
2258 1025 2422 1098 quae

284 1124 497 1181 antea
512 1106 985 1180 versabantur
1005 1110 1083 1178 in
1102 1106 1329 1178 salute
1354 1121 1577 1205 atque
1593 1107 1866 1178 auxilio
1883 1105 2206 1203 ferendo.
2232 1106 2424 1179 Illud

286 1220 503 1290 etiam
532 1214 948 1304 restiterat-¹⁵,
973 1215 1179 1314 quod
1208 1216 1551 1288 hesterno
1579 1216 1696 1289 die
1728 1216 2093 1304 fecerunt,
2128 1232 2212 1289 ut
2237 1232 2308 1290 te
2345 1222 2423 1289 in

278 1329 396 1425 jus
410 1326 895 1413 adducerent,
916 1340 1003 1397 ut
1022 1324 1240 1399 nobis
1260 1340 1572 1424 tempuS,
1595 1351 1816 1424 quam
1840 1325 1970 1399 diu
1993 1325 2424 1417 diceremuS,

282 1438 767 1535 praestitueres
793 1461 810 1505 ε
835 1459 1057 1532 quam
1081 1459 1234 1507 rem
1258 1433 1465 1506 facile
1488 1460 1532 1506 a
1552 1451 1858 1534 praetore
1880 1440 2421 1535 impetrassent,

286 1549 423 1618 nisi
460 1562 543 1617 tu
561 1600 583 1633 ,
618 1544 822 1643 quod
849 1558 1035 1616 esset
1066 1558 1278 1615 tuum
1298 1544 1419 1641 jus
1440 1598 1460 1634 ,
1491 1558 1567 1616 et
1597 1544 1924 1617 officium
1946 1601 1967 1636 ,
1995 1560 2384 1645 partesque
2403 1602 2422 1637 ,

287 1656 677 1727 docuisses.
718 1657 973 1751 Neque
1018 1651 1231 1725 nobis
1276 1651 1553 1737 adhuc,
1589 1669 1850 1752 praeter
1882 1668 1952 1725 te
1971 1708 1991 1744 ,
2031 1659 2420 1753 quisquam

284 1765 423 1839 fuit
439 1821 463 1856 ,
490 1764 621 1837 ubi
648 1779 981 1836 nostrum
1002 1766 1121 1860 jus
1151 1777 1403 1835 contra
1428 1763 1593 1834 illos
1619 1760 2152 1852 obtineremus3
2179 1790 2420 1863 neque

284 1876 421 1948 illis
466 1898 821 1972 umquam
852 1876 1023 1945 satis
1071 1871 1211 1945 fuit
1244 1871 1426 1945 illud
1473 1872 1845 1972 obtinere,
1895 1874 2098 1971 quod
2129 1875 2422 1973 probari

284 1985 629 2057 omnibus
653 1998 899 2084 posset
928 2010 943 2054 z
972 1986 1075 2054 ita
1098 1986 1253 2055 sine
1298 1980 1596 2080 injuria⁶
1624 1988 2024 2083 potentiam
2051 1986 2284 2057 levem
2309 2001 2418 2057 at-

284 2118 427 2192 que
456 2099 756 2193 inopem
781 2118 935 2165 esse
965 2091 1429 2165 arbitrantur.

375 2209 465 2277 X.
492 2207 766 2274 Verum
790 2204 1137 2299 quoniam
1168 2200 1299 2273 tibi
1340 2206 1561 2275 instat
1584 2207 2046 2293 Hortensius,
2089 2220 2174 2277 ut
2195 2230 2314 2279 eas
2342 2209 2420 2279 in

286 2311 672 2385 consilium
698 2322 717 2358 ¹
742 2340 763 2400 ;
792 2336 835 2382 a
872 2337 989 2383 me
1022 2312 1373 2410 postulat,
1412 2337 1508 2385 ne
1542 2312 1856 2386 dicendo
1891 2329 2180 2413 tempus
2209 2315 2425 2388 absu-

282 2448 514 2512 mam3
560 2426 919 2519 queritur,
956 2425 1201 2521 priore
1231 2436 1541 2520 patrono
1558 2434 1588 2465 ²
1621 2448 1908 2496 causam
1953 2423 2426 2515 defendente,

282 2557 689 2631 numquam
702 2535 1021 2631 perorari
1047 2530 1405 2630 potuisse³
1425 2557 1612 2604 :non
1635 2537 1888 2631 patiar,
1899 2538 2107 2605 istam
2132 2560 2426 2615 manere

282 2646 815 2742 suspicionem,
854 2666 989 2712 nos
1030 2664 1183 2712 rem
1210 2640 1522 2737 judicari
1554 2641 1792 2729 nolle3
1854 2666 1990 2714 nec
2028 2642 2210 2713 illud
2240 2643 2422 2723 mihi

278 2752 663 2851 arrogabo,
688 2776 805 2822 me
835 2775 1049 2850 posse
1080 2774 1370 2823 causam
1404 2749 1860 2823 commodius
1891 2749 2420 2841 demonstrare,

280 2888 503 2962 quam
537 2876 753 2933 antea
782 2859 1273 2933 demonstrata
1302 2864 1437 2933 sit:
1470 2885 1712 2958 neque
1739 2874 1979 2935 tamen
2013 2876 2162 2935 tam
2193 2864 2422 2946 multa

278 2970 501 3045 verba
516 2970 809 3059 faciam3
830 2984 1215 3069 propterea
1234 2970 1437 3068 quod
1458 2984 1535 3042 et
1558 2968 1652 3042 ab
1678 2971 1829 3062 illo,
1857 2974 1986 3069 qui
2012 2986 2182 3049 ante
2213 2971 2421 3064 dixit,

344 3262 399 3311 5.
416 3258 693 3309 λιτάων-αι.
711 3258 1023 3325 Sapo-suerat
1040 3258 1105 3307 ad
1122 3270 1312 3309 nostru
1394 3259 1549 3321 judex
1575 3259 1822 3309 silentium
1850 3260 2132 3325 imponere,
2158 3270 2210 3309 et
2227 3272 2422 3309 senten-

277 3340 480 3401 ininrin
519 3337 954 3387 cumulandas.—
986 3340 1049 3385 In
1076 3338 1183 3403 jus.
1226 3337 1310 3387 Ad
1398 3340 1516 3387 tiam
1543 3339 1721 3387 dicere.

278 3430 559 3483 pretorem.
1470 3434 1520 3465 2.
1549 3417 1721 3467 Priore
1735 3428 1970 3481 patrono.
1997 3416 2070 3465 Μ.
2087 3416 2120 3465 J
2123 3432 2258 3465 nmo

343 3500 399 3549 ὅ.
442 3499 563 3547 Sine
598 3494 798 3563 bejuria.
832 3495 952 3545 Non
985 3512 1159 3561 mgna
1194 3513 1309 3545 con·
1468 3496 1524 3545 3.
1553 3495 1837 3560 Numquam
1854 3492 2090 3559 perorari
2107 3492 2337 3557 potetisse.
2361 3498 2422 3545 Iu

277 3578 397 3628 tenti
429 3586 551 3627 suut
580 3576 829 3641 potentia,
856 3577 953 3623 nisi
986 3592 1093 3624 eam
1124 3576 1303 3637 injuria
1395 3574 1554 3624 causis
1608 3590 1670 3635 ex
1735 3572 2002 3638 sponsione
2053 3572 2314 3637 oportebat
2363 3586 2423 3625 nt

276 3656 555 3705 comitetur.
1388 3663 1529 3701 actor
1555 3663 1606 3703 et
1630 3660 1741 3701 rent
1773 3650 1948 3699 eodem
1983 3648 2064 3698 die
2105 3664 2415 3715 perorare-nu

344 3736 413 3785 Χ.
448 3750 499 3783 ι.
536 3735 643 3782 Eas
674 3732 725 3781 in
750 3732 1019 3782 eonsilium.
1059 3734 1129 3783 Ut
1159 3750 1303 3781 musa
1390 3742 1493 3805 tum
1516 3731 1668 3795 judex
1692 3728 2041 3796 pronuntiabat
2060 3742 2075 3779 ε
2094 3730 2312 3795 alioquin
2337 3731 2418 3781 di·

274 3824 564 3879 pmretur3
604 3827 705 3878 qua
754 3812 999 3877 utrimque
1041 3822 1293 3878 perorata,
1389 3810 1674 3859 mittebatur
1692 3808 1950 3869 judicium.
1973 3808 2140 3872 Quum
2157 3820 2318 3859 nutem
2339 3828 2422 3860 su-

270 3890 423 3954 jndex
446 3892 551 3941 ibat
580 3891 637 3939 in
664 3890 921 3939 consilium
956 3906 1069 3939 cum
1099 3906 1305 3939 meeso-
1390 3888 1660 3955 spica-etur
1683 3888 1975 3935 Hortensius
2010 3886 2224 3936 diffisum
2262 3906 2419 3938 cansa

274 3970 428 4020 ribus.
464 3972 517 4020 Si
548 3985 669 4019 vem
702 3968 899 4033 longior
918 3968 1167 4017 videretur
1187 3983 1299 4029 ora·
1388 3983 1489 4035 tun
1514 3966 1588 4019 Μ.
1607 3966 1641 4015 J
1643 3967 1814 4015 unium
1841 3981 1942 4015 rem
1978 3966 2192 4016 dicendo
2221 3978 2418 4033 protru-

275 4060 385 4111 tor,
422 4050 477 4097 in
501 4047 711 4115 privatin
734 4046 967 4111 judiciis,
1000 4059 1192 4115 poterat
1228 4048 1301 4101 illi
1388 4048 1546 4121 {issu
1575 4061 1640 4097 ne
1664 4045 1832 4095 eadem
1863 4056 1965 4096 arte
1981 4044 2174 4095 ‘rullius
2199 4044 2418 4095 eluderet
