2984 4684
777 388 889 459 IN
937 388 1379 461 VERREM
1422 390 1756 459 ACTIO
1805 388 2164 460 PRIMA.
2243 464 2252 483 ⁸
2397 387 2528 460 261

398 510 661 601 solum,
680 508 805 581 sed
831 514 1047 582 etiam
1062 513 1153 601 Q.
1172 509 1549 581 Metellum
1567 537 1586 598 ;
1605 514 1733 607 qui
1753 534 1974 607 quam
1991 512 2109 581 isti
2133 510 2226 581 sit
2237 514 2533 599 amicus,

398 620 749 694 attendite
790 649 807 691 z
854 617 1055 693 dedit
1093 625 1289 693 enim
1334 618 1919 719 praerogafivam⁸
1962 646 2108 692 suae
2146 619 2538 693 voluntatis

400 730 806 829 ejusmodi,
844 745 929 803 ut
962 736 1077 802 isti
1107 756 1245 831 pro
1282 732 1768 830 praerogativis
1801 756 1960 802 eam
1995 729 2390 803 reddidisse
2426 734 2535 803 vi-

398 844 679 915 deatur.
705 848 817 913 An
838 868 955 914 me
972 846 1359 914 taciturum
1380 846 1600 913 tantis
1615 842 1708 915 de
1733 840 1958 914 rebus
1976 842 2539 914 existimavistis?

400 968 495 1041 et,
513 959 589 1025 in
606 968 727 1025 tan
737 966 815 1025 to
830 951 1245 1051 reipublicae
1264 954 1958 1049 existimationisque
1975 976 2154 1023 meae
2185 954 2537 1050 periculo,

400 1066 741 1161 cuiquam
769 1062 1275 1134 consulturum
1296 1068 1575 1162 potiuS,
1599 1087 1821 1159 quam
1841 1061 2084 1133 officio
2108 1078 2182 1134 et
2204 1063 2536 1159 dignitati

400 1176 619 1245 meaei’
643 1176 957 1246 Arcessit
1004 1172 1187 1244 alter
1233 1172 1540 1244 consuls
1577 1171 1994 1270 designatus
2031 1173 2310 1245 Siculos
2349 1201 2366 1243 ε
2411 1198 2536 1245 ve-

398 1286 616 1355 niunt
676 1281 1013 1355 nonnulli
1041 1337 1060 1371 ,
1119 1299 1506 1381 propterea
1571 1282 1774 1380 quod
1833 1288 1909 1355 L.
1961 1283 2297 1355 Metellus
2351 1300 2540 1357 esset

398 1407 661 1491 praetor
702 1396 777 1463 in
819 1392 1078 1463 Sicilia.
1118 1398 1305 1464 Cum
1352 1396 1441 1464 iis
1481 1394 1578 1464 ita
1621 1392 1998 1489 loquitur:
2043 1418 2120 1467 se
2162 1396 2538 1467 consulem

398 1526 597 1591 esse;
636 1500 934 1574 fratrem
962 1527 1179 1574 suum
1216 1502 1527 1574 alterum
1564 1502 1872 1574 Siciliam
1913 1508 2360 1602 provinciam
2401 1504 2538 1575 ob-

398 1614 629 1685 tinere
645 1668 665 1699 ‚
692 1613 1002 1685 alterum
1031 1638 1184 1685 esse
1211 1616 1686 1710 quaesiturum
1714 1611 1805 1684 de
1831 1615 2161 1712 pecuniis
2187 1629 2536 1712 repetun-

398 1723 551 1811 dis3
599 1725 809 1795 Verri
854 1748 949 1795 ne
1009 1727 1255 1796 noceri
1306 1728 1570 1824 possit,
1625 1723 1876 1796 multis
1924 1724 2332 1797 rationibus
2367 1750 2539 1799 esse

396 1837 798 1931 provisum.

492 1951 581 2016 X.
610 1943 809 2035 Quid
831 1960 941 2017 est
958 2001 978 2035 ,
998 1970 1277 2043 quaeSO,
1298 1947 1623 2035 Metelle,
1650 1946 2008 2041 judicium
2035 1972 2536 2046 corrumpere,

396 2056 458 2126 si
500 2054 647 2126 hoo
696 2080 847 2127 non
900 2057 1057 2127 est?
1102 2072 1355 2145 testeS,
1404 2060 1806 2156 praesertim
1865 2058 2175 2143 SicuIOS,
2241 2058 2539 2129 timidos

394 2164 730 2237 homines
757 2180 831 2237 et
862 2165 1199 2253 afflictOS,
1246 2192 1399 2238 non
1442 2168 1682 2238 solum
1717 2170 2104 2240 autoritate
2132 2166 2536 2256 deterrere,

396 2274 519 2347 sed
560 2278 774 2347 etiam
814 2276 1177 2347 consulari
1216 2291 1415 2349 metu
1440 2332 1460 2366 ‚
1496 2293 1570 2349 et
1607 2278 1922 2362 duorum
1960 2294 2355 2377 praetorum
2400 2304 2535 2377 po-

396 2387 693 2460 testate?
738 2385 937 2477 Quid
986 2388 1257 2460 laceres
1292 2411 1427 2485 pro
1464 2387 1762 2459 homine
1807 2391 2198 2460 innocente
2241 2403 2314 2460 et
2363 2413 2536 2487 pro·

395 2501 701 2595 pinquo,
721 2522 976 2595 quum,
1004 2508 1306 2596 propter
1323 2497 1700 2569 hominem
1723 2498 2286 2595 perditissimum
2312 2513 2536 2596 atque

394 2608 941 2693 alienissimum,
968 2606 1059 2678 de
1096 2604 1343 2679 officio
1380 2630 1464 2677 ac
1490 2592 1840 2703 dignitate
1869 2604 2193 2695 decedis;
2224 2621 2298 2677 et
2333 2631 2535 2678 com-

396 2718 661 2805 mittis,
702 2730 814 2805 ut,
860 2716 1063 2814 quod
1101 2716 1222 2788 ille
1266 2716 1577 2804 dictitat,
1623 2716 1876 2802 alicui,
1927 2718 2054 2813 qui
2091 2732 2164 2789 te
2208 2719 2532 2814 ignorat,

397 2934 460 2984 de
476 2936 663 2985 honore
676 2930 979 2997 dejicerent·
990 2936 1156 2985 Graev.
1172 2936 1289 2983 Em.
1307 2936 1421 2983 Gar.

470 3018 519 3064 8.
545 3014 945 3081 Praerogaeivam.
968 3015 1115 3063 Ludit
1142 3013 1333 3062 Tullius
1368 3014 1422 3060 in

394 3108 519 3141 voce
523 3094 873 3159 prerogativa.
901 3094 981 3141 Sic
1008 3095 1139 3143 enim
1170 3092 1423 3141 dicebatur

395 3172 631 3233 emta-ia,
649 3188 737 3220 seu
758 3172 935 3233 tribus,
952 3190 1063 3237 quae
1084 3195 1109 3215 α
1124 3188 1228 3237 proe
1247 3174 1419 3222 ceteris

394 3251 718 3315 rogabatur»,
734 3252 767 3301 i.
787 3268 831 3300 e.
849 3268 961 3316 quae
978 3253 1138 3316 prima
1160 3268 1225 3299 ex
1242 3268 1419 3312 eamn,

394 3346 483 3379 aen
498 3346 563 3379 ex
582 3330 759 3379 ordine
775 3346 877 3395 qno
898 3331 952 3378 in
970 3346 1229 3379 een-orum
1244 3330 1423 3379 tabuli-

396 3409 553 3459 fuerat
568 3410 827 3476 desen-ima,
844 3410 1127 3473 suffragium
1140 3411 1193 3457 in
1212 3411 1423 3458 comitii·

396 3488 595 3537 ferebat.
636 3492 698 3537 Iu
721 3490 1061 3554 praemgace‘va
1094 3500 1284 3537 tantum
1318 3499 1423 3538 erat

394 3569 657 3628 momenti,
674 3580 729 3617 ut
740 3604 757 3627 ,
779 3584 925 3633 quem
944 3568 1155 3632 elegerat
1171 3568 1423 3632 magistra-

393 3656 527 3705 tum,
558 3647 665 3696 alioe
692 3663 959 3711 numquam
987 3648 1258 3709 rejicerent.
1288 3648 1419 3697 Hine

385 3728 721 3793 praerogaee'm
745 3728 1066 3793 quandoque,
1098 3737 1154 3776 ut
1186 3727 1239 3774 h.
1262 3726 1301 3775 l.
1325 3742 1419 3791 pm

393 3806 559 3855 omine
586 3807 839 3869 ⁷aeeundo,
865 3818 1001 3855 certo
1026 3807 1193 3869 signo,
1212 3804 1421 3853 indicio-

394 3901 491 3950 que
517 3901 573 3935 ae
597 3886 805 3951 pignore
824 3921 839 3947 ,
883 3897 935 3934 et
968 3886 1105 3949 quani
1144 3884 1418 3933 arrhabone

390 3966 569 4013 futura
588 3968 659 4013 rei
682 3978 865 4032 optate
884 3963 1283 4029 usurpaturNid.
1296 3966 1343 4013 J.
1364 3966 1413 4011 F.

394 4045 619 4093 Gronov.
634 4044 754 4095 ohs.
778 4048 867 4105 lv,
896 4062 940 4093 1.
968 4048 1145 4094 Sensus
1166 4060 1283 4108 ergo
1310 4055 1415 4092 est:

393 4121 625 4171 Metellus
638 4156 654 4183 ,
690 4123 979 4173 arcessendo
1020 4122 1209 4173 Siculos
1229 4159 1245 4184 ,
1284 4122 1419 4172 dedit

1508 2937 1652 2983 Verri
1679 2932 2064 2999 praerogativam
2079 2966 2097 2990 ‚
2145 2933 2181 2981 i.
2219 2948 2267 2981 e.
2297 2932 2538 2983 indicium

1509 3028 1707 3072 eorum,
1729 3028 1841 3076 quoe
1866 3012 2036 3060 salutis
2065 3010 2198 3059 illiue
2239 3014 2392 3077 gratia
2411 3026 2538 3065 esset

1511 3092 1750 3150 facturus,
1793 3108 1888 3156 pro
1928 3090 2267 3156 praerogativis
2283 3124 2300 3146 ,
2341 3092 2377 3139 i.
2412 3109 2456 3142 e.
2481 3106 2542 3143 ut

1508 3182 1850 3237 corruptarum
1866 3172 2052 3221 aVerre
2067 3172 2396 3219 eentnriarum
2413 3188 2540 3221 mer-

1508 3253 1676 3302 cedem
1702 3252 1935 3313 aolveret,
1961 3262 2020 3301 ut
2043 3249 2340 3300 beneficium
2364 3254 2535 3301 verris

1509 3332 1810 3397 persolveret
1826 3370 1841 3395 ,
1861 3333 1950 3395 qui
1961 3329 2408 3397 proemgaeivarum
2430 3348 2539 3380 een-

1509 3413 1748 3460 tnriarmn
1775 3411 2008 3476 suffragia
2031 3410 2328 3471 redemerat,
2357 3410 2540 3475 quibua

1510 3492 1684 3539 consul
1721 3492 1828 3555 ipae
1865 3490 2114 3549 Metellus,
2159 3500 2208 3537 et
2241 3491 2390 3537 frater
2430 3492 2536 3551 eju·

1511 3581 1694 3635 praetor
1712 3570 1868 3618 faetus
1887 3580 1976 3617 eet.
2257 3584 2266 3591 ·

1581 3664 1630 3711 9.
1661 3646 1804 3695 Alter
1829 3648 2012 3696 eonsul-
2039 3648 2106 3709 Q.
2124 3646 2368 3696 Metellus.
2395 3648 2534 3697 Sem-

1509 3738 1589 3776 cet
1608 3737 1704 3774 tren
1725 3726 1869 3773 Verri
1893 3725 2126 3774 favebant
2150 3726 2370 3785 Metelli,
2405 3742 2534 3775 unua

1509 3806 1787 3869 designatus
1845 3804 2018 3852 consul
2072 3820 2184 3852 cum
2239 3806 2536 3868 Hortensio,

1507 3886 1630 3932 alter
1654 3894 1838 3949 praetor
1861 3884 2094 3943 urbanus,
2111 3886 2192 3932 eui
2213 3884 2456 3951 obtigerat
2476 3890 2534 3936 in

1505 3980 1686 4013 annum
1710 3974 1992 4028 sequentem
2013 3964 2074 4012 de
2101 3964 2384 4028 repetundi·
2401 3982 2534 4031 qun-

1505 4046 1628 4104 afio,
1665 4053 1716 4092 et
1740 4042 1826 4107 qui
1855 4053 1974 4091 tune
1995 4045 2120 4093 inter
2143 4043 2335 4105 judiees
2358 4040 2427 4108 (c.
2447 4046 2533 4115 m)

1508 4134 1640 4184 erat3
1667 4124 1840 4172 tertius
1863 4122 2042 4173 sicilie
2062 4132 2262 4189 pretor.
