2984 4684
446 384 590 459 536
1238 388 1786 459 EXCURSUS

441 508 611 572 Nam
639 507 800 571 utin
824 507 1020 571 rebus
1043 508 1424 597 capitalibus
1455 503 1961 597 cognoscendis,
1988 504 2171 569 sicin
2200 503 2587 569 militaribus

439 614 784 680 consilium
809 612 1178 679 adhibebat.
1217 615 1371 679 Erat
1400 631 1622 679 autem
1650 611 1996 677 consilium
2030 611 2371 675 castrensis
2402 610 2589 697 quasi

441 719 710 809 quidam
741 736 1034 804 senatus,
1065 744 1145 785 ex
1173 720 1587 787 senatoribus
1610 767 1629 802 ,
1658 720 1711 784 si
1740 718 1855 807 qui
1882 718 2050 783 forte
2079 717 2147 780 in
2186 716 2409 781 msa-is
2431 713 2589 780 ade·

439 842 625 908 rant,
658 842 727 892 et
771 826 911 891 aliis
945 826 1327 892 hominibus
1376 826 1631 892 idoneis
1674 824 2095 891 constitutus.
2150 822 2405 887 Sallust.
2437 822 2586 911 Jug.

445 955 587 1022 cap.
622 933 731 999 62.

531 1038 951 1127 Quamquam
1005 1037 1288 1105 diximus
1347 1062 1683 1105 summum
1732 1039 1841 1121 jus
1903 1059 2105 1127 penes
2168 1036 2593 1127 imperatores

441 1145 662 1208 omnia
675 1167 798 1234 pro
823 1167 947 1209 suo
969 1146 1235 1210 arbitrio
1259 1143 1607 1236 peragendi
1622 1146 1853 1227 fuisse,
1874 1140 2215 1209 fatendum
2246 1157 2345 1206 est
2368 1156 2593 1205 tamen

442 1248 776 1313 nonnullis
811 1250 880 1313 in
915 1249 1110 1315 rebus
1146 1273 1376 1316 eorum
1411 1251 1667 1340 imperii
1692 1251 1827 1315 vim
1862 1250 2115 1339 legibus
2146 1268 2595 1337 compressam

440 1354 661 1436 fuisse,
695 1355 784 1417 ita
815 1369 894 1419 ut
933 1376 1148 1443 neque
1179 1356 1539 1421 exercitum
1584 1372 1814 1421 contra
1848 1374 2304 1442 quoscumque
2352 1352 2598 1417 vellent

444 1458 666 1541 hostes
711 1458 1022 1541 educere,
1069 1482 1286 1549 neque
1337 1458 1513 1549 apud
1556 1482 2011 1549 quoscumque
2048 1459 2261 1524 socios
2310 1457 2554 1522 vellent
2576 1506 2597 1541 ,

443 1564 791 1630 hibernare
823 1566 914 1631 eis
950 1566 1193 1632 liceret.
1227 1568 1323 1631 Ac
1354 1566 1438 1631 de
1467 1566 1768 1631 hostibus
1801 1563 2069 1653 quidem
2106 1582 2288 1630 extra
2326 1565 2599 1653 provin-

443 1673 608 1736 ciam
643 1695 780 1736 non
810 1670 1280 1761 persequendis
1305 1672 1521 1755 videt),
1542 1696 1747 1761 quum
1780 1672 1921 1737 aliis
1952 1671 2241 1762 legibus,
2270 1688 2413 1736 tum
2432 1672 2600 1735 Cor·

449 1779 620 1844 nelia
649 1780 994 1860 majestatis
1015 1827 1035 1861 ,
1071 1796 1139 1844 et
1169 1780 1338 1849 Iulia
1367 1778 1879 1868 repetundarum
1915 1795 2247 1867 postremo
2280 1800 2421 1843 esse
2452 1800 2603 1843 san-

451 1886 678 1951 citum.

539 1990 711 2055 Hinc
737 2006 836 2055 est
865 1990 1048 2079 quod
1077 1992 1308 2056 Cicero
1341 1992 1673 2056 invehitur
1700 1992 1771 2058 in
1795 1990 2180 2079 Gabinium,
2210 1989 2394 2080 quod
2418 2012 2601 2055 exer-

451 2097 656 2161 citum
689 2093 1001 2159 eduxerat
1031 2118 1078 2187 e·
1103 2096 1322 2183 Syria,
1357 2120 1474 2163 sua
1506 2097 1839 2185 provincia
1880 2096 1975 2185 (in
2004 2097 2132 2161 Pis.
2166 2120 2304 2188 cap.
2340 2096 2469 2184 17).
2501 2097 2601 2160 De

457 2200 649 2267 sociis
693 2216 912 2265 autern
933 2248 952 2283 ,
996 2201 1250 2290 legibus
1283 2217 1420 2266 erat
1447 2216 1753 2285 cautum,
1786 2202 1964 2290 apud
2003 2225 2205 2290 quos,
2259 2202 2493 2267 milites
2528 2202 2599 2266 in

455 2308 682 2372 stativa
719 2306 993 2389 deduci,
1027 2330 1102 2372 ac
1135 2330 1270 2373 non
1317 2306 1593 2391 deduci,
1630 2308 1870 2373 liceret.
1908 2310 2062 2373 Haec
2102 2325 2325 2373 autem
2372 2308 2603 2373 stativa

453 2412 590 2479 duo
637 2412 938 2495 fuerunt,
977 2415 1195 2478 aestiva
1238 2430 1304 2479 et
1335 2412 1631 2481 hiberna.
1668 2414 1862 2480 Addo
1904 2415 2097 2479 etiam
2138 2415 2599 2503 imperatorem

453 2542 590 2584 non
623 2520 916 2609 potuisse
945 2520 1302 2585 exercitum
1324 2543 1445 2609 pro
1473 2521 1743 2587 arbitrio
1765 2521 2115 2586 dimittere.
2142 2522 2351 2585 Testis
2372 2520 2601 2585 Cicero

455 2627 524 2690 in
550 2626 774 2691 Pison.
799 2648 938 2714 cap.
969 2626 1069 2692 16.

546 2733 691 2797 Hoc
721 2733 874 2797 satis
911 2733 997 2798 sit
1021 2731 1270 2798 dictum
1302 2733 1386 2799 de
1418 2735 1727 2823 praeside,
1756 2754 1823 2801 et
1851 2734 1935 2800 de
1975 2752 2119 2800 toto
2154 2734 2292 2816 ejus
2329 2756 2605 2815 munere

455 2838 838 2928 provinciali
869 2837 1137 2903 tuendo.
1173 2841 1315 2904 Jam
1349 2840 1432 2905 ad
1466 2840 1703 2907 decora
1729 2842 2082 2932 pergimus.

541 2942 765 3007 Genus
797 2965 1026 3007 eorum
1062 2943 1188 3008 fuit
1221 2942 1499 3035 duplex,
1532 2968 1654 3035 pro
1686 2944 1930 3035 duplici
1954 2946 2207 3011 ratione
2240 2968 2465 3010 earum
2496 2968 2604 3009 re-

456 3071 607 3113 rum
627 3098 646 3125 ,
681 3049 769 3113 ob
806 3071 968 3136 quas
1006 3050 1370 3115 veniebant.
1409 3051 1721 3117 Praesides
1754 3053 1869 3141 qui
1910 3054 2072 3117 nulli
2108 3052 2202 3117 rei
2237 3051 2377 3133 alii,
2408 3074 2604 3140 quam

455 3153 818 3219 commodis
851 3170 920 3219 et
965 3158 1365 3221 ornamentis
1411 3160 1741 3229 sociorum
1791 3158 1861 3222 in
1905 3158 2282 3247 provinciali
2332 3180 2608 3223 munere

453 3261 764 3326 obeundo
812 3260 1233 3345 studuerant,
1282 3264 1570 3329 honores
1610 3288 1903 3329 summos
1953 3265 2035 3329 ab
2084 3266 2223 3354 ipsa
2271 3264 2605 3353 provincia

457 3368 857 3451 referebant,
894 3385 1168 3451 statuas,
1196 3369 1382 3453 fana,
1416 3369 1553 3435 dies
1587 3370 1819 3454 festos3
1857 3387 1933 3437 ut
1958 3372 2195 3460 passim
2230 3371 2299 3435 in
2316 3370 2608 3434 Vei-riuis

459 3476 588 3542 fuit
602 3475 840 3541 videre.
863 3475 998 3557 Qui
1015 3491 1232 3540 autem
1251 3477 1601 3565 imperium
1620 3494 1793 3543 recte
1814 3500 1889 3544 ac
1915 3478 2189 3543 feliciter
2204 3476 2612 3543 administra-

457 3598 658 3663 verat,
691 3581 876 3663 huic,
911 3580 1094 3669 quod
1121 3584 1476 3646 maximum
1507 3582 1705 3649 decus
1731 3584 1893 3667 suit,
1924 3584 2179 3649 absenti
2210 3605 2453 3647 nomen
2484 3583 2611 3646 im-

460 3690 774 3780 peratoris
797 3704 863 3753 et
891 3688 1312 3776 supplicatio;
1345 3691 1649 3777 praesenti
1682 3690 2056 3779 triumphus
2073 3739 2092 3772 ,
2120 3692 2346 3754 Romae
2381 3688 2612 3753 decer-

465 3795 760 3859 nebatur.
825 3794 1236 3859 Vocabulum
1291 3795 1646 3883 imperator
1704 3796 1952 3886 duplici
2016 3795 2217 3863 modo
2271 3810 2611 3884 acceptum

462 3902 626 3983 fuit3
671 3918 740 3966 et
795 3924 915 3990 pro
976 3901 1274 3989 quolibet
1321 3904 1639 3967 exercitus
1694 3902 1895 3986 duce,
1940 3904 2059 3991 qui
2114 3904 2249 3968 suis
2308 3901 2610 3990 auspiciis

465 4032 604 4073 rem
643 4024 934 4098 gereret3
976 4026 1042 4071 et
1082 4030 1204 4095 pro
1235 4031 1350 4089 eo,
1386 4010 1499 4096 qui
1549 4010 1854 4075 hostibus
1886 4034 2127 4101 magno
2159 4008 2380 4099 proelio
2412 4008 2571 4071 fusis
2591 4057 2611 4089 ,

463 4136 543 4178 eo
577 4112 886 4192 nomine,
921 4112 1199 4176 militum
1229 4113 1691 4180 acclamatione
1726 4132 1895 4179 esset
1938 4132 2227 4181 ornatus.
2276 4114 2451 4201 Ergo
2492 4114 2614 4176 im-
