2984 4684
768 353 1155 425 ORATIO
1204 354 1406 424 PRO
1456 355 1524 424 S.
1575 354 1985 424 ROSCIO.
2311 372 2446 448 ¹09

322 498 471 573 quae
502 478 892 547 necessitas
923 499 1090 545 eum
1120 488 1329 546 tanta.
1342 472 1751 574 premebat,
1782 488 1899 563 ut,
1931 477 1992 545 si
2030 496 2161 545 sua
2185 488 2448 572 sponte

318 588 444 657 iter
471 588 837 657 Ameriam
870 582 1138 657 faceret
1155 638 1175 673 ‚
1202 583 1279 656 id
1314 586 1662 683 temporis
1701 588 1931 655 Roma
1959 580 2448 683 proficiscere-

322 710 451 782 tur,
496 695 773 766 nullam
820 708 1095 821 partem
1148 698 1383 765 noctis
1423 696 1950 792 requiesceret?
1985 698 2313 765 Etiamne
2365 697 2444 765 in

320 817 457 874 tam
483 807 887 903 perspicuis
913 801 1125 875 rebus
1156 805 1687 903 argumentatio
1708 802 2120 901 quaerenda,
2140 818 2269 877 aut
2285 828 2451 876 con·

315 914 589 1010 jectura
624 912 975 1013 capienda
1004 913 1139 985 sit?

408 1027 693 1096 XXXV.
714 1029 975 1097 Nonne
998 1022 1207 1095 vobis
1234 1021 1586 1120 haec‚quae
1609 1022 1934 1113 audistiS,
1954 1047 2249 1096 cernere
2277 1048 2451 1095 ocu·

318 1133 402 1205 lis
440 1133 825 1223 videmini,
860 1132 1175 1229 judices?
1219 1137 1386 1207 Non
1436 1133 1644 1204 illum
1681 1136 2026 1205 miserum
2053 1188 2072 1222 ‚
2120 1137 2454 1231 ignarum

321 1268 522 1315 casus
550 1248 689 1333 sui,
718 1241 1145 1315 redeuntem
1175 1267 1221 1314 a
1253 1266 1461 1314 coena
1482 1242 1780 1314 videtis?
1805 1267 1956 1314 non
1985 1246 2254 1342 positas
2285 1246 2456 1314 insi-

320 1354 527 1427 dias?
577 1379 727 1425 non
778 1356 1129 1452 impetum
1176 1352 1687 1451 repentinum?
1724 1355 1892 1423 Non
1923 1367 2249 1424 versatur
2289 1366 2458 1423 ante

319 1464 569 1535 oculos
608 1461 817 1535 vobis
852 1466 932 1534 in
968 1462 1161 1533 caede
1198 1463 1547 1533 Glaucia?
1585 1467 1750 1535 Non
1789 1461 1993 1533 adest
2011 1465 2158 1533 -iste
2199 1466 2277 1533 T.
2310 1467 2453 1534 Ro-

318 1573 549 1643 scius?
596 1598 748 1643 non
785 1575 933 1643 suis
964 1571 1299 1644 manibus
1350 1576 1424 1642 in
1476 1596 1698 1643 curru
1755 1572 2060 1643 collocat
2105 1576 2456 1645 Autome-

318 1682 647 1755 dontem¹
684 1683 915 1769 illum,
942 1686 1053 1755 sui
1084 1683 1369 1755 sceleris
1403 1681 1843 1753 acerbissimi
1876 1679 2312 1780 nefariaeque
2344 1685 2452 1753 vi·-

320 1798 563 1866 ctoriae
596 1794 984 1865 nuntium?
1017 1819 1167 1866 non
1194 1807 1387 1880 orat,
1417 1806 1500 1865 ut
1527 1817 1684 1863 eam
1719 1807 2010 1863 noctem
2038 1792 2458 1891 pervigilet?
2507 1794 2512 1798 ’

318 1920 403 1976 ut
428 1904 730 1985 honoris
779 1908 891 1976 sui
926 1928 1137 1977 causa
1183 1901 1506 1977 laboret?
1553 1919 1639 1975 ut
1663 1906 1999 2002 Capitoni
2039 1928 2261 2001 quam
2303 1908 2454 2002 pri-

325 2008 527 2085 mum
566 2015 907 2086 nuntiet?

413 2124 614 2217 Quid
644 2141 830 2214 erat,
852 2124 1511 2224 quod-Capitonem
1538 2128 1860 2224 primum
1887 2127 2067 2196 scire
2089 2118 2454 2196 'volueriti’

317 2236 619 2307 Nescio:
647 2238 785 2305 nisi
804 2244 835 2276 ²
865 2233 1009 2305 hoc
1038 2234 1253 2306 video
1274 2290 1295 2324 ‚
1331 2238 1760 2333 Capitonem
1793 2239 1870 2307 in
1899 2235 2014 2307 his
2044 2234 2260 2306 bonis
2300 2259 2457 2307 esse

322 2348 646 2434 socium;
690 2344 781 2417 de
815 2343 1047 2417 tribus
1086 2360 1160 2417 et
1193 2344 1445 2417 decem
1479 2343 1728 2417 fundis
1775 2360 1916 2417 tres
1963 2344 2456 2417 nobilissimos

322 2454 591 2528 fundos
642 2480 812 2527 eum
861 2454 1076 2527 video
1129 2454 1521 2554 possidere.
1577 2453 1814 2526 Audio
1877 2469 2257 2551 praeterea,
2303 2480 2456 2527 non

322 2566 513 2637 hanc
555 2569 1043 2664 suspicionem
1084 2591 1284 2638 nunc
1328 2570 1649 2665 primum
1697 2570 1774 2636 in
1818 2569 2246 2663 Capitonem
2281 2590 2460 2637 con-

316 2674 526 2766 ferri3
551 2678 815 2749 multas
844 2702 997 2749 esse
1024 2674 1327 2749 infames
1360 2673 1712 2775 palmas³:
1745 2675 1934 2747 hanc
1964 2678 2272 2773 primam
2303 2700 2458 2747 esse

324 2800 567 2858 tamen
611 2787 1101 2859 lemniscatam
1118 2789 1175 2877 ⁴,
1206 2812 1369 2884 quae
1408 2791 1654 2858 Romae
1693 2783 2058 2856 deferatur
2075 2782 2142 2872 ⁵3
2174 2785 2461 2857 nullum

391 2968 611 3015 XXXV.
641 2982 685 3013 1.
717 2966 1139 3015 Automedontem.
1164 2966 1347 3031 Lepida

320 3046 673 3094 antonomasia.
692 3045 1009 3094 Automedon
1029 3044 1237 3094 Achiuis
1263 3062 1348 3093 au-

322 3126 425 3189 riga
450 3125 574 3183 fuit,
596 3126 747 3174 Marti
769 3140 860 3189 par
885 3123 1161 3174 velocitate.
1200 3126 1351 3173 Hunc

321 3204 566 3261 Achilles,
596 3206 730 3253 victo
749 3206 995 3263 Hectore,
1024 3205 1097 3253 ire
1120 3204 1268 3267 jussit
1292 3221 1350 3254 nc

320 3284 549 3332 nuntiare
568 3282 787 3331 occisum
814 3282 1191 3332 infensissimum
1214 3286 1352 3333 Grae·

320 3378 497 3411 corum
542 3362 749 3411 hostem.
806 3362 950 3412 Iliad.
996 3362 1176 3421 XVII,
1228 3362 1347 3412 536.

320 3442 523 3491 AEncid.
544 3442 621 3499 11,
650 3450 773 3504 477.

394 3536 445 3569 π.
470 3519 600 3569 Nisi.
636 3519 754 3569 Sed.
798 3520 871 3568 Ut
911 3520 965 3567 in
1009 3519 1171 3569 Plant.
1198 3519 1353 3569 Stich.

318 3600 392 3657 11,
416 3616 465 3649 π.
486 3600 688 3647 Terent.
704 3600 831 3647 Eun.
854 3599 944 3657 111,
960 3604 1017 3657 4,
1044 3614 1125 3662 ιο,
1149 3609 1245 3647 otc.

393 3680 451 3728 3.
481 3678 697 3727 Palmae.
725 3676 933 3727 Nobile·
964 3686 1015 3726 et
1050 3678 1275 3743 gloriosa
1297 3678 1353 3727 in

319 3756 529 3805 victoria
580 3756 755 3821 pnlmae
810 3754 1133 3820 gladiatorum
1186 3768 1353 3817 crant3

318 3834 469 3895 huius
486 3852 605 3885 vero
627 3836 883 3901 Capitonis
908 3836 1100 3884 fuerant
1119 3835 1325 3883 infames
1338 3868 1354 3893 ‚

318 3916 507 3982 quippe
525 3916 614 3982 qni
642 3914 888 3979 gladiator
913 3914 1047 3963 cives
1065 3924 1255 3963 tantum
1274 3929 1359 3963 ορ.

318 3994 459 4044 cidit.

394 4081 445 4128 6.
478 4073 861 4123 Lemnis-eatam.
896 4071 1176 4139 Δημνίσκοι,
1213 4074 1361 4138 Syra-

1436 2981 1615 3015 cusam
1634 2980 1734 3014 vox
1747 3000 1762 3026 ‚
1784 2975 1906 3015 teate
1926 2964 2206 3031 Eutychio,
2241 2965 2375 3015 unde
2400 2966 2466 3016 la·

1436 3046 1537 3093 tine
1556 3044 1788 3100 lemnisci,
1814 3046 1852 3093 i.
1874 3061 1918 3093 e.
1941 3046 2098 3093 taeniae
2115 3056 2333 3109 anguste
2356 3048 2465 3111 pal-

1436 3126 1530 3172 mis
1565 3141 1650 3173 seu
1689 3124 1886 3173 coronis
1915 3124 2238 3195 circumvolvi
2273 3124 2460 3185 solita,

1436 3212 1493 3251 ut
1525 3204 1582 3250 in
1617 3204 1968 3267 imperatorum
1999 3205 2210 3253 nummis
2248 3206 2464 3269 antiquis

1440 3292 1721 3331 cernuntur.
1746 3284 1826 3332 Sic
1851 3283 2062 3348 obligata
2089 3298 2272 3333 corona
2299 3284 2468 3331 lemni·-

1438 3373 1584 3411 scam
1613 3360 1896 3425 dicebatur-3
1921 3363 2094 3411 ceteris
2109 3374 2211 3411 erat
2231 3361 2467 3424 nobilior,

1438 3454 1489 3489 et
1505 3441 1712 3503 mutini,
1733 3443 1830 3491 nisi
1851 3442 2017 3491 multis
2034 3442 2212 3489 illustri
2231 3441 2468 3505 victoriis,
2557 3474 2574 3484 -

1441 3519 1620 3569 deferri
1657 3519 1864 3571 nolebat.
1902 3521 2031 3569 vide
2065 3520 2194 3569 Plin.
2218 3521 2346 3569 XXI
2361 3556 2378 3584 ,
2417 3522 2465 3571 3.

1438 3600 1578 3648 Serv.
1603 3598 1666 3647 ad
1684 3600 1864 3663 Virga.
1885 3602 2070 3660 AEn.V‚
2099 3600 2219 3662 269.

1514 3680 1566 3728 5.
1622 3676 1908 3743 Boset-atur.
1957 3678 2208 3744 Capitoni.
2275 3678 2468 3746 Nempe

1441 3757 1580 3821 quod
1615 3757 1732 3805 inde
1775 3768 1988 3821 quaestus
2033 3758 2237 3822 ingens,
2275 3769 2323 3808 et
2361 3759 2469 3811 heo

1440 3837 1626 3887 nefaria
1665 3837 1720 3884 in
1754 3834 1910 3885 fllium
1947 3836 2188 3886 calumnia
2222 3838 2286 3886 ad
2315 3842 2470 3904 patris

1442 3916 1628 3965 caedem
1690 3916 1962 3966 accesserit.
2021 3918 2258 3981 Quamvis
2317 3920 2469 3984 igitur

1446 3995 1627 4045 multas
1663 4007 1833 4061 turpes
1859 3996 2095 4045 victorin
2133 3998 2356 4049 retulerit
2381 4002 2476 4051 Ca-

1450 4076 1590 4140 pito,
1623 4074 1808 4125 nullam
1853 4086 2017 4125 tamen
2055 4079 2289 4140 majorem
2331 4096 2476 4145 quam
