2984 4684
713 405 846 471 DE
896 402 1669 472 VECTIGALIBUS
1718 396 1978 472 REIP.
2022 414 2157 471 etc.
2372 368 2531 471 555⁴

366 522 490 586 fuit
517 521 892 610 reipublieae
916 524 1187 613 vectigal
1217 524 1634 589 uberrimum
1664 548 1747 588 ex
1773 520 2069 589 metallis'.
2098 522 2513 587 Metallorum

367 627 634 692 nomine
659 628 970 693 continen
981 646 1088 694 tur
1117 653 1352 696 aurum
1371 679 1389 712 ,
1421 647 1765 719 argentum
1783 679 1799 712 ,
1832 652 1947 711 ωε,
1986 632 2231 693 ferrum
2256 679 2274 711 ,
2296 630 2515 717 plum·

364 734 525 798 bum
545 782 564 815 ,
595 750 717 799 etc.
747 756 928 818 saxa,
961 734 1234 825 lapides;
1275 737 1713 820 cretifodin123
1760 736 2065 820 cotoriae3
2108 737 2353 817 salinae,
2391 750 2513 799 etc.

364 840 511 904 Vid.
542 840 746 906 Goth.
779 842 862 907 ad
893 842 1040 906 cod.
1077 842 1190 907 lib.
1231 845 1358 925 XI,
1393 845 1494 909 tit.
1522 845 1585 909 6.

450 947 680 1011 Primis
717 950 1125 1037 temporibus
1169 951 1236 1014 in
1272 952 1454 1017 Italia
1492 952 1785 1034 metalla,
1832 966 1898 1014 et
1928 972 2006 1013 ex
2037 950 2115 1013 iis
2148 950 2515 1040 vectigalia,

363 1054 659 1117 aerarium
691 1054 1276 1143 locupletaverunt.
1325 1088 1352 1114 ιι
1371 1058 1789 1122 Metallorum
1821 1056 2124 1121 omnium
2156 1056 2515 1131 fertilitate,

362 1158 578 1246 inquit
597 1159 761 1224 Ptin.
787 1162 883 1225 ΙΙΙ
901 1212 918 1243 ,
947 1186 1030 1225 20
1049 1212 1065 1243 ,
1103 1164 1283 1227 Italia
1311 1162 1506 1229 nullis
1542 1163 1714 1228 cedit
1750 1164 1941 1228 terris
1960 1194 2005 1226 n.
2048 1165 2133 1227 At
2160 1178 2517 1251 propagato

364 1262 598 1328 deinde
653 1281 826 1330 extra
892 1266 1140 1331 Italiam
1201 1268 1515 1357 imperi0,
1578 1292 1785 1357 quum
1836 1267 2119 1331 ubertim
2160 1267 2516 1355 provinciae

363 1368 599 1435 deinde
649 1370 756 1436 illa
810 1373 1326 1462 suppeditarent,
1375 1392 1640 1441 cautum
1686 1391 1797 1439 est
1846 1390 2107 1444 «vetere
2161 1373 2511 1437 interdicto

361 1492 622 1565 patrum
651 1480 848 1544 Italiae
877 1482 1058 1569 parci
1083 1482 1460 1562 jubentium
1483 1514 1509 1539 u
1532 1532 1550 1565 ,
1610 1504 1695 1546 ne
1732 1481 1986 1545 metalla
2016 1480 2085 1543 in
2118 1480 2303 1544 Italia
2331 1502 2515 1544 exer-

362 1602 681 1650 cerentur.
724 1588 956 1676 Itaque
1006 1589 1135 1653 hoc
1190 1590 1375 1654 lucro
1430 1591 1581 1655 solae
1640 1588 1941 1679 deinceps
1997 1606 2319 1652 auxerunt
2370 1610 2511 1651 rem

361 1714 699 1758 romanam
735 1695 1116 1783 provinciae,
1153 1720 1300 1784 quae
1345 1696 1602 1761 metalla
1636 1695 1991 1761 visceribus
2034 1695 2167 1759 suis
2214 1696 2514 1759 contine·

361 1797 561 1879 bant3
610 1802 934 1889 praecipue
989 1802 1327 1890 Hispania,
1375 1800 1793 1885 Macedonia,
1848 1800 2218 1889 Illyricum,
2268 1800 2517 1882 Africa,

361 1904 676 1971 Sardinia.

448 2010 527 2075 ln
592 2012 905 2100 Hispania
963 2016 1214 2102 primus
1272 2016 1402 2079 hoc
1461 2015 1735 2106 vectigal
1792 2014 2080 2079 instituit
2134 2014 2315 2078 Cato.
2370 2012 2507 2078 Liv.

359 2116 668 2199 XXXIV,
717 2142 822 2183 21.
863 2120 1349 2209 Amplissimum
1401 2122 1601 2193 fuisse
1653 2122 1979 2212 colligitur
2025 2143 2105 2184 ex
2156 2120 2509 2197 Strabone,

362 2222 472 2287 lib.
508 2222 627 2289 111.
662 2222 927 2291 Plumbi
961 2228 1154 2291 etiam
1191 2229 1483 2310 metalla,
1539 2229 1854 2309 minium,
1902 2228 2149 2291 ferrum
2170 2261 2201 2309 ,-
2236 2248 2315 2289 ex
2358 2224 2511 2290 His-

363 2332 557 2419 pania
589 2334 883 2423 amplum
901 2336 1175 2424 vectigal
1208 2332 1550 2398 dederunt.
1578 2334 1747 2399 Plin.
1774 2336 2098 2415 XXXIII,
2138 2358 2200 2421 7.

448 2435 859 2521 Macedonia,
892 2440 1026 2525 jam
1072 2455 1425 2527 antequam
1463 2440 1917 2503 Romanorum
1964 2438 2300 2525 provincia
2345 2456 2521 2502 esset

361 2545 558 2626 facta,
591 2542 855 2634 regibus
884 2544 1016 2607 suis
1041 2544 1370 2632 vectigalia
1396 2566 1473 2607 ex
1506 2542 1777 2606 metallis
1805 2542 2130 2624 solvebat,
2172 2563 2317 2630 quae
2343 2563 2509 2631 prae-

361 2649 567 2738 cipuoe
599 2670 756 2738 opes
795 2648 931 2729 ejus
965 2649 1149 2737 regni
1189 2666 1392 2713 erant.

451 2755 729 2820 Romani
757 2755 1035 2817 victores
1075 2754 1353 2843 vectigal·
1385 2753 1640 2818 metalla
1675 2751 2127 2817 exercentibus
2161 2750 2505 2817 dimidium

362 2862 500 2942 ejus
547 2862 1011 2949 imposuerunt
1061 2858 1242 2947 quod
1285 2858 1751 2948 pependissent
1798 2859 1955 2947 regi.
2000 2860 2139 2923 Liv.
2180 2858 2378 2942 XLV,
2406 2882 2508 2947 29.

363 2966 616 3031 Eodem
675 2964 916 3048 modo,
970 2986 1106 3054 quo
1145 2964 1529 3030 Macedonia
1580 2965 1799 3029 habita
1840 2964 1965 3029 fuit
1986 3015 2005 3048 ,
2050 2988 2202 3029 cum
2255 2966 2513 3057 Illyrico

360 3088 579 3138 aetum
608 3090 725 3137 est.
755 3074 923 3138 Ibid.
946 3089 1000 3138 e.
1037 3075 1137 3140 18³.
1163 3074 1376 3139 Africa
1395 3124 1413 3151 ‚
1435 3072 1712 3138 Thracia
1730 3123 1748 3155 ,
1776 3072 2071 3162 denique
2094 3094 2325 3138 omnes
2352 3096 2509 3163 pro-

358 3180 618 3263 vineiae,
651 3202 730 3245 ex
751 3182 991 3270 quibus
1016 3198 1129 3245 aut
1149 3182 1401 3246 metalla
1431 3179 1916 3249 effodiebantur
1943 3197 2058 3244 aut
2088 3180 2354 3269 lapideS,
2382 3182 2515 3245 hoe

361 3287 630 3351 nomine
657 3288 929 3378 vec-tigal.
959 3288 1269 3352 Romanis
1304 3286 1786 3377 pependerunt.

449 3392 654 3457 Porro
685 3394 942 3459 metalla
973 3395 1244 3457 fuerunt
1275 3408 1389 3458 aut
1423 3394 1670 3485 publici
1698 3394 1861 3475 juris
1883 3444 1900 3476 ,
1939 3408 2052 3458 aut
2087 3394 2338 3483 privati.
2375 3394 2509 3465 Pus

362 3496 516 3561 blici
541 3498 736 3582 juris,
775 3516 988 3563 stante
1021 3498 1389 3589 republica,
1425 3522 1632 3588 pauca
1662 3500 1969 3576 fuerunt,
2006 3520 2129 3563 nec
2160 3496 2507 3563 diuturna:

363 3626 514 3667 nam
557 3607 825 3671 sublatis
871 3604 1068 3670 Italiae
1103 3606 1375 3671 metallis
1393 3657 1412 3689 ,
1457 3606 1824 3695 respublica
1860 3606 2184 3703 subjectis!
2209 3605 2512 3694 gentibus

361 3708 618 3775 videtur
648 3712 1026 3777 exercitium
1064 3712 1470 3777 metallorum
1489 3762 1507 3793 ,
1542 3704 1837 3802 vectigali
1868 3726 2127 3776 tantum
2160 3712 2467 3799 imposito
2495 3764 2514 3796 ,

361 3813 718 3905 reliquisse.
755 3821 837 3882 At
863 3838 1081 3882 eversa
1116 3820 1443 3907 republica
1479 3818 1902 3907 imperatores
1936 3817 2185 3882 metalla
2218 3818 2337 3883 sibi
2364 3820 2512 3883 vin-1

363 3920 685 3989 dicarunt.

454 4030 830 4096 Proximum
865 4031 1276 4096 metallorum
1307 4030 1579 4120 vectigal
1612 4048 1711 4096 est
1750 4030 1911 4095 illud
1948 4030 2129 4121 quod
2176 4054 2255 4096 ex
2291 4030 2509 4100 salinis

364 4134 697 4226 redigitur.
758 4138 998 4203 Salinas
1043 4138 1294 4226 primus
1333 4136 1618 4203 instituit
1668 4140 1891 4204 Ancus
1942 4136 2265 4206 Martius:
2326 4138 2509 4207 fluere
2574 4167 2581 4176 ·
