2984 4684
455 348 596 419 228
1244 346 1809 418 EXCURSUS

541 481 684 544 Hoc
715 478 890 545 idem
909 524 930 559 ,
961 478 1256 567 quamvis
1296 500 1376 541 ex
1409 477 1724 542 Cicerone
1756 476 1907 541 satis
1938 492 2237 541 constare
2270 474 2586 562 videatur,

449 584 832 649 confirmare
861 582 1152 647 conabor
1177 582 1398 647 multis
1434 580 1573 645 aliis
1608 599 1749 647 tum
1786 582 2213 665 conjecturis,
2242 598 2386 647 tum
2409 599 2593 649 vete-

451 714 598 756 rum
633 690 1019 755 testimoniis
1038 736 1057 771 ,
1087 710 1172 753 ne
1201 688 1523 778 quispiam
1555 688 1868 777 suspicari
1898 687 2106 777 possit
2124 734 2143 770 ,
2178 688 2387 779 legem
2416 688 2590 753 illam

449 798 817 863 Corneliam
853 795 1052 861 fuisse
1077 794 1430 884 aliquando
1467 796 1910 885 abrogatam...
1960 796 2039 860 In
2080 794 2341 883 primis,
2380 818 2587 884 quum

449 905 518 969 L.
554 904 862 969 Lucullus
899 919 1147 992 septem
1177 924 1384 969 annes
1411 903 1651 967 Ciliciae
1670 948 1689 983 ,
1726 917 1793 965 et
1818 900 1988 965 Asiae
2030 900 2367 988 praefuerit
2384 948 2403 983 ,
2446 902 2589 967 Cili-

445 1012 562 1073 eiae
602 1010 954 1073 triennium
995 1008 1067 1073 P.
1097 1008 1446 1090 Lentulus,
1493 1030 1569 1072 ac
1614 1004 1854 1072 deinde
1898 1005 2173 1071 totidem
2217 1028 2427 1071 annos
2466 1009 2587 1097 Ap.

447 1102 788 1195 Claudius,
817 1112 1218 1179 Macedoniae
1243 1112 1588 1178 biennium
1620 1112 1769 1177 Piso
1788 1160 1805 1189 ,
1840 1112 2041 1201 Syriae
2078 1112 2439 1177 triennium
2464 1112 2591 1178 Ga-

447 1222 664 1287 binius
682 1268 700 1301 ,
735 1244 824 1285 ne
853 1220 1144 1308 singulos
1165 1240 1554 1307 persequar3
1582 1240 1703 1283 cur
1724 1240 1811 1282 ne
1830 1218 2107 1282 verbum
2128 1216 2396 1307 quidem
2414 1218 2589 1309 apud
2611 1215 2614 1217 ’

451 1328 792 1392 historicos
840 1324 922 1391 de
959 1326 1216 1413 imperii
1258 1324 1763 1415 prorogatione?
1800 1326 1967 1389 Ante
1992 1324 2237 1391 Sullam
2264 1346 2591 1414 nusquam

450 1433 585 1497 fere
611 1448 976 1497 memorant
995 1478 1014 1514 ,
1063 1432 1448 1496 remansisse
1479 1432 1763 1519 aliquem
1794 1431 1863 1495 in
1901 1431 2231 1520 provincia
2248 1480 2267 1513 ,
2304 1433 2465 1520 quin
2507 1430 2591 1495 de

449 1540 908 1628 prorogatione
939 1539 1342 1603 mentionem
1377 1538 1572 1603 etiam
1618 1538 1897 1602 faciant:
1944 1556 2065 1601 cur
2090 1537 2225 1603 hoc
2260 1558 2592 1626 nusquam

450 1648 690 1735 attigit,
713 1662 828 1711 aut
859 1646 1088 1711 Cicero
1119 1646 1207 1709 ita
1229 1646 1299 1708 in
1327 1644 1633 1733 Epistolis
1664 1658 2002 1709 accuratus
2018 1692 2037 1726 ,
2066 1660 2183 1708 aut
2202 1643 2592 1709 Plutarchus

450 1768 518 1817 et
551 1754 884 1841 Appianus
923 1752 1014 1815 ita
1049 1752 1119 1814 in
1163 1751 1434 1815 historia
1465 1751 1766 1816 verbosi?
1810 1748 2139 1816 Nimirum
2159 1798 2177 1833 ,
2226 1748 2411 1837 quod
2448 1751 2591 1840 lege

451 1858 751 1923 Cornelia
781 1858 1031 1922 sublata
1061 1857 1276 1922 fuerat
1307 1858 1677 1948 prorogatio
1710 1857 1995 1945 imperii,
2036 1872 2101 1921 et
2139 1855 2596 1921 retinebantur

453 1964 819 2052 provinciae,
844 1962 1056 2027 donec
1077 1982 1412 2026 successor
1437 1962 1861 2026 advenisset...
1880 1961 2203 2043 Secund0,
2224 1962 2457 2027 Caesari
2477 1982 2595 2050 per

381 2150 390 2165 „
453 2069 662 2156 legem
695 2067 962 2156 quidem
991 2066 1313 2131 Vatiniam
1337 2066 1487 2131 data
1520 2068 1730 2131 fuerat
1749 2089 1786 2130 a
1813 2068 2061 2156 populo
2083 2067 2287 2131 Gallia
2310 2068 2592 2151 citerior,

455 2174 570 2239 sed
611 2175 989 2239 ulteriorem
1037 2186 1298 2238 senatus
1348 2171 1641 2256 dederat,
1696 2186 1771 2236 ut
1814 2187 1994 2260 patet
2040 2196 2121 2237 ex
2172 2174 2467 2238 oratione
2510 2172 2596 2239 de

451 2278 818 2369 provinciis.
859 2283 946 2343 At
975 2300 1177 2367 quare
1197 2277 1265 2341 in
1289 2276 1515 2341 eadem
1544 2279 1843 2343 oratione
1874 2278 2137 2342 Caesaris
2174 2278 2423 2343 inimici
2446 2300 2595 2343 esse

455 2384 850 2449 mittendum
884 2404 1322 2449 successorem
1353 2398 1646 2465 censent,
1678 2404 1886 2471 quum
1914 2382 2127 2447 multo
2150 2384 2433 2471 aequiore
2454 2406 2597 2449 sen-

457 2494 659 2557 tentia
702 2492 802 2555 uti
836 2506 1101 2580 possent
1123 2536 1142 2571 ,
1192 2510 1328 2577 non
1386 2508 1525 2553 esse
1570 2488 2059 2578 prorogandum
2104 2490 2337 2553 Caesari
2382 2491 2595 2579 impe-

457 2600 628 2661 rium
645 2644 664 2679 ‚
699 2598 976 2662 maxime
1006 2597 1176 2661 ultra
1216 2595 1573 2663 triennium
1590 2644 1609 2679 ,
1644 2594 1825 2683 quod
1858 2595 2175 2659 attinebat
2202 2594 2285 2661 ad
2320 2595 2593 2661 Galliam

457 2702 880 2769 ulteriorem?
925 2702 1277 2767 Videamus
1295 2751 1312 2784 ,
1356 2701 1519 2791 quid
1568 2722 1649 2766 eo
1695 2702 1841 2767 loco
1894 2700 2287 2790 respondeat
2328 2718 2553 2768 orator
2572 2724 2593 2767 ε

455 2842 482 2866 ⁴·
505 2810 743 2890 Simul,
772 2810 1022 2897 inquit,
1055 2824 1122 2873 et
1142 2807 1306 2872 illud
1339 2808 1492 2873 facit
1512 2856 1530 2891 ,
1564 2824 1642 2873 ut
1676 2806 1855 2895 quod
1888 2806 1980 2873 illi
2012 2830 2049 2873 a
2081 2808 2332 2897 populo
2366 2807 2594 2875 datum

459 2917 573 2996 sit,
601 2914 670 2978 id
701 2936 838 2979 non
864 2914 1099 2997 violet,
1129 2912 1312 3001 quod
1345 2930 1606 2979 senatus
1642 2913 1930 2995 dederit,
1968 2912 2038 2978 id
2068 2930 2331 2979 senator
2362 2936 2595 3005 prope-

459 3038 562 3087 ret
599 3022 852 3085 auferre
873 3052 920 3085 ».
949 3020 1234 3104 Quinam
1268 3021 1376 3084 hic
1411 3035 1511 3085 est
1542 3020 1858 3109 loquendi
1896 3018 2179 3085 modus?
2220 3020 2287 3086 id
2332 3038 2595 3086 senator

458 3130 712 3192 auferre
745 3123 1060 3190 dicendus
1093 3141 1191 3191 est
1209 3174 1227 3207 ,
1260 3123 1440 3212 quod
1474 3148 1648 3191 novo
1694 3147 1819 3191 suo
1856 3125 2175 3190 beneficio
2204 3148 2337 3191 non
2373 3148 2595 3216 proro-

459 3232 614 3323 get?
648 3248 714 3297 et
754 3248 906 3320 post
943 3232 1300 3294 triennium
1352 3231 1744 3319 properabat
1789 3232 2045 3295 auferre
2063 3280 2080 3313 ,
2134 3230 2315 3319 quod
2336 3278 2355 3313 ,
2404 3232 2593 3297 finito

460 3362 670 3418 anno,
711 3338 889 3420 jure,
909 3358 1007 3416 ,ac
1043 3336 1184 3424 lege
1221 3336 1537 3419 cessabat,
1590 3337 1715 3402 nisi
1763 3336 2135 3427 prorogatio
2180 3339 2597 3405 accessisset?

459 3449 690 3535 ltaque
721 3444 981 3508 nullum
1023 3442 1298 3507 verbum
1335 3441 1418 3506 de
1463 3441 1881 3532 prorogando
1926 3444 2158 3508 Caesari
2202 3442 2479 3533 imperio
2520 3446 2596 3509 in

457 3552 768 3617 ulteriore
801 3549 1003 3615 Gallia
1022 3596 1041 3631 ,
1089 3549 1334 3613 factum
1367 3564 1465 3613 est
1491 3549 1563 3611 in
1597 3566 1827 3614 senatu
1848 3596 1867 3631 ,
1916 3550 2099 3637 quod
2124 3550 2267 3639 lege
2294 3552 2597 3616 Cornelia

459 3658 825 3740 obtinebat,
863 3656 987 3720 nisi
1023 3655 1258 3721 missus
1293 3670 1465 3719 esset
1496 3677 1867 3721 successor:
1886 3672 2084 3744 atque
2108 3653 2273 3721 adeo
2297 3657 2599 3723 oratione

457 3786 582 3853 pro
609 3764 808 3831 Balbo
829 3763 1056 3829 Cicero
1095 3762 1223 3827 ait:
1271 3792 1300 3819 α
1319 3763 1488 3851 Lege
1522 3762 1905 3851 Sempronia
1936 3761 2421 3828 succedendum
2454 3786 2595 3831 non

453 3870 712 3934 censuit
734 3892 796 3950 »ς
841 3870 1028 3957 epist.
1059 3888 1122 3957 7,
1157 3870 1270 3935 lib.
1291 3870 1358 3951 1,
1405 3868 1486 3934 ad
1522 3869 1909 3934 Lentulum:
1948 3898 1975 3925 α
1998 3886 2067 3934 et
2104 3892 2188 3935 ne
2224 3871 2368 3960 lege
2401 3870 2595 3935 Sem·-

458 3976 688 4065 pronia
719 3972 1175 4041 succederetur
1208 3974 1392 4040 facile
1423 3974 1787 4062 perfectum
1820 3992 1921 4040 est
1936 3998 1995 4056 »ς
2026 3974 2279 4041 nullum
2312 3975 2592 4042 verbum
