2984 4684
725 378 834 452 IN
879 383 1298 452 VERREM
1352 383 1561 452 ACT.
1614 384 1729 466 11,
1772 383 1967 450 LIB.
2022 383 2114 450 11.
2348 377 2489 464 485

366 501 810 599 relinquam,
839 517 922 574 ut
961 501 1143 573 mihi
1183 515 1264 574 tu
1301 501 1480 574 illud
1516 501 1906 590 concedas,
1946 501 2149 599 quod
2192 500 2321 573 tibi
2359 501 2492 572 ho-

264 629 275 641 ·
366 613 854 684 nestissimum
890 627 1035 699 est,
1073 627 1386 686 aratores
1421 610 1555 685 tibi
1590 611 1680 683 ad
1708 625 2014 684 statuam
2044 612 2347 684 honoris
2387 615 2494 698 tui

368 722 1029 825 cauam—voluntate
1066 747 1236 812 sua,
1279 721 1690 796 contulisse.
1734 725 1843 792 Da
1888 723 2065 794 mihi
2104 722 2243 795 hoc
2284 750 2300 792 ε
2343 723 2493 820 jam

365 831 502 904 fibi
518 834 899 904 maximam
922 847 1198 932 partem
1221 832 1653 906 defensionis
1677 831 2277 930 praecideris.Non
2298 835 2489 904 enim

367 944 672 1041 poteris,
702 955 1020 1014 aratores
1055 940 1188 1013 tibi
1216 947 1445 1014 iratos
1481 967 1637 1015 esse
1660 953 1682 986 ¹
1727 957 1948 1045 atque
1970 944 2343 1032 inimicos,
2382 941 2493 1014 di-

367 1076 552 1124 cere.
601 1056 666 1122 O
706 1067 995 1124 causam
1027 1052 1460 1150 singularem
1492 1052 1507 1125 Ξ
1554 1077 1601 1124 o
1636 1049 2131 1126 defensionem
2159 1052 2492 1124 miseram

368 1187 450 1235 ac
476 1159 872 1261 perdicam!
902 1161 1098 1234 nolle
1122 1160 1264 1232 hoc
1281 1172 1312 1206 ²
1347 1165 1673 1262 accipere
1702 1184 1905 1232 reum
1934 1158 2028 1232 ab
2052 1175 2461 1232 accusatore
2477 1212 2496 1247 ,

369 1287 442 1344 et
475 1297 646 1346 eum
692 1297 938 1361 reum,
995 1275 1122 1370 qui
1168 1283 1436 1370 praetor
1479 1274 1555 1342 in
1596 1272 1834 1342 Sicilia
1880 1270 2135 1368 fuerit,
2180 1269 2493 1342 aratores

367 1383 436 1454 ei
459 1395 772 1454 statuam
791 1406 920 1454 sua
949 1382 1318 1454 voluntate
1345 1384 1674 1455 statuisse
1694 1409 1713 1472 ;
1735 1395 2049 1454 aratores
2073 1381 2164 1454 de
2192 1407 2279 1452 eo
2308 1378 2495 1452 bene

368 1494 775 1566 existimare
795 1546 816 1581 ‚
843 1494 1112 1564 amicos
1141 1515 1331 1580 esse,
1375 1491 1654 1563 salvum
1690 1515 1843 1564 esse
1878 1488 2177 1588 cupere!
2206 1489 2499 1575 Metuit,

367 1627 466 1674 ne
491 1602 635 1675 hoc
663 1627 790 1673 vos
819 1603 1242 1674 existimetis
1274 1630 1291 1672 t
1321 1600 1663 1702 obruitur
1692 1602 1885 1674 enim
1917 1614 2281 1672 aratorum
2320 1600 2506 1670 testi·

369 1716 650 1793 moniis.
699 1717 878 1786 Utar
917 1737 1045 1801 eo,
1093 1711 1297 1810 quod
1351 1706 1567 1784 datur
1594 1709 1671 1782 ³:
1721 1725 1916 1784 certe
1968 1709 2108 1782 hoc
2148 1713 2246 1781 ita
2288 1707 2497 1791 vobis

360 1822 868 1919 judicandum‘*
904 1837 1053 1911 est,
1096 1847 1223 1895 cos
1249 1877 1269 1912 ,
1311 1825 1441 1920 qui
1484 1825 1601 1894 isti
1645 1821 2111 1894 inimicissimi
2156 1831 2360 1907 sunt,
2418 1831 2499 1888 ut

369 1936 525 2033 ipse
569 1935 964 2006 existimari
999 1933 1196 2022 vult,
1239 1932 1329 2004 ad
1367 1935 1575 2006 istius
1614 1932 1935 2006 honores
1976 1943 2193 2028 atque
2242 1952 2495 2000 monu-

367 2057 614 2115 menta
645 2047 1025 2142 pecuniam
1061 2069 1213 2116 non
1251 2043 1623 2115 volun-tate
1668 2065 1795 2113 sua
1826 2039 2235 2114 contulisse.
2266 2045 2497 2136 Atque

371 2168 454 2225 ut
492 2152 636 2226 hoc
678 2168 913 2226 totum
961 2152 1297 2226 facillime
1345 2154 1649 2252 intelligi
1706 2154 1934 2252 possit
1959 2207 1978 2241 ‚
2034 2175 2253 2249 quem
2300 2150 2499 2221 voles

370 2285 624 2336 eorum
655 2266 944 2335 testium
967 2318 986 2352 ‚
1015 2287 1202 2360 quos
1233 2263 1827 2362 produxero‚qui
1872 2289 1962 2335 ex
1998 2261 2233 2335 Sicilia
2282 2275 2497 2334 testes

369 2375 514 2446 sint
528 2427 548 2464 ‚
567 2378 714 2445 sive
733 2388 1052 2470 togatum
1075 2371 1106 2416 ⁵
1121 2374 1319 2460 veliS‚
1349 2377 1492 2444 sive
1512 2374 1830 2446 Siculum
1844 2427 1863 2459 ,
1880 2385 2134 2468 rogato
2157 2427 2177 2460 ,
2198 2386 2272 2443 et
2288 2395 2458 2442 eum
2477 2425 2495 2458 ,

369 2486 500 2582 qui
530 2481 665 2555 tibi
687 2484 1218 2554 inimicissimus
1245 2507 1401 2554 esse
1429 2481 1819 2569 videbitur,
1840 2483 1969 2580 qui
1998 2506 2075 2553 se
2109 2479 2495 2578 spoliatum

372 2619 413 2666 a
443 2609 520 2664 te
555 2588 792 2664 dicet⁶
814 2616 835 2680 ;
859 2591 1120 2688 ecquid
1149 2615 1282 2662 suo
1318 2593 1617 2662 nomine
1643 2593 1717 2660 in
1746 2605 1945 2661 tuam
1980 2603 2289 2659 statuam
2326 2611 2499 2659 con-

369 2705 662 2776 tulerit:
697 2703 1063 2775 neminem
1099 2701 1446 2799 reperies,
1471 2701 1601 2799 qui
1626 2713 1849 2797 neget
1881 2726 1898 2767 ε
1936 2699 2205 2768 etenim
2244 2719 2497 2768 omnes

369 2814 750 2888 dederunt.
773 2815 1236 2909 Quem-quam
1263 2811 1483 2908 igitur
1502 2825 1715 2910 putas
1744 2806 2245 2878 dubitaturum
2266 2861 2285 2895 ‚
2318 2807 2513 2906 quin·

373 2926 469 3012 is,
493 2949 712 3022 quem
741 2923 1314 2995 inimicissimum
1345 2919 1480 2992 tibi
1514 2945 1667 2992 esse
1704 2931 2035 3016 oporteat
2057 2971 2076 3005 ‚
2099 2918 2228 3012 qui
2268 2914 2397 2987 abs
2424 2930 2497 2987 te

375 3035 820 3132 gravissimas
861 3033 1159 3128 injurias
1193 3033 1551 3129 acceperit
1570 3085 1589 3118 ‚
1628 3028 2011 3128 pecuniam
2060 3039 2313 3098 statuae
2362 3050 2497 3097 no-

444 3245 600 3295 an.
647 3261 690 3295 ι.
740 3243 847 3293 mi
888 3244 1040 3293 iratos
1080 3257 1199 3293 esse.
1247 3239 1394 3290 Liber

374 3324 562 3374 Metell.
585 3323 676 3372 eibi
697 3323 906 3373 honestis
922 3359 938 3382 ,
967 3323 1100 3372 unde
1123 3321 1264 3388 fingit
1289 3321 1393 3371 Gu-

375 3401 526 3452 liehn.
545 3401 737 3452 besteis.
925 3419 933 3428 ¹

451 3497 501 3532 ει.
523 3481 672 3529 Nolle
693 3479 802 3530 hoc.
829 3479 880 3527 0
907 3480 1204 3544 desperatam
1227 3479 1362 3529 litem
1377 3515 1392 3540 ,

333 3565 547 3626 'inque
573 3575 689 3608 reue
717 3559 1152 3624 eerejicitquoeei
1179 3559 1398 3608 :beccu-

377 3652 538 3691 σηοω
559 3639 936 3688 conceduntur?

449 3720 505 3770 3.
537 3719 686 3784 Quod
700 3717 861 3767 datur.
879 3713 1032 3780 Quod
1048 3731 1078 3763 a
1095 3715 1248 3764 Verre
1273 3715 1395 3764 mihi

291 3851 302 3858 ,
377 3797 695 3858 conceditur,
746 3809 958 3846 aratores
1009 3803 1142 3844 metu
1197 3805 1397 3844 coaetos

381 3880 524 3929 Verri
572 3887 776 3926 mtunm
827 3875 1060 3940 posuisse.
1114 3875 1224 3923 Hoc
1267 3873 1398 3922 enim

383 3957 608 4008 concedit
622 3994 640 4022 ,
666 3971 816 4022 quum
840 3953 966 4004 illud
989 3952 1208 4018 accipere
1231 3963 1393 4017 negat.

384 4037 512 4086 Rani
557 4037 840 4086 alterutrum
885 4049 1053 4082 verum
1101 4034 1164 4080 sit
1207 4047 1399 4080 neeesse

386 4129 488 4180 est,
521 4129 604 4165 aut
625 4134 710 4166 sue
738 4127 936 4182 sponte,
965 4125 1204 4170 aratores,
1241 4123 1324 4160 aut
1352 4113 1398 4160 vi

1479 3249 1681 3291 coactos
1710 3241 1964 3306 pecuniam
1996 3237 2062 3289 etl
2091 3245 2300 3288 statuam
2322 3249 2501 3287 coutu-

1478 3319 1608 3370 lisse-

1554 3409 1603 3458 4.
1644 3399 1787 3446 Vobis
1820 3397 2172 3464 judicandum.
2216 3395 2346 3446 mad
2390 3385 2504 3445 sane

1479 3475 1622 3527 vobis
1640 3473 1998 3526 decernendum
2024 3485 2157 3540 patet
2175 3512 2193 3539 ‚
2220 3477 2325 3538 οἶαι
2344 3475 2508 3523 Inimi-

1481 3573 1567 3606 cos
1602 3556 1860 3622 pecuniam
1892 3555 2076 3602 invitos
2118 3551 2406 3606 contulisse.
2436 3583 2505 3593 —

1485 3635 1585 3699 Qui
1616 3649 1681 3682 ex
1715 3633 1884 3682 sieilia
1914 3643 2053 3682 testes
2085 3631 2199 3681 εἰπε.
2226 3632 2341 3682 Sch.
2372 3631 2505 3684 delet

1481 3724 1540 3763 ut
1560 3713 1810 3778 glossema.
1829 3713 1879 3762 J.
1896 3711 1961 3761 V.
1986 3715 2043 3764 L.

1557 3794 1604 3840 5.
1634 3795 1889 3857 Togatam.
1928 3791 2323 3842 cinnomo:
2356 3792 2410 3840 in
2438 3793 2507 3840 Si-

1483 3871 1595 3921 cilia
1604 3887 1703 3920 rem
1713 3871 1951 3919 frumenta
1956 3871 2073 3918 riam
2084 3881 2169 3918 aut
2178 3873 2507 3934 pecuniariam

1484 3961 1764 4000 exercentes
1779 3984 1793 4008 ‚
1819 3965 1944 4013 quos
1962 3949 2130 4032 ‘nullo
2148 3949 2274 3998 infra
2291 3945 2510 4002 aratore&

1485 4047 1542 4079 ao
1568 4029 1895 4096 negotiatores
1921 4027 2151 4094 appellnt.

1558 4111 1607 4160 6.
1625 4109 1775 4172 vulg.
1802 4107 1941 4158 dicit.
1968 4109 2094 4160 LV.
2114 4109 2169 4156 1..
