2984 4684
744 402 855 471 IN
905 400 1345 472 VERREM
1397 401 1621 471 AcT.
1659 402 1781 487 11,
1828 401 2029 471 LIB.
2069 404 2128 470 1.
2364 396 2508 473 325

369 524 525 621 ejus
574 524 851 597 ratione
902 522 1143 620 aliqua
1183 538 1309 593 aut
1348 522 1572 595 modo
1618 521 2208 595 continebantur.
2265 523 2505 613 Quam

370 635 617 706 multis
660 636 880 706 istum
920 634 1285 733 ingenuis,
1344 658 1564 731 quam
1606 633 1856 705 multis
1897 631 2249 705 matribus
2297 632 2506 705 sami-

368 745 529 831 lias,
560 745 635 815 in
664 744 782 815 illa
808 757 995 815 tetra
1025 757 1245 841 atque
1277 744 1564 843 impura
1597 744 1953 843 legatione
1971 798 1990 833 ,
2015 745 2162 815 vim
2184 746 2507 817 attulisse

370 853 827 925 existimatis?
856 875 1092 948 ecquo
1128 854 1206 923 in
1248 852 1524 955 oppido
1558 854 1825 951 pedem
1861 857 2146 952 posuit,
2189 853 2318 926 ubi
2355 880 2512 926 non

366 964 623 1062 plura²
666 977 1088 1062 stuprorum
1130 963 1715 1062 flagitiorumque
1744 988 2080 1053 suorum,
2117 989 2337 1062 quam
2382 965 2511 1037 ad·

368 1089 627 1145 ventus
664 1075 779 1144 sui
830 1075 1127 1172 vestigia
1176 1074 1594 1173 reliquerit?
1637 1074 1778 1149 Sed
1829 1100 1966 1175 ego
2025 1077 2305 1165 omnia,
2348 1100 2512 1173 quae

368 1184 619 1280 negari
645 1197 1027 1281 poterunt,
1062 1190 1644 1283 praetermittam3
1679 1186 1890 1258 etiam
1929 1186 2119 1274 haec,
2156 1210 2317 1283 quae
2357 1210 2512 1257 cer-

372 1294 639 1365 tissima
669 1309 841 1365 sunt
877 1310 951 1366 et
988 1294 1413 1386 clarissima,
1456 1298 1902 1395 relinquam:-
1937 1320 2172 1367 unum
2207 1295 2511 1394 aliquod

368 1402 462 1476 de
490 1401 784 1477 nefariis
804 1406 1008 1477 istius
1038 1402 1243 1479 factis
1263 1406 1518 1504 eligam
1541 1434 1560 1497 ;
1597 1432 1751 1506 quo
1775 1406 2052 1481 facilius
2078 1407 2168 1479 ad
2203 1408 2512 1478 Siciliam

366 1516 642 1612 possim
695 1513 1120 1613 aliquando,
1174 1541 1338 1617 quae
1372 1518 1551 1589 mihi
1602 1518 1748 1591 hoc
1789 1520 2033 1591 oneris
2087 1518 2510 1617 negotiique

368 1623 756 1721 imposuit,
816 1626 1220 1723 pervenire.
1285 1628 1659 1727 Oppidum
1725 1644 1835 1701 est
1890 1630 1968 1699 in
2035 1629 2511 1726 Hellesponto

366 1738 844 1833 Lampsacum
866 1791 886 1826 ,
914 1735 1231 1832 judices,
1260 1738 1342 1809 in
1377 1739 1630 1836 primis
1664 1741 1845 1812 Asiae
1876 1740 2272 1839 provinciae
2292 1736 2320 1783 3
2360 1738 2509 1810 cla-

368 1868 533 1915 rum
576 1860 651 1917 et
684 1845 975 1919 nobile:
1020 1847 1353 1921 homines
1387 1864 1633 1922 autem
1667 1852 1807 1949 ipsi
1839 1854 2312 1949 Lampsaceni
2347 1864 2506 1921 tum

370 1978 651 2029 summe
670 1959 747 2028 in
770 1981 1026 2030 omnes
1045 1960 1235 2032 cives
1254 1975 1600 2033 romanos
1616 1958 1946 2051 officiosi,
1977 1975 2137 2032 tum
2165 1975 2513 2060 praeterea

372 2070 681 2137 maxime
736 2066 963 2139 sedati
1016 2084 1091 2141 et
1148 2070 1418 2167 quieti,
1463 2094 1697 2169 prope
1751 2086 2020 2170 praeter
2076 2085 2358 2143 ceteros
2418 2070 2514 2163 ad

370 2180 777 2247 summum‘*
831 2180 1251 2251 Graecorum
1297 2181 1530 2253 otium
1574 2181 1858 2278 potius,
1894 2206 2116 2279 quam
2155 2178 2246 2252 ad
2289 2179 2514 2251 ullam

370 2290 519 2359 vim
536 2285 569 2332 ⁵
593 2303 722 2361 aut
744 2290 1143 2363 tumultum
1170 2290 1718 2363 accommodati.
1744 2292 2045 2381 Accidit,
2061 2315 2292 2389 quum
2310 2291 2444 2362 iste
2471 2313 2515 2361 a

371 2402 503 2470 Cn.
532 2396 907 2471 Dolabella
944 2397 1399 2499 efflagitasset
1416 2453 1436 2488 ,
1472 2414 1558 2471 ut
1611 2424 1690 2471 se
1739 2398 1830 2470 ad
1883 2424 2130 2497 regem
2173 2402 2510 2471 Nicome-

372 2506 539 2579 dem
556 2504 615 2597 6,
648 2531 1039 2605 regemque
1057 2508 1383 2581 Sadalam
1402 2510 1759 2599 mitteret,
1791 2534 2174 2607 quumque
2205 2512 2343 2580 iter
2373 2510 2515 2580 hoc

373 2616 512 2690 sibi
558 2620 783 2719 magis
834 2619 928 2690 ad
968 2633 1327 2718 quaestum
1382 2642 1630 2707 suum,
1682 2642 1902 2716 quam
1956 2618 2046 2689 ad
2099 2617 2517 2717 reipublicae

373 2744 661 2829 tempus
686 2728 1311 2803 accommodatum
1348 2728 1932 2826 depoposcisset;
1970 2741 2055 2799 ut
2090 2727 2217 2799 illo
2253 2728 2514 2815 itinere

376 2842 659 2913 veniret
680 2846 1155 2942 Lampsacum
1175 2894 1196 2931 ,
1238 2862 1407 2912 cum
1444 2862 1705 2941 magna
1737 2838 2138 2943 calamitate
2175 2852 2247 2910 et
2281 2862 2513 2937 prope

452 3124 507 3158 s.
561 3108 670 3157 Non
708 3108 876 3175 plura.
927 3108 1167 3159 Paneiou-a
1213 3107 1404 3173 legatus

378 3188 553 3237 Verres
609 3188 875 3238 adveniens
928 3189 1111 3252 pedum
1170 3204 1400 3249 suorum,

378 3283 527 3331 quam
549 3268 793 3317 furtorum
812 3279 863 3317 et
888 3267 1183 3334 flagitiorum
1200 3268 1405 3333 vestigia

375 3346 596 3410 reliquit.

454 3427 503 3473 3.
521 3424 657 3473 Asiae
672 3424 955 3489 pruvincia.
972 3428 1098 3491 Quae
1124 3424 1355 3475 definitur
1375 3441 1405 3474 a

378 3504 725 3569 septemtrione
742 3504 991 3568 Bithynia,
1010 3502 1073 3552 ab
1092 3508 1405 3569 occasu-Pm-

380 3582 589 3650 pontide
614 3592 664 3631 et
689 3584 856 3645 AEgaeo
884 3581 1057 3647 pelago
1070 3616 1085 3641 ‚
1131 3598 1160 3632 a
1202 3572 1405 3636 meridie

378 3664 528 3731 Lycia
542 3698 559 3723 ‚
580 3662 643 3711 ab
670 3663 859 3710 oriente
881 3662 1192 3735 Pamphyliaf
1210 3686 1238 3717 ι,

452 3752 503 3799 4.
537 3741 625 3791 Aa
652 3758 908 3799 summum.
944 3740 1105 3791 Otiosi
1143 3740 1305 3803 eiiini,
1346 3750 1405 3791 ae

382 3820 572 3871 desides
591 3832 697 3871 tum
714 3820 873 3871 Graeei
892 3835 1062 3869 omnes
1084 3820 1405 3871 habebantur.

453 3902 503 3953 ⁵.
530 3902 618 3951 Aa
648 3902 799 3951 ullam
825 3902 951 3951 vim.
982 3905 1093 3951 1100
1118 3900 1233 3949 ideo
1256 3900 1406 3963 dicit,

380 3990 441 4029 nt
474 3978 616 4050 e'nlpa
649 3982 885 4030 tumultus
919 3981 974 4029 in
998 3984 1203 4029 Verrem
1236 3984 1407 4029 eonci-

384 4062 473 4109 tati
492 4094 508 4121 ,
552 4079 659 4111 non
702 4064 757 4111 in
798 4064 1181 4126 Lampsacenos,
1225 4060 1313 4109 sed
1354 4062 1408 4109 in

382 4140 545 4205 ipsum
562 4145 765 4192 Verrem
791 4142 1086 4191 conferatur.
1110 4138 1115 4144 ’

1563 3107 1614 3155 6.
1658 3104 1990 3155 Nicomedem.
2029 3066 2280 3169 Bithy-nias
2321 3063 2485 3166 reigem
2499 3137 2519 3164 ,

1490 3185 1607 3249 qui,
1636 3200 1790 3251 quum
1825 3194 1954 3233 esset
1990 3183 2095 3232 sine
2135 3182 2332 3242 liberis,
2359 3196 2522 3246 popu-
2590 3202 2596 3207 ·
2625 3176 2628 3182 ’

1490 3264 1596 3313 lum
1636 3279 1762 3314 rom.
1808 3272 2100 3313 testamento
2139 3262 2339 3325 reliquit
2382 3260 2522 3308 here·

1493 3344 1624 3393 dem.
1655 3343 1876 3393 Decessit
1914 3352 2076 3391 autem
2119 3340 2414 3391 Nicomedes
2457 3354 2520 3387 ex

1492 3428 1775 3493 Europ-VI
1791 3461 1808 3487 ,
1833 3429 1864 3475 6
1879 3460 1898 3488 ,
1919 3428 1978 3477 L.
1993 3423 2199 3474 Lucullo
2218 3434 2267 3471 et
2280 3424 2358 3473 M.
2371 3423 2522 3471 Cotta

1490 3522 1620 3557 coss.
1665 3507 1898 3557 sexennio
1946 3517 2061 3572 post
2098 3505 2264 3553 Verris
2315 3499 2522 3565 legatio-

1490 3602 1622 3637 nem.
1665 3612 1740 3623 —
1780 3586 2038 3635 Sadalam.
2070 3582 2291 3631 Thraciae
2333 3594 2524 3643 regem,

1490 3666 1679 3717 socium
1703 3666 1882 3732 populi
1907 3682 2030 3713 rom.
2053 3663 2202 3711 alium
2237 3661 2300 3709 ab
2337 3676 2398 3709 eo
2437 3660 2526 3707 Sa-

1492 3744 1601 3793 dala
1627 3762 1772 3811 quem
1802 3746 2024 3793 nominat
2059 3744 2220 3797 Caesar
2257 3738 2379 3801 Bell.
2409 3740 2522 3790 Civ-

1494 3828 1597 3888 111,
1621 3833 1670 3882 4.
1689 3827 1765 3873 De
1789 3824 1963 3890 populi
1981 3840 2107 3872 rom.
2132 3837 2248 3869 cum
2271 3820 2370 3868 illis
2393 3819 2523 3884 regi·

1493 3904 1588 3953 bus
1611 3904 1824 3953 amicitia
1853 3903 1967 3960 vide
1993 3903 2100 3967 Liv.
2117 3901 2278 3962 XLV,
2315 3908 2408 3959 42,
2437 3899 2523 3947 de-

1494 4000 1593 4048 que
1635 3984 1740 4045 ejus
1785 3985 1930 4047 regiae
1986 3980 2178 4031 familiae
2232 3978 2523 4043 antiquitate

1496 4062 1647 4111 Ovid.
1687 4062 1748 4125 de
1786 4066 1934 4126 Pont.
1967 4064 2042 4121 11,
2072 4072 2134 4125 9:
2175 4061 2346 4109 confer
2378 4058 2524 4108 etiam

1496 4142 1653 4190 Taciti
1673 4140 1854 4191 Annal.
1874 4143 1949 4203 11,
1975 4142 2062 4198 64.
