2984 4684
487 363 628 450 384
726 367 824 434 M.
853 365 932 432 T.
985 362 1178 432 cle.
1228 360 1337 430 ΙΝ
1385 355 1683 430 VERR.
1734 357 1947 426 AcT.
1992 357 2107 442 11,
2156 355 2347 426 Lm.
2394 355 2453 426 1.

483 485 815 558 ficiorum
851 507 1152 556 suorum
1181 485 1335 554 sine
1366 481 1522 553 aliis
1558 478 1929 552 maleficiis
1962 479 2283 577 reperire
2322 483 2547 578 possit
2566 481 2623 548 ⁸.

482 594 822 690 Ejusdem
851 591 1049 665 modi
1083 587 1586 664 sortitionem⁵
1623 590 1849 662 homo
1878 591 2415 660 amentissimus
2452 615 2626 660 suo-

479 729 642 774 rum
675 727 972 802 quoque
1001 701 1331 800 judicum
1362 699 1521 772 fore
1552 703 1834 800 putavit
1858 723 1991 799 per
2016 698 2337 770 sodalem
2373 725 2626 786 suum,

480 819 570 907 Q.
604 817 971 904 Curtium,
1007 812 1334 908 judicem
1375 812 1838 910 quaestionis:
1876 810 1989 882 cui
2032 811 2171 880 nisi
2203 832 2340 906 ego
2380 812 2451 878 vi
2486 832 2623 907 po-

479 925 669 1025 puli,
698 939 774 996 et
806 924 1190 995 hominum
1215 923 1531 994 clamore
1560 934 1779 1018 atque
1806 919 2137 992 convicio
2164 921 2625 1006 restitissem3

481 1064 568 1109 ex
595 1037 732 1108 hac
764 1031 1105 1108 decuria⁶
1148 1047 1398 1104 nostra
1419 1087 1438 1119 ,
1469 1033 1681 1128 cujus
1714 1029 1895 1101 mihi
1928 1029 2215 1127 copiam
2242 1053 2462 1127 quam
2487 1029 2627 1100 lar-

479 1148 770 1246 gissime
789 1143 1048 1217 factam
1071 1141 1494 1242 oportebat,
1520 1157 1767 1241 erepta
1790 1154 1977 1213 esset
2000 1138 2301 1211 facultas
2329 1164 2583 1211 eorum
2602 1195 2625 1224 ‚

482 1281 672 1354 quos
693 1265 746 1344 ⁷,
771 1252 1052 1327 ubiiste
1074 1266 1462 1343 annuerat,
1486 1255 1565 1323 in
1585 1277 1801 1323 suum
1827 1251 2209 1324 consilium
2232 1253 2387 1322 sine
2414 1274 2630 1322 causa

482 1366 1062 1439 subsortiebatur
1079 1413 2613 1435 ................................

496 1507 2613 1539 oooooooooooooooooooooooooooooooooooooooooooo

1281 1647 1525 1720 Multa
1562 1641 1836 1720 desunt.

554 1865 607 1912 4.
629 1855 869 1906 Nonnulli
894 1853 1044 1902 codd.
1063 1863 1247 1917 posset.
1271 1853 1306 1902 J
1309 1889 1322 1901 .
1333 1855 1396 1900 V.
1415 1853 1472 1900 1..

559 1937 608 1984 5.
639 1936 826 1983 Ascou.
864 1933 1271 1982 subsortitionem.
1315 1931 1517 1980 Putavit

485 2017 663 2062 Verres
687 2015 790 2062 fore
815 2023 874 2061 ut
897 2013 1122 2069 Curtius,
1161 2009 1342 2058 sodalis
1367 2026 1484 2058 suns
1499 2045 1515 2068 ‚

482 2092 636 2155 judex
676 2091 984 2157 (pastionis,
1032 2091 1087 2138 in
1129 2091 1296 2138 locum
1342 2105 1515 2137 eorum

480 2171 706 2235 judicum
722 2205 738 2230 ,
761 2187 887 2236 quos
911 2170 1209 2218 subsortitus
1231 2179 1333 2217 erut
1347 2203 1362 2229 ,
1389 2169 1514 2217 alios

486 2269 551 2300 ex
574 2253 742 2301 Verris
775 2251 1028 2300 voluntate
1057 2259 1388 2316 supponeret,
1425 2249 1515 2313 qni

485 2349 596 2380 eum
619 2332 941 2380 absolverent.
973 2331 1194 2394 Apparet
1222 2344 1286 2376 ex
1308 2327 1372 2376 iis
1402 2344 1513 2391 quae

483 2423 772 2476 sequnntur,
807 2411 1030 2460 Curtium
1050 2425 1078 2456 s
1103 2403 1339 2459 Cieerone
1365 2407 1514 2456 fuisse

481 2493 720 2553 rejectum
749 2489 994 2556 iudicem,
1025 2505 1137 2538 eum
1164 2489 1393 2537 convicio
1419 2505 1515 2554 po-

484 2570 594 2634 puli
611 2569 985 2618 circumstantis.
1010 2569 1091 2616 Sie
1109 2571 1293 2617 Ascou.
1311 2579 1363 2616 et
1379 2569 1516 2630 Desj.

485 2650 711 2708 Frustra,
749 2659 804 2696 ut
842 2647 1053 2697 videtur.
1099 2647 1302 2710 Optime
1343 2659 1515 2696 eontra

485 2729 702 2791 explieat
717 2725 918 2777 Schiitz.
941 2727 1138 2775 Curtius
1155 2725 1236 2774 ille
1257 2735 1360 2774 tum
1374 2725 1517 2775 aliem

487 2791 748 2872 quamdam
793 2823 820 2854 e
865 2805 1219 2869 questionibus
1275 2806 1521 2870 perpetuis

489 2885 776 2946 exercebam
827 2897 878 2934 et
915 2901 1060 2934 sunm
1106 2885 1320 2934 habebnt
1360 2887 1525 2934 consi-

489 2965 610 3013 lium
627 2999 642 3026 ‚
671 2965 724 3012 iu
747 2964 882 3028 quod
907 2974 962 3011 ut
981 2965 1152 3012 Verris
1176 2965 1358 3012 sodslis
1383 2965 1523 3015 utili-

491 3043 671 3092 tstibus
699 3043 980 3103 inserviret,
1004 3043 1186 3092 multos
1211 3061 1275 3094 ex
1297 3061 1352 3092 es
1376 3045 1525 3094 deeu-

490 3125 592 3188 ria,
618 3141 682 3172 ex
717 3139 814 3187 qun
854 3123 1028 3172 Cicero
1087 3139 1234 3186 qnsm
1283 3123 1524 3188 plurimos

491 3204 690 3252 volebat
700 3202 892 3266 judices
913 3219 1068 3250 cause
1081 3203 1301 3251 Verrinae
1319 3203 1497 3254 habere
1509 3237 1525 3264 ,

490 3295 667 3348 preter
717 3282 1052 3331 necessitatem
1095 3281 1487 3340 subsortiebntur
1507 3318 1522 3343 ‚

491 3362 702 3426 ideoque
751 3377 921 3409 eorum
971 3361 1248 3410 facultatem
1293 3362 1524 3412 Ciceroni

490 3443 680 3506 eripere
713 3441 936 3502 volebat,
969 3441 1008 3488 i.
1030 3457 1074 3488 e.
1096 3439 1334 3505 impedire
1371 3457 1433 3490 ne
1467 3443 1523 3490 in

491 3520 704 3568 consilio
741 3519 1024 3569 Glabrionis
1044 3553 1060 3579 ,
1101 3521 1186 3582 qni
1230 3519 1419 3581 judicio
1459 3522 1524 3569 de

495 3603 648 3648 Verre
672 3611 906 3666 preerat,
937 3600 1104 3649 adesse
1125 3611 1340 3664 possent.

567 3679 620 3726 6.
645 3680 870 3729 Deerit-ia.
882 3679 1068 3730 Tabula
1083 3689 1185 3729 erat
1201 3681 1254 3728 in
1271 3697 1366 3746 qua
1387 3679 1524 3742 judi-

1600 1865 1715 1900 cum
1737 1851 1936 1912 immina
1959 1837 2325 1910 scribebantur,
2356 1867 2443 1902 seu
2466 1853 2634 1903 elassis

1596 1931 1835 1993 judicum.
1860 1931 2001 1980 'I'nuc
2016 1933 2071 1979 in
2086 1931 2218 1980 illem
2238 1931 2335 1980 soli
2354 1933 2632 1982 refereban-

1602 2023 1687 2060 tur
1714 2022 1979 2061 senatores.
2012 2010 2110 2059 Sed
2136 2010 2233 2059 boe
2263 2013 2374 2075 ipso
2399 2029 2533 2061 suno
2562 2014 2635 2062 le-

1606 2105 1715 2156 gem
1749 2090 2079 2156 promulgavit
2110 2091 2165 2140 L.
2200 2085 2458 2139 Cornelius
2486 2093 2633 2142 Cotta

1600 2181 1801 2233 pretor,
1820 2187 1917 2234 qua
1934 2169 2123 2231 judicis
2146 2168 2279 2218 inter
2300 2183 2565 2233 senatores,
2581 2179 2637 2222 et

1602 2251 1791 2315 equites
1806 2285 1822 2311 ,
1864 2261 1916 2300 et
1952 2267 1981 2299 e
2024 2251 2166 2315 plebe
2211 2252 2437 2300 tribunos
2476 2254 2638 2301 oersrii

1604 2329 2080 2380 eommunimrenmr
2102 2347 2117 2389 ς
2164 2347 2276 2396 quae
2324 2332 2403 2382 lex
2422 2367 2437 2392 ‚
2478 2349 2635 2396 quum

1598 2420 1823 2474 ageretur
1850 2411 2021 2458 Verris
2066 2427 2210 2460 censs
2226 2445 2243 2469 ,
2296 2418 2485 2460 tentum
2516 2427 2637 2475 prot

1601 2489 1813 2554 mulgsts
1824 2524 1839 2549 ,
1865 2491 2089 2540 nondum
2111 2491 2209 2540 lste
2226 2502 2331 2540 eret
2342 2527 2357 2550 ,
2374 2501 2466 2540 net:
2482 2491 2635 2540 ullam

1602 2570 1727 2620 adeo
1780 2571 1882 2618 vim
1930 2569 2161 2621 hnbebat.
2202 2569 2319 2620 Non
2361 2581 2523 2619 sutem
2570 2572 2637 2620 sd

1604 2649 1768 2697 omnia
1801 2641 1988 2709 judicis
2030 2667 2093 2698 ex
2128 2650 2357 2698 omnibus
2391 2649 2635 2713 decuriis,

1608 2742 1719 2794 (με
1746 2731 1997 2780 Ciceronis
2024 2742 2165 2780 oetste
2190 2741 2290 2780 tres
2318 2733 2509 2780 suerent
2522 2766 2539 2790 ‚
2564 2731 2639 2780 lea-

1610 2809 1849 2872 gebantnr
1875 2809 2104 2872 jndices3
2144 2810 2233 2859 sed
2257 2827 2356 2858 uns
2380 2821 2463 2858 snt
2486 2809 2637 2860 alters

1612 2887 1809 2937 deontia
1835 2889 1933 2937 hoe
1966 2889 2116 2938 illove
2152 2901 2373 2955 tempore
2413 2900 2517 2938 erat
2552 2890 2641 2938 im*

1611 2969 1793 3016 munis.
1811 2967 1929 3016 Vid.
1953 2984 2049 3033 pro
2074 2968 2269 3018 Cluent.
2298 2969 2385 3030 37.
2418 2969 2641 3033 Appen-t

1613 3061 1811 3110 quoqne
1835 3063 1900 3094 ex
1918 3048 1969 3096 h.
1999 3046 2037 3098 l.
2067 3047 2211 3096 sliam
2242 3045 2337 3095 slis
2369 3048 2517 3096 fnisse
2540 3049 2637 3096 bo·

1612 3127 1893 3176 nestiorem.
1912 3127 2030 3178 Vid.
2054 3127 2167 3177 1nd.
2183 3127 2336 3177 Verb-

1686 3223 1737 3266 7.
1771 3205 1939 3268 Vulgo
1988 3223 2154 3271 -quos
2204 3206 2300 3256 iste
2347 3217 2582 3256 annueret
2598 3227 2639 3255 »-

1610 3287 1818 3334 Hotom.
1839 3307 1865 3326 -ι
1884 3301 1998 3334 cnm
2022 3287 2085 3333 iis
2100 3321 2115 3344 ‚
2138 3302 2265 3351 quos
2290 3286 2327 3334 i.
2355 3303 2441 3334 a.»
2466 3286 2641 3336 hunb-

1611 3380 1797 3428 -quum
1824 3380 1938 3424 eos,
1976 3365 2157 3429 quibus
2189 3367 2224 3413 i.
2248 3382 2295 3415 s.
2316 3389 2343 3408 ι·
2374 3367 2645 3431 Rescripsit

1612 3441 1821 3503 Schiiu,
1847 3459 2037 3509 -quos‚
2064 3445 2152 3493 ubi
2180 3445 2299 3504 iste,
2318 3447 2643 3507 scil-Verres,

1612 3534 1849 3571 annuerat
1863 3545 1904 3573 ιι.
1929 3526 2091 3586 Quem
2112 3541 2225 3573 cum
2250 3527 2297 3574 J.
2312 3527 2376 3575 V.
2398 3525 2453 3574 1..
2478 3541 2648 3575 sumus

1610 3602 1805 3666 sequuti
1818 3637 1837 3664 ‚
1875 3619 1939 3652 ne
1957 3619 2127 3652 manes
2149 3615 2201 3652 et
2228 3605 2515 3670 imperfecta
2534 3622 2647 3654 sen-

1610 3683 1761 3732 tentis
1796 3683 2167 3749 relinqueretur·
