2984 4684
843 398 1229 469 ORATIO
1276 400 1483 471 PRO
1533 400 1601 469 S.
1635 398 2056 471 ROSCIO.
2389 419 2522 490 ¹¹9

377 522 896 618 quaestionem:
927 534 1011 591 tu
1037 544 1347 619 semper,
1364 526 1444 593 T.
1461 524 1702 611 Rosci,
1721 522 2088 595 recusasti.
2113 522 2374 611 Quaero
2396 517 2528 589 abs

378 644 471 717 te,
486 632 657 717 iine,
675 632 807 727 qui
825 630 1318 728 postulabant,
1334 631 1620 731 indigni
1635 646 1862 720 erant,
1877 633 2011 729 qui
2021 627 2526 728 impetrarent?

372 742 487 809 An
528 742 713 811 iste²
748 764 901 809 non
940 741 1485 833 commovebat,
1517 766 1838 841 proquo
1868 739 2377 841 postulabant?
2407 742 2522 809 An

372 874 488 919 res
536 851 695 947 ipsa
727 848 859 921 tibi
912 853 1165 949 iniqua
1212 851 1644 924 videbatur?
1673 850 2144 924 Postulabant
2185 850 2521 921 homines

372 958 803 1033 nobilissimi
826 951 1044 1059 atque
1070 966 1520 1060 integerrimi
1543 979 1807 1035 nostrae
1827 960 2518 1059 civitatis,quosja1n

368 1085 585 1143 antea
615 1075 1021 1161 nominavi3
1063 1076 1193 1171 qui
1231 1078 1333 1146 ita
1370 1078 1744 1164 vixerunt,
1794 1076 2115 1172 talesque
2151 1096 2195 1143 a
2237 1070 2516 1170 populo

367 1206 676 1253 romano
714 1196 1091 1281 putantur,
1127 1198 1238 1271 ut,
1284 1184 1650 1283 quidquid
1684 1184 2043 1271 dicerent,
2077 1206 2294 1253 nemo
2332 1192 2522 1251 esset

368 1294 501 1389 qui
550 1318 702 1365 non
748 1318 1041 1391 aequum
1076 1310 1384 1392 putaret.
1430 1294 1904 1367 Postulabant
1936 1307 2178 1365 autem
2219 1315 2356 1389 pro
2389 1287 2521 1359 ho-

370 1403 571 1474 mine
612 1404 1016 1476 miserrimo
1042 1418 1266 1502 atque
1292 1404 1790 1478 infelicissimo
1813 1459 1832 1493 ,
1863 1407 1996 1501 qui
2029 1403 2144 1475 vel
2177 1405 2331 1500 ipse
2363 1424 2522 1470 sese

368 1512 448 1579 in
478 1514 881 1583 cruciatum
910 1513 1062 1585 dari
1099 1532 1439 1613 cuperet,
1471 1516 1649 1589 dum
1679 1514 1772 1589 de
1798 1518 2024 1614 patris
2051 1528 2284 1584 morte
2317 1535 2518 1608 quae-

367 1634 675 1693 teretur.
716 1628 857 1695 Res
888 1648 1109 1721 porro
1153 1624 1284 1697 abs
1330 1640 1401 1697 te
1450 1625 1809 1724 ejusmodi
1861 1623 2390 1725 postulabatur,
2433 1634 2519 1689 ut

366 1728 553 1803 nihil
582 1734 997 1823 interesset,
1030 1750 1281 1817 utrum
1306 1761 1467 1809 eam
1501 1762 1653 1809 rem
1679 1760 2081 1823 recusares,
2110 1759 2204 1805 an
2238 1731 2330 1805 de
2363 1752 2518 1805 mas

362 1838 605 1913 leficio
643 1841 1089 1917 confiterere.

454 1954 633 2044 Quae
666 1978 897 2050 quum
930 1958 1029 2027 ita
1050 1959 1200 2027 sint
1218 2010 1239 2045 ‚
1270 1981 1520 2053 quaero
1551 1956 1682 2029 abs
1713 1973 1822 2046 te,
1853 1978 2076 2055 quam
2100 1955 2200 2027 ob
2225 1976 2512 2025 causam

362 2066 737 2135 recusari&
770 2068 1021 2157 Quum
1058 2066 1417 2145 occiditur
1453 2072 1608 2142 Sex,
1637 2071 1943 2141 Roscius
1970 2122 1990 2155 ,
2033 2063 2308 2137 ibidem
2355 2060 2510 2133 fue·

360 2187 559 2245 runt.
586 2178 843 2246 Servos
868 2177 1092 2273 ipsos,
1114 2175 1317 2273 quod
1348 2176 1441 2247 ad
1469 2201 1586 2249 me
1616 2181 1912 2265 attinet,
1940 2201 2182 2274 neque
2213 2168 2511 2269 argu03,

360 2306 607 2381 neque
632 2308 870 2382 purgo
898 2311 915 2353 ε
946 2285 1150 2383 quod
1182 2310 1225 2365 a
1259 2285 1469 2357 vobis
1499 2286 1642 2357 hoc
1674 2290 1984 2384 pugnari
2013 2284 2227 2357 video
2249 2336 2270 2371 ‚
2303 2308 2396 2387 ne
2426 2284 2504 2350 in

360 2396 840 2490 quaestionem
868 2393 1161 2483 dentur,
1186 2398 1672 2493 suspiciosum
1704 2410 1850 2484 est;
1877 2396 2081 2493 quod
2111 2418 2286 2467 vero
2309 2392 2508 2490 apud

356 2526 491 2575 vos
521 2506 719 2601 ipsos
746 2507 824 2576 in
861 2502 1145 2576 honore
1179 2518 1384 2577 tanto
1418 2519 1630 2594 sunt,
1670 2503 2000 2603 profecto
2038 2527 2330 2575 necesse
2364 2516 2510 2588 est,

356 2616 592 2686 sciant
614 2615 916 2714 aliquid,
938 2615 1142 2713 quod
1168 2619 1228 2688 si
1254 2616 1594 2703 dixerint,
1627 2618 2116 2713 perniciosum
2147 2612 2356 2683 vobis
2385 2609 2504 2681 fu-

356 2738 610 2803 turum
647 2728 759 2799 sit.
800 2730 885 2797 In
932 2726 1321 2801 dominos4
1354 2729 1580 2824 quaeri
1620 2725 1710 2799 de
1749 2728 1972 2797 servis
2005 2712 2344 2823 iniquum
2373 2736 2505 2793 est.

354 2840 568 2908 Anne
606 2834 1004 2933 quaeritur⁵
1022 2838 1051 2909 ?
1092 2840 1249 2907 Sex.
1302 2840 1500 2911 enim
1537 2840 1840 2915 Roscius
1873 2860 2040 2906 reus
2071 2848 2201 2929 est.
2247 2836 2504 2930 Neque

354 2948 555 3017 enim
575 3000 595 3034 ,
620 2970 848 3043 quum
878 2945 967 3017 de
996 2945 1139 3018 hoc
1170 2950 1520 3045 quaeritur
1533 2943 1590 3035 ⁶,
1616 2972 1747 3018 vos
1776 2946 2154 3017 dominos⁷
2200 2968 2356 3015 esse
2397 2941 2504 3013 di·

354 3058 539 3128 citis,
576 3060 761 3129 Cum
789 3054 1265 3155 Chrysogono
1297 3071 1490 3129 sunt.
1527 3061 1636 3131 Ita
1657 3111 1676 3145 ,
1709 3056 1960 3145 cred0,
1993 3057 2219 3127 literis
2246 3078 2501 3125 eorum

353 3180 431 3238 et
466 3164 878 3239 urbanitate
922 3166 1441 3265 Chrysogonus
1467 3166 1784 3257 ducitur,
1807 3183 1894 3240 ut
1921 3170 2113 3239 inter
2139 3190 2311 3237 suos
2350 3188 2506 3235 om-

424 3368 482 3403 n.
516 3356 634 3403 Iste.
672 3356 727 3404 8.
763 3354 1004 3415 Roscius,
1042 3368 1187 3419 quom
1223 3352 1384 3420 digito
1474 3354 1730 3405 dominum
1755 3372 1858 3405 one
1888 3354 2110 3421 negotiu
2155 3368 2244 3401 voe
2269 3368 2388 3401 vero
2417 3352 2502 3403 do-

350 3432 555 3483 indient.
576 3434 767 3499 [agunt
783 3433 983 3497 quidum
1000 3433 1039 3481 is
1056 3444 1117 3483 ee.
1470 3435 1596 3483 mini
1619 3451 1794 3485 eorum
1813 3435 1985 3483 haberi
2003 3448 2107 3482 non
2125 3431 2306 3492 νιιίῑίος
2335 3431 2500 3481 domi-

421 3514 479 3563 v3.
514 3514 707 3579 Argao.
743 3513 918 3563 Pnniri
953 3513 1087 3574 juste
1124 3524 1381 3579 poterant,
1467 3529 1588 3563 num
1627 3530 1780 3563 unum
1807 3513 1970 3562 dicitis
1996 3514 2389 3579 Chrysogonum.

348 3592 517 3657 qnod,
544 3592 749 3642 domino
774 3592 895 3659 ipsiu
909 3594 1229 3657 praesentibu-
1248 3595 1382 3643 ooci-
1540 3595 1592 3643 6.
1609 3595 1688 3641 Du
1711 3592 1804 3642 hoe
1831 3590 2085 3657 quaritur.
2122 3593 2288 3653 Quum
2323 3590 2500 3655 quaeri-

352 3686 587 3737 no,opem
600 3688 705 3721 non
720 3672 965 3721 tulissent.
979 3672 1061 3721 Ad
1074 3674 1287 3733 Div.1v‚
1304 3690 1379 3722 η.
1464 3682 1563 3732 tur,
1583 3674 1724 3734 eujus
1745 3674 1799 3720 in
1827 3683 2070 3737 potestate
2095 3672 2210 3719 sint.

424 3760 477 3809 4.
518 3754 583 3799 In
619 3750 862 3801 ᾰοηιίηοε.
896 3750 1130 3813 objectio
1162 3752 1377 3801 Roscio·
1541 3768 1590 3813 7.
1609 3751 1864 3801 Domitios.
1891 3754 1952 3799 In
1975 3750 2202 3799 dominos
2219 3764 2324 3798 non
2341 3752 2498 3813 quaeri

348 3844 488 3891 rum,
518 3846 616 3895 qm
637 3830 699 3879 de
724 3830 879 3879 nervis
906 3830 962 3879 in
981 3830 1234 3893 dominos,
1258 3830 1311 3880 h.
1330 3849 1375 3881 e.
1464 3834 1534 3881 ait
1563 3832 1764 3891 Cicero,
1797 3831 1958 3895 quia·
1943 3846 1996 3879 m
2023 3846 2160 3879 reum
2187 3832 2398 3894 quaestio
2429 3832 2501 3879 in-

350 3908 405 3957 in
435 3924 487 3957 ιο
520 3918 571 3958 et
600 3910 657 3957 in
684 3910 1067 3973 Chrysogonum
1096 3911 1251 3973 queri
1280 3912 1381 3959 ini·
1466 3910 1701 3970 stituitur,
1728 3925 1836 3958 non
1855 3910 1909 3957 in
1928 3920 2263 3959 accusatores:
2285 3910 2424 3973 atqui
2441 3911 2498 3957 in

349 4003 503 4052 quum
537 4004 641 4036 esse
668 3988 993 4037 contendunt.
1469 3992 1674 4041 Sestum
1693 3988 1848 4053 quari
1873 4003 2020 4052 quem
2049 3986 2304 4037 dominum
2327 3988 2498 4037 Roscii

423 4067 473 4116 5.
499 4070 644 4115 Am
673 4067 946 4133 quaritur?
961 4067 1175 4118 Subaud.
1200 4068 1257 4117 in
1290 4067 1382 4116 do·
1470 4084 1576 4117 non
1621 4068 1855 4117 dionunt.
1893 4068 2070 4132 Neque
2115 4083 2231 4115 nane
2267 4067 2306 4115 si
2341 4065 2500 4115 domi.

352 4146 527 4197 ιιιίιιοσ.
543 4147 799 4210 Quaeritur
821 4148 953 4197 enim
972 4149 1027 4199 in
1047 4164 1183 4199 romu
1199 4184 1215 4211 ,
1235 4164 1383 4215 qm
1470 4165 1617 4209 num,
1643 4158 1702 4199 ut
1727 4147 1848 4198 olim
1875 4148 2032 4198 fuerat
2048 4181 2064 4207 ,
2111 4146 2294 4197 vellent
2321 4146 2465 4195 satori
2480 4182 2498 4211 ,
