2984 4684
848 378 1025 398 mm
1030 376 1108 397 w
1115 374 2343 399 mmmmm-ss*mm
2348 376 2439 397 m

833 602 1759 729 EXCURSUS
1845 606 1908 723 I

659 860 664 868 ·
767 866 892 936 DE
955 866 1046 955 Q.
1101 864 1441 935 ROSCIO
1507 862 1986 933 COMOEDO,

395 1268 477 1351 Q.
511 1266 790 1331 Roscms
825 1264 1084 1331 Gumis
1102 1312 1121 1347 ,
1153 1261 1546 1328 admirabilis
1579 1263 1684 1328 ille
1720 1261 2085 1343 comoedus,
2127 1264 2243 1354 qui
2283 1288 2445 1331 ocu·

299 1374 402 1439 los
419 1421 439 1456 ,
477 1394 695 1455 aures,
721 1370 1105 1458 animosque
1133 1369 1432 1433 omnium
1460 1370 1911 1433 Romanorum
1940 1370 2187 1435 tamdiu
2216 1372 2447 1457 tenuit,

301 1480 388 1545 de
439 1502 574 1569 quo
623 1494 754 1543 tam
811 1477 1014 1542 multa
1052 1493 1119 1541 et
1161 1476 1482 1541 honorate
1527 1494 1593 1541 et
1633 1476 2029 1560 honorifice,
2076 1494 2141 1542 et
2170 1479 2449 1569 graviter
2510 1470 2521 1481 ⁸

301 1586 558 1652 Tullius
599 1586 736 1674 ipse
767 1582 1100 1673 praedicat,
1138 1605 1219 1647 ex
1255 1581 1619 1671 municipio
1652 1582 1778 1647 fuit
1814 1584 2191 1667 Lanuvin03
2226 1601 2447 1669 natus,

301 1708 380 1755 ut
409 1690 686 1773 videtur,
721 1690 888 1754 circa
919 1712 1168 1754 annum
1203 1688 1397 1753 Urbis
1423 1688 1554 1752 620
1578 1704 1692 1752 aut
1724 1686 1883 1772 625,
1914 1686 2450 1779 quandoquidem

299 1796 370 1861 iu
419 1796 716 1861 oratione
755 1818 876 1884 pro
922 1794 1158 1861 Archia
1208 1810 1436 1883 poeta,
1471 1818 1670 1883 quam
1720 1794 1952 1860 habuit
1993 1796 2223 1861 Cicero
2272 1818 2449 1859 anno

299 1902 469 1990 692,
506 1901 744 1991 legitur
778 1923 916 1989 oep.
955 1900 1027 1983 8,
1062 1900 1371 1964 Roscium
1404 1920 1619 1988 nuper
1655 1923 1793 1965 esse
1831 1918 2165 1966 mortuum
2201 1924 2447 1966 senem.

300 2007 511 2071 Aiunt
539 2028 747 2095 puero
782 2004 1019 2069 Roscio
1056 2004 1346 2069 futuram
1385 2004 1741 2071 claritatem
1777 2006 2099 2095 portentis
2134 2030 2449 2096 praenun-

299 2114 527 2177 tiatam
569 2112 788 2175 fuisse.
851 2110 1098 2176 Confer
1147 2110 1179 2173 1
1227 2108 1309 2174 de
1343 2110 1563 2175 Divin.
1599 2134 1736 2201 cap.
1766 2110 1852 2176 36
1875 2160 1893 2194 ‚
1941 2128 2008 2176 et
2038 2112 2135 2193 11,
2167 2136 2307 2201 cap.
2340 2110 2447 2179 31.

300 2219 534 2302 Quum
583 2218 856 2282 Roscius
911 2218 1167 2285 scenico
1216 2216 1488 2282 artificio
1540 2240 1609 2282 se
1659 2214 2063 2302 tradidisset,
2124 2220 2305 2285 brevi
2364 2218 2449 2285 ad

297 2324 550 2412 primos
594 2322 888 2413 pervenit
931 2320 1298 2407 comoedos3
1352 2340 1550 2412 atque
1597 2339 1772 2389 tanta
1832 2324 2205 2390 celebritate
2262 2325 2447 2391 famae

299 2428 524 2495 floruit
543 2477 562 2513 ‚
595 2446 671 2493 ut
720 2430 786 2493 in
844 2450 978 2518 quo
1034 2428 1311 2518 quisque
1357 2428 1629 2493 artificio
1685 2430 2060 2513 excelleret,
2108 2432 2162 2495 is
2212 2430 2281 2495 in
2320 2455 2447 2496 suo

297 2557 540 2623 genere
572 2535 844 2599 Roscius
879 2532 1225 2598 diceretur.
1265 2534 1531 2622 Itaque,
1574 2534 1728 2599 licet
1763 2535 1832 2598 in
1888 2558 2149 2601 scenam
2184 2536 2449 2625 prodire

296 2659 365 2709 et
405 2640 652 2730 populo
683 2663 823 2707 esse
857 2640 1249 2728 spectacu10‚
1280 2638 1455 2729 apud
1475 2642 1804 2704 Romanos
1828 2657 1995 2704 esset
2021 2642 2449 2731 turpitudini3

297 2768 364 2815 et
398 2748 692 2837 quamvis
724 2745 1022 2811 homines
1055 2746 1292 2811 scenici
1314 2744 1714 2810 haberentur
1740 2746 2011 2811 infames
2031 2748 2253 2835 (Corn.
2275 2746 2445 2838 Nep.

296 2854 368 2919 in
401 2852 698 2945 praefat.)‚
721 2852 850 2916 hoc
881 2868 1096 2916 tamen
1131 2850 1464 2915 excellenti
1498 2850 1784 2915 hominis
1808 2851 2032 2916 virtuti
2061 2874 2443 2919 concessum

297 2977 428 3045 est,
466 2975 544 3025 ut
577 2982 613 3023 a
644 2958 934 3023 virorum
979 2956 1174 3020 Urbis
1225 2956 1595 3047 principum
1637 2958 2115 3025 consuetudine
2166 2982 2301 3024 non
2340 2983 2445 3025 re-

298 3080 696 3130 moveretur.
745 3062 828 3146 Q.
863 3062 1173 3126 Roscium
1206 3060 1430 3125 dilexit
1475 3062 1558 3145 Q.
1590 3063 1896 3145 Catulus,
1943 3064 2127 3143 cujus
2172 3064 2241 3129 in
2290 3087 2443 3129 eum

295 3188 398 3235 est
427 3184 782 3233 venustum
818 3189 972 3231 sane
1006 3166 1398 3257 epigramma
1417 3214 1435 3248 ‚
1458 3166 1570 3231 lib.
1605 3167 1636 3231 I
1669 3166 1751 3231 de
1781 3166 1930 3234 Nat.
1956 3168 2152 3233 Deor.
2171 3192 2307 3259 cap.
2337 3170 2441 3237 28.

297 3270 628 3339 Eumdem
663 3271 897 3336 habuit
934 3272 1338 3336 carissimum
1374 3270 1634 3355 Cicer03
1663 3289 1859 3361 atque
1891 3273 2060 3337 inter
2087 3290 2443 3365 utrumque

296 3378 694 3445 familiaritas
727 3375 1204 3443 consuetudine
1237 3376 1617 3465 quotidiana
1649 3379 1741 3442 sic
1776 3380 1902 3443 fuit
1932 3396 2153 3463 aucta,
2179 3397 2256 3446 ut
2280 3382 2447 3449 nihil

295 3500 472 3550 esset
511 3508 588 3549 ea
630 3484 1064 3566 conjunctius.
1119 3483 1347 3547 Cicero
1390 3506 1749 3572 numquam
1778 3534 1797 3566 ‚
1845 3485 1969 3549 nisi
2018 3484 2447 3553 honorificen-

295 3590 548 3655 tissime
575 3612 728 3653 eum
754 3588 1066 3680 appellat,
1100 3587 1236 3653 sive
1269 3588 1400 3652 suis
1433 3588 1500 3652 in
1532 3590 1968 3674 Orationibus,
1999 3592 2131 3656 sive
2162 3592 2232 3656 in
2264 3592 2446 3658 libris

257 3684 270 3697 ’
295 3696 383 3759 de
421 3698 735 3763 Oratore:
768 3694 1085 3783 «Propter
1118 3694 1450 3776 virtutem,
1485 3694 1701 3783 inquit
1732 3719 1854 3784 pro
1890 3686 2203 3782 Quintio,
2232 3721 2287 3763 c.
2324 3698 2446 3784 25,

293 3834 321 3856 ιι
342 3802 526 3865 solus
565 3799 804 3890 dignus
831 3798 1170 3864 videbatur
1205 3822 1343 3864 esse
1375 3800 1650 3865 Roscius
1671 3849 1689 3883 ‚
1734 3802 1849 3889 qui
1886 3802 1971 3867 ad
2000 3827 2259 3869 scenam
2308 3829 2445 3871 non

292 3904 670 3988 accederet3
721 3929 929 3995 quum
977 3904 1206 3969 artifex
1254 3922 1423 3970 esset
1471 3904 1825 3986 ejusmodi,
1885 3924 1959 3971 ut
1994 3910 2171 3973 solus
2207 3910 2446 4001 dignus

297 4011 666 4095 videretur,
695 4011 812 4101 qui
843 4012 912 4075 in
947 4033 1141 4077 scena
1163 4026 1599 4100 spectaretur:
1649 4010 1797 4101 plus
1830 4012 1981 4078 fidei
2023 4032 2222 4103 quam
2251 4018 2405 4082 artis
2427 4062 2447 4097 ,
