2984 4684
709 395 822 468 IN
869 394 958 483 Q.
1013 393 1544 465 CAECILIUM
1591 391 2169 467 DIVINATIO.
2373 422 2507 495 ¹99

372 514 664 589 conaris
689 514 1056 587 evertere}>
1083 538 1214 585 cur
1239 512 1353 585 his
1382 537 1535 585 non
1562 513 1786 586 modo
1814 518 2303 616 persequendi
2328 519 2511 615 juris

373 630 526 717 sui,
555 624 687 699 sed
719 626 935 697 etiam
968 622 1428 723 deplorandae
1454 624 1873 699 calamitatis
1900 625 2155 699 adimis
2195 643 2509 727 potesta-

371 737 573 809 tem?
601 739 786 809 Nam
803 738 862 824 4,
890 750 966 807 te
989 750 1234 807 actore
1253 789 1274 824 ,
1301 759 1521 833 quem
1548 759 1801 809 eorum
1826 734 2231 811 affuturum
2266 755 2476 838 putas
2493 796 2514 831 ,

376 872 566 945 quos
606 846 988 945 intelligis,
1023 870 1178 918 non
1222 860 1310 917 ut
1347 870 1478 944 per
1526 861 1601 921 te
1635 846 1895 936 alium,
1934 848 2063 921 sed
2099 862 2183 922 ut
2216 875 2353 950 per
2384 852 2514 923 ali·

377 981 604 1055 quem
635 971 710 1029 te
743 959 988 1055 ipsum
1026 957 1492 1046 ulciscantur,
1525 954 1951 1031 laborare5?

476 1072 632 1139 VII.
679 1071 774 1140 At
809 1070 1008 1140 enirn
1039 1068 1433 1160 solum1jd
1479 1083 1632 1158 est,
1675 1085 1763 1143 ut
1792 1095 1911 1143 me
1952 1071 2173 1143 Siculi
2204 1075 2517 1147 maxime

377 1176 604 1250 velint
648 1206 664 1250 τ
723 1178 1032 1251 alterum
1076 1178 1284 1264 illud,
1335 1180 1597 1265 credo,
1651 1180 2046 1255 obscurum
2098 1196 2243 1271 est,
2276 1208 2319 1255 a
2364 1210 2519 1283 quo

375 1293 639 1361 Verres
668 1290 966 1361 minime
991 1312 1072 1363 se
1101 1296 1420 1365 accusari
1455 1291 1651 1364 velit.
1684 1294 1949 1389 Ecquis
1986 1315 2338 1390 umquam
2370 1308 2519 1366 tam

379 1400 618 1498 palam
651 1400 744 1472 de
773 1398 1096 1493 honore,
1123 1416 1272 1473 tam
1303 1400 1778 1475 vehementer
1811 1401 1903 1475 de
1936 1401 2167 1475 salute
2194 1424 2321 1475 sua
2348 1427 2524 1476 con-

381 1509 646 1597 tendit,
681 1535 901 1608 quam
939 1511 1090 1600 ille,
1127 1524 1348 1609 atque
1389 1510 1583 1585 illius
1609 1512 1861 1599 amici,
1896 1526 1981 1583 ut
2014 1536 2111 1584 ne
2146 1511 2300 1584 haec
2344 1513 2523 1585 mihi

381 1620 645 1693 delatio
686 1621 946 1693 detur?
993 1627 1180 1695 Sunt
1233 1620 1492 1711 multa,
1531 1646 1697 1720 quae
1726 1625 1991 1695 Verres
2024 1622 2111 1693 'in
2150 1646 2269 1694 me
2293 1631 2324 1665 ⁸
2368 1646 2525 1695 esse

379 1729 798 1821 arbitratur,
847 1756 1012 1829 quae
1055 1737 1192 1805 scit
1229 1733 1308 1804 in
1344 1744 1448 1819 te,
1500 1734 1593 1821 Q.
1618 1730 1885 1821 Caecili,
1930 1756 2084 1804 non
2122 1756 2324 1805 esse:
2362 1757 2525 1831 quae

381 1841 790 1936 cujusmodi
813 1846 888 1913 in
920 1858 1233 1941 utroque
1269 1855 1601 1915 nostrum
1632 1843 1816 1933 sint,
1846 1843 2091 1941 paullo
2127 1858 2293 1941 post
2320 1867 2523 1916 com-

381 1950 826 2025 memorabo
870 1955 1084 2026 Nunc
1131 1966 1413 2025 tantum
1467 1952 1545 2025 id
1581 1952 1851 2043 dicam,
1896 1953 2100 2053 quod
2141 1956 2401 2026 tacitus
2438 1968 2524 2029 tu

381 2061 566 2133 mihi
604 2063 992 2135 assentiare
1022 2092 1040 2136 ε
1073 2063 1351 2136 nullam
1393 2088 1553 2137 rem
1606 2070 1685 2159 in
1730 2086 1845 2135 me
1890 2089 2085 2155 esse,
2139 2088 2359 2163 quam
2404 2066 2524 2138 ille

383 2186 844 2263 contemnat;
898 2173 1173 2245 nullam
1209 2174 1288 2245 in
1325 2190 1436 2264 te,
1481 2200 1705 2273 quam
1740 2179 2225 2273 pertimescat.
2265 2180 2524 2274 Itaque

382 2306 688 2379 magnus
705 2284 826 2355 ille
848 2281 1234 2356 defensor-³
1259 2282 1631 2358 et‘amicus
1654 2286 1811 2381 ejus
1828 2284 1967 2356 tibi
1988 2284 2447 2385 [Hortensius
2462 2282 2523 2385 ⁴]

386 2391 843 2491 suffragatur,
874 2418 994 2465 me
1031 2410 1443 2493 oppugnat3
1473 2408 1725 2493 aperte
1761 2393 1854 2467 ab
1886 2394 2257 2490 judicibus
2302 2396 2529 2493 petit,

389 2517 474 2575 ut
509 2517 592 2575 tu
631 2503 811 2573 mihi
846 2518 1338 2601 anteponare;
1375 2519 1449 2577 et
1477 2508 1612 2593 ait,
1668 2504 1812 2575 hoc
1846 2528 1923 2575 se
1973 2502 2324 2594 honeste,
2374 2510 2531 2575 sine

386 2613 532 2685 ulla
555 2612 860 2700 invidia,
896 2636 979 2684 ac
1014 2616 1169 2685 sine
1197 2613 1345 2687 ulla
1369 2612 1775 2687 offensione
1799 2612 2263 2686 contendere.
2302 2644 2337 2679 α
2357 2620 2525 2689 Non

388 2754 423 2789 α
451 2725 684 2813 enim,
734 2724 1012 2822 inquit,
1051 2722 1232 2795 illud
1279 2739 1492 2822 pet0,
1532 2722 1735 2820 quod
1770 2720 2003 2810 solen,
2036 2748 2262 2821 quum
2313 2724 2533 2797 vehe-

388 2864 426 2901 α
450 2836 769 2907 mentius
787 2829 816 2877 ⁵
847 2832 1235 2921 contendi,
1282 2836 1707 2932 impetrare,
1751 2854 1922 2903 reus
1968 2846 2055 2903 ut
2086 2831 2531 2921 absolvatur,

389 3018 570 3083 quibus
588 3032 693 3066 non
719 3016 874 3078 favet,
903 3019 1092 3083 qnippe
1108 3016 1278 3067 Verris
1297 3018 1418 3069 ami-
1504 3020 1569 3065 V.
1593 3020 1653 3065 1..
1688 3042 1761 3055 -
1791 3014 1973 3065 Solum.
2008 3016 2083 3065 Ex
2112 3014 2309 3065 duobus
2342 3032 2453 3082 qna!
2479 3020 2535 3067 in

391 3114 502 3157 cns,
527 3112 690 3162 noque
707 3128 724 3158 ,
752 3098 796 3145 ti
821 3098 1031 3145 maxima
1052 3096 1190 3158 volit,
1213 3106 1420 3163 propter
1504 3104 1789 3145 accusatore
1805 3094 2137 3158 requiruntur,
2154 3094 2253 3143 hoc
2275 3098 2331 3143 in
2356 3112 2435 3145 mc
2458 3112 2537 3145 ao-

393 3177 678 3227 oennitatem
703 3188 930 3243 pra-tara
949 3178 1216 3241 quidquam
1239 3179 1416 3243 possit.
1503 3176 1609 3225 lum
1642 3185 1715 3223 eat
1750 3186 1801 3224 ct
1826 3175 2095 3239 singulare,
2119 3186 2179 3224 nt
2208 3190 2291 3224 me
2326 3176 2533 3226 maxime

462 3263 516 3313 4.
537 3258 910 3307 Graan-nest.
923 3272 1040 3304 num
1051 3255 1254 3305 habent.
1267 3256 1416 3305 Malo.
1505 3255 1663 3305 velint
1702 3254 1874 3303 Siculi.
1912 3256 2061 3304 Nune
2102 3265 2262 3304 antem
2305 3254 2533 3307 absoluto

393 3337 526 3385 Nam
551 3336 760 3385 refertur
790 3334 852 3384 ad
882 3335 1106 3401 proxime
1129 3334 1420 3385 anteceden-
1508 3333 1764 3383 divisionis
1780 3348 1885 3382 uno
1908 3334 2153 3394 nembro,
2174 3344 2349 3383 auctor
2367 3351 2536 3401 aggra-

397 3414 476 3464 tia.
515 3414 770 3464 Nolcbant
794 3415 928 3463 anim
963 3414 1116 3463 Siculi
1145 3416 1199 3463 in
1227 3414 1420 3476 iudicio
1508 3413 1645 3462 ditur
1668 3412 1888 3462 alterum.

395 3494 592 3553 adea-a,
626 3504 678 3542 ct
711 3494 1033 3543 calamitatem
1069 3510 1206 3542 snam
1246 3492 1420 3558 deplo—
1578 3508 1635 3542 a.
1662 3495 1723 3541 In
1752 3506 1845 3542 me.
1878 3494 2096 3540 Honesta
2134 3500 2209 3539 eat
2242 3489 2535 3556 fignificatio

396 3589 522 3633 rare,
546 3574 590 3622 αἱ
615 3573 860 3622 nminem
890 3574 1038 3621 alium
1053 3608 1069 3632 ,
1104 3588 1252 3637 quam
1271 3573 1422 3624 Θυά-
1508 3586 1611 3622 aaa·
1628 3572 1683 3619 in
1706 3570 1903 3635 agendo
1928 3569 2043 3619 fidei
2066 3584 2125 3617 ao
2151 3570 2411 3619 facultatis.

393 3652 516 3702 lium
545 3664 761 3702 actorem
789 3668 946 3702 canan
976 3667 1078 3701 sun
1102 3652 1280 3701 habore
1303 3668 1422 3717 poa-
1582 3648 1633 3701 3.
1668 3652 1883 3716 Magnus
1916 3648 1999 3697 illo
2031 3645 2273 3713 defensor.
2306 3653 2537 3701 Fanocna

395 3741 527 3780 aaut.
1507 3728 1593 3778 me
1614 3744 1869 3777 cansarum
1892 3738 2157 3792 patronus,
2184 3730 2265 3776 cui
2290 3729 2424 3779 nulla
2448 3730 2537 3780 de·

465 3810 516 3860 5.
533 3810 803 3861 Labor-are.
827 3809 1058 3875 Aliquem
1079 3824 1313 3874 quarere,
1332 3809 1419 3874 qui
1503 3810 1743 3860 &usionis
1768 3810 1897 3857 ratio
1920 3809 2119 3859 videtur
2147 3810 2333 3875 iniqua.

393 3898 446 3937 tc
467 3888 688 3953 castiget.
1576 3898 1627 3946 4.
1646 3888 1802 3939 Abest
1826 3904 1855 3937 a
1879 3887 2017 3937 libris
2043 3890 2325 3953 nonnullis,
2347 3891 2535 3941 omisit·

463 3969 584 4016 vn.
620 3982 666 4017 1.
693 3964 876 4017 Scht'ita
893 4002 908 4027 ,
943 3968 1148 4015 Hotom.
1170 3976 1222 4015 ct
1251 3967 1419 4016 Lmb.
1508 3984 1605 4035 qne
1622 3968 1863 4017 Gravius.
1879 3969 2006 4019 LV.
2030 3971 2084 4017 1..

397 4044 603 4095 ducibus
617 4081 634 4106 ,
663 4046 882 4113 praetulit
905 4046 1134 4097 solidum.
1154 4046 1338 4096 Ncacio
1355 4062 1420 4096 an
1584 4048 1631 4097 5.
1656 4046 1993 4096 Vehementius
2008 4048 2252 4097 contendi.
2278 4049 2541 4098 Vehemen-

397 4125 550 4175 Ιιίιιιίο
580 4142 748 4204 amore
782 4127 1026 4175 inunitam
1054 4126 1334 4176 locutionis.
1369 4128 1423 4177 J.
1512 4126 1607 4175 eine
1622 4126 1917 4175 concauam
1934 4128 1985 4176 h.
2008 4128 2042 4179 l.
2074 4138 2125 4177 ot
2150 4130 2203 4177 in
2220 4144 2307 4178 om
2326 4128 2539 4178 Homn-
