2984 4684
769 367 884 438 IN
935 364 1374 434 VERREM
1421 363 1798 448 Ac'r.11‚
1849 365 2037 432 Lm.
2084 368 2184 434 11.
2400 367 2543 461 473
2600 335 2605 341 ’

402 492 799 585 Syracusas.
842 483 1219 582 Flagrabat
1258 483 1523 555 domus
1566 499 1721 555 tota
1760 489 2095 582 praetoria
2130 485 2371 558 studio
2411 488 2549 560 ho-

403 601 685 670 minum
735 612 810 669 et
855 595 1247 694 cupiditate
1282 621 1298 664 ε
1335 619 1474 666 nec
1520 597 1822 684 mirum,
1853 595 2197 668 omnibus
2240 599 2549 670 comitiis

405 724 512 781 tot
565 710 936 780 civitatum
995 731 1214 779 unam
1265 707 1342 776 in
1395 703 1701 776 domum
1756 707 2109 778 revocatis
2130 760 2151 795 ‚
2205 701 2555 807 tantaque

399 817 798 890 ambitione
843 817 1230 916 provinciae
1274 816 1501 888 totius
1536 818 1613 886 in
1657 840 1811 887 uno
1863 814 2204 889 cubiculo
2253 819 2550 892 inclusa.

399 931 786 1027 Exquisitis
822 928 1058 1028 palam
1096 928 1386 1027 pretiis,
1435 940 1509 998 et
1545 924 2064 997 licitationibus
2103 925 2309 998 factis
2323 925 2382 1017 ⁶,
2422 927 2549 1000 de-

401 1038 766 1112 scribebat
817 1063 1156 1116 censores
1190 1036 1408 1109 binos
1457 1039 1534 1108 in
1572 1037 1889 1136 singulas
1925 1037 2245 1110 civitates
2276 1041 2552 1111 Timar-

401 1150 672 1222 chides.
713 1153 781 1220 Is
833 1175 970 1220 suo
1000 1146 1252 1222 labore
1275 1202 1295 1235 ,
1340 1149 1639 1244 suisque
1678 1146 2213 1220 accessionibus
2233 1161 2287 1237 ⁷,
2334 1148 2555 1245 hujus

403 1261 678 1359 negotii
736 1275 958 1357 atque
1007 1262 1252 1358 operis
1303 1259 1637 1330 molestia
1677 1256 2287 1354 consequebatur,
2336 1273 2423 1330 ut
2464 1259 2552 1329 ad

402 1373 655 1459 istum,
695 1372 851 1441 sine
899 1369 1042 1441 ulla
1075 1366 1563 1441 sollicitudine
1586 1422 1605 1455 ‚
1658 1392 1943 1439 summa
1982 1371 2293 1466 pecunia
2330 1363 2552 1441 refer·

401 1495 624 1552 retur.
648 1483 686 1550 J
687 1502 804 1550 am
823 1477 942 1550 hic
961 1476 1452 1549 Timarchides
1473 1492 1827 1575 quantam
1858 1479 2245 1576 pecuniam
2266 1477 2553 1568 fecerit,

403 1592 616 1690 plane
661 1589 900 1662 adhuc
946 1612 1384 1686 cognoscere
1427 1614 1583 1659 non
1621 1590 2005 1686 potuistis:
2050 1605 2554 1662 verumtamen

404 1704 646 1800 priore
687 1701 972 1771 actione
997 1754 1016 1788 ,
1057 1723 1278 1796 quam
1303 1701 1537 1785 varie,
1570 1723 1793 1796 quam
1828 1698 2162 1798 improbe
2193 1700 2553 1799 praedatus

402 1826 625 1899 esset,
664 1810 1067 1882 multorum
1111 1834 1200 1881 ex
1235 1809 1668 1880 testimoniis
1710 1811 2167 1906 cognovistis.

497 1926 679 1994 LIV.
719 1920 860 1994 Sed
893 1945 987 1992 ne
1012 1920 1411 2007 miremini,
1438 1944 1587 2017 qua
1604 1923 1887 1992 ratione
1913 1920 2029 1992 hic
2054 1935 2333 1992 tantum
2356 1921 2552 2019 apud
2657 1966 2671 1978 =

397 2037 619 2104 istum
651 2030 952 2104 libertus
983 2035 1340 2130 potuerit,
1374 2055 1737 2128 exponam
1765 2030 1975 2103 vobis
2000 2030 2342 2119 breviter,
2372 2033 2555 2130 quid

401 2141 718 2212 hominis
760 2142 897 2213 sit:
935 2155 1020 2212 ut
1068 2155 1140 2212 et
1172 2141 1380 2212 istius
1412 2144 1850 2238 nequitiam,
1894 2143 2022 2240 qui
2065 2141 2273 2214 illum
2309 2168 2553 2215 secum

402 2251 739 2323 habuerit
760 2306 780 2341 ‚
818 2278 905 2324 eo
942 2255 1335 2350 praesertim
1367 2275 1678 2323 numero
1724 2277 1809 2323 ac
1841 2252 2050 2341 loco,
2078 2267 2151 2324 et
2194 2253 2553 2325 calamita-

403 2379 549 2436 tem
592 2366 982 2463 provinciae
1025 2365 1498 2460 cognoscatis.
1536 2367 1622 2432 In
1661 2363 2052 2433 mulierum
2089 2365 2557 2462 corruptelis,

402 2489 478 2544 et
511 2475 591 2544 in
631 2474 834 2544 omni
885 2471 1244 2567 ejusmodi
1275 2471 1563 2542 luxuria
1600 2485 1821 2568 atque
1859 2474 2187 2568 nequitia
2209 2528 2228 2560 ,
2282 2477 2553 2545 miran-

403 2583 583 2656 dum
630 2585 710 2653 in
758 2579 1060 2654 modum
1117 2579 1575 2678 reperiebam
1627 2580 1827 2652 hunc
1874 2581 2403 2654 Timarchidem
2464 2584 2554 2655 ad

403 2695 609 2767 istius
659 2692 1042 2790 flagitiosas
1100 2690 1436 2763 libidines
1496 2692 2090 2789 singularemque
2150 2697 2553 2790 nequitiam

403 2821 658 2878 uatum
691 2820 910 2901 atque
946 2818 1198 2902 aptum
1234 2799 1500 2891 fuisse3
1544 2803 2016 2898 investigare,
2044 2802 2280 2888 adire,
2308 2807 2556 2903 appel-

404 2917 585 3020 lare,
618 2939 1130 3012 corrumpere,
1169 2911 1462 3012 quidvis
1493 2910 1787 2985 facere
1769 2939 1845 2984 ln
1892 2913 2255 3040 ejusmodi
2300 2916 2555 3003 rebuS,

403 3033 736 3124 quamvis
784 3025 1076 3112 callide,
1123 3029 1456 3124 quamvis
1509 3024 1889 3113 audacter,
1936 3029 2264 3122 quamvis
2310 3030 2557 3126 impu-

404 3136 707 3209 denter:
771 3137 1112 3210 eumdem
1169 3137 1350 3207 mira
1396 3133 1729 3232 quaedam
1772 3141 2249 3234 excogitasse¹
2294 3163 2556 3234 genera
2635 3179 2646 3186 -

403 3244 732 3319 furandi:
773 3273 942 3321 nam
970 3250 1212 3346 ipsum
1227 3251 1602 3334 Verrem²,
1636 3261 1919 3318 tantum
1949 3250 2239 3318 avaritia
2268 3272 2557 3348 semper

419 3473 428 3482 ·
475 3446 526 3493 6.
553 3443 1101 3510 Lioieationibusfaeeis.
1121 3447 1296 3496 Auctis
1320 3445 1434 3497 aeil.
1522 3446 1585 3495 ad
1594 3451 1824 3508 Vei-mm,
1845 3449 1949 3496 aine
1964 3447 2061 3495 ulla
2075 3447 2296 3496 molestia
2309 3483 2323 3508 ,
2346 3451 2553 3511 pecunia

402 3524 614 3573 subinde
656 3523 854 3589 pretiis,
888 3525 952 3572 ab
989 3526 1048 3573 iis
1085 3528 1174 3590 qui
1197 3537 1432 3590 praetura·
1524 3526 1718 3574 rediret.

403 3603 761 3652 mercabantur.
783 3627 852 3640 —-
878 3604 1220 3662 Desa-vibent,
1257 3606 1434 3670 partie·
1594 3607 1722 3655 LIV.
1762 3621 1807 3655 1.
1846 3605 1995 3669 vulg.
2035 3605 2334 3668 excogitare.
2370 3607 2553 3656 Omnes

405 3683 571 3732 batnr.
1522 3684 1738 3749 probant
1764 3687 1953 3734 Ernest.
1980 3685 2397 3745 emendationem,
2416 3690 2555 3751 qnod

482 3779 529 3825 7.
569 3763 768 3812 Nannio
803 3764 956 3828 magia
997 3764 1219 3828 placebat
1259 3781 1431 3814 accen·
1520 3765 1583 3814 ad
1607 3765 1941 3815 antecedentia
1964 3767 2182 3814 refertur.

405 3843 636 3892 sionibus.
657 3845 890 3907 Ignotum
905 3843 1124 3893 verbum.
1146 3845 1196 3894 J.
1213 3847 1278 3895 V.
1302 3847 1430 3894 L.-
1592 3860 1641 3894 a.
1666 3847 1831 3911 Ipsum
1862 3849 2075 3893 Verrem.
2108 3845 2233 3893 Nam
2260 3847 2436 3894 Verres
2461 3848 2551 3896 im-

405 3925 586 3972 Son-m
606 3934 716 3972 eat:
744 3923 1077 3972 Timarchides
1095 3925 1320 3973 homine·
1344 3925 1430 3974 ad·
1522 3927 1649 3973 mani
1692 3935 1883 3974 tantum
1927 3935 1976 3972 et
2018 3922 2083 3972 ad
2135 3925 2351 3990 predam
2386 3924 2553 3974 hiante

403 4002 572 4051 eundo
587 4039 600 4062 ‚
622 4002 918 4068 appellando
933 4037 947 4062 ,
982 4003 1226 4052 molestias
1261 4019 1430 4053 omnes
1518 4007 1717 4055 avaritia
1756 4017 1929 4064 notua,
1961 4005 2083 4054 nihil
2131 4007 2181 4053 in
2228 4007 2371 4054 furtis
2414 4008 2551 4070 inge-

403 4081 500 4130 sibi
526 4085 612 4131 nni
639 4083 928 4133 insumendo
949 4085 1353 4150 consequebatur,
1373 4095 1430 4134 ut
1517 4087 1657 4137 nioae
1676 4087 1952 4154 excogitare
1972 4096 2191 4152 poterat,
2212 4096 2385 4152 utpote
2406 4085 2555 4136 hebes
