2984 4684
794 398 911 469 IN
958 399 1383 470 VERREM
1425 402 1750 472 ACTIO
1799 402 2151 472 PRIMA.
2403 406 2545 501 275

506 522 762 593 XVIII.
800 518 983 591 Mihi
1012 534 1295 592 certum
1332 536 1444 593 est
1466 546 1619 595 non
1655 524 2149 611 committere,
2185 538 2270 595 ut
2300 528 2374 596 in
2409 527 2547 600 hac

406 654 623 705 causa
639 643 905 730 praetor
922 628 1137 702 nobis
1152 631 1688 730 consiliumque
1706 642 1729 677 ¹
1764 648 2107 705 mutetur.
2127 636 2297 707 Non
2312 642 2547 735 patiar

410 766 563 815 rem
598 744 679 813 in
711 740 790 811 id
826 756 1115 839 tempus
1155 739 1324 813 duci
1340 752 1397 831 ²,
1438 756 1523 814 ut
1553 744 1806 831 Siculi,
1842 768 2034 842 quos
2071 744 2314 818 adhuc
2357 752 2544 821 servi

408 853 951 951 designatorum
992 853 1379 924 consulum
1418 877 1575 925 non
1623 868 2014 927 moverunt
2027 852 2084 943 ³,
2135 882 2370 954 quum
2421 884 2548 933 eos

408 988 605 1037 novo
638 962 977 1061 exemplo
998 966 1374 1035 universos
1398 979 1874 1049 arcesserent,
1899 990 2026 1037 eos
2055 979 2216 1037 tum
2253 966 2546 1042 lictores

408 1073 793 1147 consulum
831 1088 1134 1163 vocent3
1168 1088 1255 1145 ut
1292 1073 1628 1148 homines
1660 1077 1940 1163 miseri,
1981 1091 2194 1147 antea
2229 1080 2405 1149 socii
2434 1094 2544 1151 at·

406 1210 555 1283 que
585 1187 795 1257 amici
824 1184 1079 1285 populi
1105 1189 1425 1273 romani,
1440 1208 1643 1258 nunc
1669 1188 1857 1259 servi
1877 1210 1964 1258 ac
1985 1186 2375 1286 suppliceS,
2391 1215 2544 1262 non

408 1294 631 1369 modo
665 1296 787 1392 jus
838 1320 1055 1367 suum
1097 1293 1576 1395 fortunasque
1627 1320 1884 1369 omnes
1928 1322 2185 1369 eorum
2237 1300 2550 1397 imperio

408 1410 742 1478 amittant
757 1460 777 1495 ‚
800 1429 1061 1479 verum
1085 1406 1301 1477 etiam
1320 1404 1753 1504 deplorandi
1773 1406 1958 1503 juris
1981 1409 2096 1478 sui
2115 1421 2551 1505 potestatem

410 1540 563 1587 non
576 1514 912 1588 habeant.
927 1518 1097 1588 Non
1116 1518 1350 1586 sinam
1376 1512 1734 1613 profecto,
1755 1538 1969 1588 causa
1991 1541 2033 1588 a
2052 1540 2170 1589 me
2191 1534 2551 1616 perorata,

409 1626 883 1725 quadraginta
911 1624 1173 1697 diebus
1186 1630 1219 1680 4
1257 1628 1708 1723 interpositis
1727 1680 1748 1715 ,
1787 1638 1950 1697 tum
1983 1625 2198 1699 nobis
2227 1626 2555 1729 denique

410 1734 930 1835 respondeant,
986 1759 1221 1833 quum
1258 1736 1626 1808 accusatio
1685 1750 1934 1809 nostra
1986 1738 2066 1807 in
2107 1736 2556 1813 oblivionem

410 1846 885 1919 diuturnitate
916 1844 1229 1918 adducta
1254 1849 1391 1918 sit:
1424 1868 1582 1917 non
1615 1849 2064 1918 committam
2083 1900 2102 1935 ,
2124 1860 2210 1917 ut
2241 1861 2400 1919 tum
2439 1874 2556 1923 res

404 1956 795 2051 judicetur,
838 1979 1071 2052 quum
1116 1954 1271 2027 haec
1310 1950 1769 2052 frequentia⁵
1809 1958 2038 2029 totius
2070 1956 2290 2029 Italiae
2320 1962 2558 2031 Roma

410 2066 865 2154 discesserit3
938 2088 1103 2163 quae
1176 2070 1524 2138 convenit
1589 2090 1747 2138 uno
1816 2080 2148 2165 tempore
2224 2064 2556 2167 undique

410 2178 875 2249 comitiorum
894 2229 916 2263 ,
982 2170 1417 2264 ludorumss,
1466 2175 1964 2274 censendique
2022 2202 2256 2251 causa.
2325 2183 2558 2277 Hujus

402 2286 661 2381 judicii
680 2296 707 2340 ⁷
748 2300 823 2357 et
856 2282 1089 2356 laudis
1116 2282 1480 2375 fructum,
1527 2300 1601 2358 et
1641 2284 2068 2359 offensionis
2112 2290 2518 2387 periculum
2536 2346 2558 2379 ,

408 2412 727 2468 vestrum
743 2421 764 2483 3
788 2393 1147 2483 laborem,
1162 2394 1882 2493 sollicitudinemque
1903 2451 1924 2484 ,
1941 2413 2298 2489 nostram;
2327 2404 2560 2475 scien·

412 2510 588 2577 tiam
608 2560 629 2596 ,
656 2503 839 2603 quid
868 2518 1146 2603 agatur,
1172 2508 1784 2604 memoriamque,
1820 2503 2002 2603 quid
2037 2531 2078 2577 a
2110 2531 2409 2606 quoque
2447 2508 2558 2581 di-

315 2679 322 2687 .
412 2632 611 2689 ctum
662 2616 793 2704 sit,
839 2616 1175 2686 omnium
1223 2628 1409 2713 puto
1459 2640 1614 2688 esse
1656 2630 2020 2714 oportere.
2076 2618 2358 2688 Faciam
2417 2618 2561 2693 hoc

416 2838 427 2845 “
482 2848 675 2898 xvm.
710 2861 759 2895 ι.
788 2834 1073 2897 consilium.
1100 2845 1303 2897 Judioe·
1329 2862 1439 2895 mu-

414 2938 593 2977 tentur.
612 2924 765 2989 Quod
789 2935 953 2990 eperat
963 2924 1159 2974 Verres.

486 3024 539 3057 a.
586 3008 713 3057 MSS
760 3006 962 3056 adduci.
1010 3008 1293 3071 Sequuntur
1339 3006 1439 3058 fere

413 3104 547 3136 nunc
585 3086 975 3135 emendationem
1010 3084 1253 3135 Gronovii
1264 3118 1283 3148 ,
1315 3084 1437 3137 Oba.

415 3170 483 3228 V,
500 3184 581 3223 ια.
601 3168 843 3233 scriptam
870 3180 1031 3217 tamen
1057 3170 1322 3219 lectionem
1345 3182 1442 3216 ser-

416 3249 549 3297 vavit
570 3248 799 3299 Beckins.
822 3249 871 3297 J.
886 3249 950 3296 V.
970 3250 1027 3298 1..

491 3329 539 3377 3.
566 3328 679 3376 Non
718 3340 987 3379 moverunt.
1014 3328 1133 3379 Non
1173 3328 1441 3378 Hortensio

418 3420 683 3471 paruerunt
711 3408 799 3473 qui
821 3424 907 3455 eo·
932 3408 1205 3457 arcessebat
1227 3424 1319 3473 per
1342 3422 1443 3455 eet·-

415 3503 509 3535 vos
531 3501 546 3537 :
588 3504 701 3537 nam
722 3488 947 3537 consules
968 3476 1199 3536 lictorum
1218 3488 1328 3551 jus,
1348 3486 1445 3535 nisi

417 3568 545 3617 inito
571 3568 857 3633 magistratu
870 3604 885 3629 ,
910 3584 1015 3617 non
1040 3568 1304 3618 habebant.
1326 3566 1444 3615 Vid.

419 3664 529 3712 sup.
558 3664 603 3697 c.
634 3664 683 3711 9.
722 3647 855 3696 Nota
877 3663 1051 3696 vocem
1076 3646 1229 3695 Siculi
1248 3660 1277 3695 u
1308 3646 1447 3695 nullo

419 3726 571 3775 verbo
596 3726 810 3793 pendere
823 3762 838 3788 ,
864 3728 933 3776 ita
960 3738 1017 3776 ut
1040 3728 1107 3775 sit
1130 3726 1446 3775 insolentius:

418 3809 641 3869 quamvis
676 3806 917 3871 exemplis
944 3821 1047 3854 non
1071 3816 1229 3854 careat
1254 3805 1352 3853 tale
1377 3804 1449 3853 di-

420 3884 565 3933 cendi
604 3902 785 3950 genus,
816 3896 866 3934 et
902 3885 999 3934 hoc
1026 3887 1293 3950 praesertim
1331 3885 1447 3933 loco

420 3963 701 4031 planissime
730 3981 845 4013 cum
869 3964 1024 4013 altero
1049 3963 1271 4013 membro
1298 3962 1449 4012 homi-

422 4058 510 4090 nes
536 4044 700 4092 miseri
718 4044 877 4109 possit
900 4043 1154 4107 conjungi.

496 4130 545 4179 4.
573 4124 662 4171 XL
690 4124 873 4173 diebus.
914 4122 1032 4171 vid.
1069 4140 1179 4188 sup.
1220 4140 1327 4189 cap.
1366 4140 1453 4187 10,

424 4204 807 4253 constructionis
830 4202 1125 4269 exemplum.

1600 2846 1652 2895 5.
1675 2848 1796 2895 Haec
1805 2846 2100 2913 frequentia
2127 2847 2274 2896 totius
2298 2848 2491 2898 ltalia.
2505 2884 2522 2901 .
2535 2888 2548 2900 .

1528 2925 1863 2990 censendique
1895 2941 2062 2975 causa.
2101 2927 2226 2990 Quae
2255 2944 2317 2977 ex
2353 2930 2568 2979 munici-

1525 3006 1622 3071 piis
1664 3005 1800 3053 venit
1818 3039 1834 3066 ,
1872 3004 2218 3069 suffragiorum
2261 3022 2432 3067 musa,
2471 3022 2560 3059 aut

1526 3094 1732 3150 propter
1750 3084 1926 3149 ludos,
1965 3095 2053 3134 aut
2077 3094 2134 3133 ut
2169 3086 2304 3150 apud
2331 3102 2559 3139 censores

1527 3176 1797 3216 censeatur.
1813 3164 1944 3213 Vide
1965 3164 2202 3213 Iudicem.

1601 3244 1984 3293 &ludio-iorum.
1997 3248 2064 3294 At
2087 3245 2313 3295 ludorum
2331 3248 2566 3297 exmo-

1527 3325 1632 3376 m'o.
1654 3328 1704 3375 J.
1715 3327 1781 3375 V.
1801 3330 1860 3376 1..

1605 3422 1657 3469 7.
1687 3406 1848 3471 Hujus
1869 3403 2067 3471 judicii.
2107 3406 2288 3455 Sensus
2328 3392 2448 3457 est:
2478 3406 2561 3455 Ad

1531 3501 1622 3535 vos
1655 3486 1904 3551 perveniet
1941 3502 2006 3534 ex
2037 3484 2135 3534 hoc
2159 3484 2352 3548 judicio
2371 3485 2566 3533 fructus

1534 3564 1693 3615 laudis
1705 3599 1722 3625 ,
1736 3566 1778 3613 si
1802 3575 2074 3627 recte31ut
2093 3564 2262 3613 odium
2282 3575 2334 3613 et
2349 3564 2564 3613 offensio
2631 3570 2634 3575 '

1533 3644 1762 3711 populi,·
1783 3646 1825 3693 ni
1861 3661 2013 3710 prave
2046 3643 2408 3707 judicantium
2441 3645 2564 3693 mihi

1533 3724 1776 3773 incumbit
1801 3724 1940 3773 labor
1973 3735 2024 3773 et
2051 3722 2336 3774 sollicitudo
2358 3723 2564 3791 hujusce

1535 3804 1886 3863 accusationum
1925 3802 2014 3852 ced
2047 3814 2173 3867 puto
2209 3814 2440 3867 oportere
2453 3838 2470 3863 ,
2509 3814 2571 3853 ut

1537 3882 1644 3932 haec
1669 3880 1936 3931 multitudo
1972 3883 2098 3931 sciat
2134 3898 2244 3946 quae
2271 3898 2414 3931 canna
2452 3898 2564 3947 ega—

1539 3974 1640 4022 tur‚
1662 3972 1712 4010 et
1729 3961 1964 4009 memoria
1985 3972 2166 4025 teneat,
2183 3961 2306 4027 qnid
2320 3978 2346 4010 ι
2363 3978 2566 4027 quoque

1539 4052 1664 4091 teste
1683 4042 1868 4091 dictum
1894 4041 2061 4090 fixerit.
2084 4041 2168 4089 Ad
2197 4042 2390 4106 alngnla
2415 4058 2571 4089 mem-

1541 4121 1630 4169 bra
1645 4120 2034 4173 subaudiendum
2047 4131 2121 4171 est
2132 4157 2149 4184 ,
2157 4132 2284 4189 puto
2307 4136 2404 4169 esse
2421 4136 2573 4185 opor-

1545 4212 1664 4249 tere.

2275 4311 2298 4356 1
2319 4286 2381 4355 8.
2431 4284 2446 4299 ’
