2984 4684
459 308 604 394 1088
1111 312 1206 379 M.
1258 312 1333 380 T.
1389 311 1945 382 CICERONIS

423 521 430 532 Β
455 431 596 502 rias
612 484 633 519 ‚
653 445 738 502 ut
763 429 994 504 multo
1027 429 1408 518 maluerint
1431 429 1525 502 de
1546 453 1683 504 suo
1702 423 1941 503 more⁸
1960 413 2347 518 decedere,
2360 451 2581 524 quam

457 536 550 612 de
585 539 730 610 tuis
769 537 1096 610 moribus
1131 563 1286 610 non
1321 539 1607 638 dicere?
1658 536 2171 612 Confitendum
2218 551 2329 610 est
2362 539 2587 635 igitur

459 648 594 722 tibi
627 653 1028 724 necessario
1042 703 1064 737 ,
1099 649 1376 724 Siculos
1419 651 1749 724 inimicos
1786 673 1939 722 esse
1956 703 1977 738 ,
2016 649 2147 745 qui
2174 647 2469 745 quidem
2506 661 2585 720 et

458 763 538 834 iu
587 776 660 834 te
707 761 1116 858 gravissima
1164 761 1525 859 postulata
1564 759 1981 834 consulibus
2018 758 2381 832 ediderint
2392 770 2449 846 ⁹,
2508 772 2587 833 et

459 893 578 942 me
598 925 620 958 ,
669 884 754 942 ut
803 869 996 942 hanc
1051 893 1340 945 causam
1359 925 1382 962 ‚
1437 871 1833 968 salutisque
1884 895 2029 944 suae
2086 868 2585 944 defensionem

459 983 900 1080 susciperem
920 1034 940 1069 ‚
981 978 1470 1070 obsecrarint;
1518 983 1649 1079 qui
1688 1005 1921 1078 quum
1966 1005 2009 1054 a
2062 995 2367 1078 praetore
2410 1003 2585 1078 pro-

461 1089 896 1165 hiberentur
914 1143 936 1180 ‚
985 1115 1028 1164 a
1073 1105 1392 1189 quatuor
1425 1090 1909 1190 quaestoribus
1932 1101 1996 1138 ¹⁰
2032 1090 2585 1190 impedirentur,

459 1201 787 1282 omnium
812 1201 1072 1290 minas,
1107 1215 1328 1300 atque
1348 1203 1595 1274 omnia
1620 1202 1941 1302 pericula
1957 1257 1979 1292 ,
2002 1226 2141 1299 pro
2168 1199 2400 1275 salute
2424 1225 2589 1288 sua,

457 1311 644 1384 levia
681 1312 1059 1402 duxerint3
1099 1315 1232 1411 qui
1266 1315 1507 1412 priore
1542 1314 1825 1386 actione
1862 1314 1961 1386 ita
1991 1311 2403 1385 testimonia
2428 1335 2589 1408 gra-

459 1424 643 1496 viter
667 1424 1284 1521 vehementerque
1301 1423 1645 1512 dixerint,
1663 1438 1745 1496 ut
1756 1428 2227 1498 Artemonem
2254 1425 2585 1495 Centuri-

460 1535 716 1633 pinum
751 1535 1066 1632 legatum
1083 1589 1104 1624 ,
1153 1548 1230 1606 et
1267 1533 1559 1632 publice
1589 1544 1645 1578 ¹¹
1689 1547 1947 1606 testem
1964 1585 1985 1622 ,
2028 1535 2117 1622 Q.
2164 1535 2593 1605 Hortensius

462 1657 981 1729 accusatorem,
1023 1669 1178 1716 non
1219 1658 1474 1716 testem
1514 1666 1669 1718 esse
1712 1641 2004 1716 diceret.
2052 1643 2339 1716 Etenim
2384 1640 2507 1714 ille
2524 1651 2589 1686 ¹²

461 1779 695 1852 quum
740 1767 1039 1852 propter
1083 1755 1426 1828 virtutem
1472 1767 1547 1826 et
1590 1751 1815 1828 fidem
1846 1777 2015 1826 cum
2042 1751 2425 1840 Androne,
2456 1751 2589 1826 ho·

357 1939 364 1948 ,
457 1865 655 1937 mine
689 1863 1198 1940 honestissimo
1241 1880 1316 1938 et
1353 1863 1747 1938 certissimo
1762 1917 1785 1954 ‚
1838 1879 1997 1938 tum
2032 1868 2247 1938 etiam
2290 1876 2593 1961 propter

463 1975 954 2071 eloquentiam
971 2027 992 2062 ,
1037 1974 1314 2072 legatus
1363 1999 1408 2048 a
1454 1976 1601 2048 suis
1644 1974 1923 2050 civibus
1976 1975 2248 2050 electus
2304 1987 2415 2046 est
2431 2027 2454 2060 ,
2506 1987 2597 2046 ut

461 2100 708 2184 posset
747 2083 1014 2158 multas
1053 2085 1261 2158 istius
1295 2096 1370 2158 et
1405 2086 1634 2158 varias
1682 2085 1975 2180 injurias
2016 2107 2239 2183 quam
2284 2083 2591 2182 apertis-

461 2197 638 2270 sime
676 2194 882 2268 vobis
921 2195 1478 2294 planissimeque
1520 2193 1898 2293 explicare.

555 2311 767 2380 va.
797 2308 1152 2378 Dixerunt
1172 2305 1529 2394 Halesini,
1573 2307 1993 2378 Catinenses
2014 2359 2034 2392 ‚
2058 2301 2523 2400 Tyndaritani
2544 2309 2593 2386 ¹,

459 2421 830 2490 Ennenses
846 2470 867 2505 ,
898 2413 1358 2498 Herbitenses
1373 2469 1394 2504 ,
1422 2419 1905 2514 Agyrinenses
1920 2469 1941 2504 ‚
1962 2415 2393 2488 Netineuses
2410 2465 2432 2500 ‚
2464 2416 2595 2486 Se·

455 2526 750 2625 gestani.
779 2529 1175 2600 Numerare
1193 2549 1450 2598 omnes
1466 2549 1619 2598 non
1641 2539 1751 2597 est
1766 2549 2057 2624 necesse
2082 2552 2100 2595 ε
2134 2525 2355 2612 scitis,
2370 2547 2595 2622 quam

461 2633 670 2706 multi
697 2648 773 2706 et
797 2659 1020 2732 quam
1053 2633 1284 2707 multa
1313 2637 1555 2734 priore
1583 2636 1869 2709 actione
1902 2633 2263 2708 dixerint:
2300 2658 2497 2706 nunc
2522 2648 2597 2708 et

459 2742 601 2832 illi,
661 2757 736 2814 et
777 2743 1038 2842 reliqui
1088 2744 1360 2818 dicent.
1420 2745 1697 2818 Omnes
1736 2743 2061 2843 denique
2116 2745 2263 2818 hoc
2320 2745 2401 2816 in
2456 2743 2595 2817 hac

463 2875 680 2926 causa
723 2853 1166 2954 intelligent,
1208 2853 1352 2926 hoc
1389 2854 1635 2926 animo
1672 2878 1829 2928 esse
1873 2855 2152 2938 Siculos
2168 2910 2189 2944 ‚
2233 2869 2317 2928 ut
2335 2909 2357 2942 ‚
2420 2857 2485 2928 si
2517 2859 2597 2928 in

459 2967 680 3034 istum
707 2961 1284 3035 animadversum
1309 2987 1456 3036 non
1483 2963 1577 3036 sit
1592 3017 1613 3052 ,
1634 2963 1776 3039 sibi
1792 2963 2307 3062 relinquendas
2330 2962 2595 3038 domos

457 3097 542 3146 ac
581 3071 784 3145 sedes
815 3097 1010 3160 suas,
1071 3086 1144 3146 et
1175 3098 1266 3146 ex
1299 3075 1537 3147 Sicilia
1568 3072 2109 3164 decedendum,
2148 3089 2369 3171 atque
2410 3075 2593 3147 adeo

457 3181 884 3282 fugiendum
919 3205 1074 3254 esse
1111 3181 1577 3255 arbitrentur.
1620 3189 1768 3255 Hos
1804 3183 2139 3256 homiues
2176 3198 2261 3255 tu
2292 3207 2591 3282 persua-

527 3415 579 3461 8.
599 3413 780 3462 nomo
797 3425 948 3460 more.
969 3411 1266 3460 Lauinum
1285 3411 1476 3476 petien-
1638 3428 1721 3462 11.
1744 3411 1955 3462 maon.
1990 3413 2103 3462 Su
2134 3411 2354 3462 civbus
2378 3413 2593 3464 mnino.

455 3495 536 3544 tin
573 3493 634 3542 in·
663 3489 932 3545 tolmndin
963 3504 1277 3540 manorum
1316 3489 1474 3554 magi-
1640 3507 1720 3540 12.
1744 3495 1793 3542 A
1817 3491 1951 3563 vulg.
1978 3491 2117 3542 abest
2142 3493 2466 3543 iuo.-can
2484 3497 2592 3544 Λιι-

454 3585 690 3630 sumtuum
709 3570 776 3632 ini
783 3570 902 3618 urii·
917 3569 1282 3620 oblivisci.Vid.
1295 3585 1408 3636 sup.
1423 3573 1474 3622 3.
1566 3569 1723 3620 dmm
1738 3572 1945 3621 nentur
1960 3587 2079 3622 eun
2094 3573 2273 3622 dacae
2294 3585 2381 3623 ese.

525 3670 582 3716 9.
611 3653 694 3700 Sic
735 3651 978 3704 omerus
1013 3666 1044 3698 e
1081 3649 1228 3700 oodd.
1266 3650 1475 3702 Palu-,et
1630 3651 1785 3698 va.
1827 3665 1873 3698 ι.
1909 3650 2249 3714 Tyndaritani.
2280 3651 2529 3717 'synd-ris
2562 3669 2597 3702 a

455 3731 666 3782 Metelli.
690 3731 852 3780 Am·-
887 3749 912 3774 ι
933 3729 1224 3790 ediderunt,
1251 3729 1476 3780 oham·-
1560 3729 1761 3780 cmm
1788 3740 1837 3779 et
1854 3731 2081 3794 Polluce,
2102 3732 2449 3797 qui'ryndami
2476 3729 2594 3792 filii,

455 3821 602 3869 runt,
627 3809 872 3858 duxerunt
887 3841 906 3867 ,
929 3819 1028 3860 ete.
1048 3830 1076 3854 ι
1101 3811 1154 3860 J.
1171 3812 1238 3857 V.
1265 3813 1324 3860 1..
1560 3809 1775 3860 nundin.
1789 3811 1937 3861 Unde
1948 3813 2037 3862 sn.
2048 3812 2159 3861 Inl-
2171 3814 2309 3870 m,
2324 3827 2453 3874 207:
2468 3815 2593 3863 -ee-

529 3905 612 3939 ιο.
661 3891 709 3938 A
763 3897 978 3953 quantor
1023 3887 1358 3953 qun-uorum.
1425 3890 1474 3938 A
1560 3889 1793 3955 uinoque
1835 3893 2029 3940 mone
2066 3891 2313 3956 Tyndari·
2355 3891 2595 3942 amun·

457 3967 864 4025 dnobusvmis,
897 3967 1092 4018 dnobus
1119 3967 1308 4018 ueneni
1343 3983 1474 4033 qu·-
1560 3983 1727 4018 nne».
1761 3971 1837 4019 De
1866 3971 2043 4022 eetet’n
2070 3971 2276 4021 urbibus
2308 3973 2449 4020 conf.
2476 3971 2589 4020 Ind-

457 4047 682 4098 noribus.
701 4045 818 4094 vid.
838 4061 946 4114 mp-
969 4052 1016 4102 4.
1564 4051 1747 4112 ὒοοςτ.
1768 4076 1835 4088 -
1874 4052 1998 4100 Hoc.
2027 4049 2289 4104 Schiitzins
2314 4051 2446 4101 delet
2468 4049 2564 4100 Ιιοι·
2577 4083 2595 4110 ,
