2984 4684
472 351 612 425 330
1126 352 1225 419 M.
1269 351 1346 419 T.
1392 351 1950 421 CICERONIS

470 504 505 539 a
530 472 627 545 ab.
676 495 933 545 eorum
974 470 1275 545 libidine
1323 486 1556 543 tutam
1595 497 1746 543 non
1791 472 2078 561 liceret3
2122 474 2410 571 quidvis
2446 500 2604 547 esse

464 614 499 649 «
524 586 808 683 perpeti
832 584 1083 671 satim,
1109 606 1327 679 quam
1354 582 1429 653 in
1468 598 1666 654 tanta
1691 584 1762 653 vi
1787 598 2008 681 atque
2035 582 2427 655 acerbitate
2447 607 2604 655 ver-

458 724 493 759 α
516 696 678 766 sari.
712 724 745 759 ι)
772 698 938 763 Haec
978 717 1208 790 quum
1236 717 1493 765 omnes
1522 693 1908 781 sentirent,
1951 708 2024 765 et
2059 718 2292 791 quum
2331 695 2406 763 in
2437 718 2598 765 eam

466 808 820 876 rationem
862 826 999 901 pro
1036 828 1170 875 suo
1210 805 1566 901 quisque²
1601 828 1818 878 sensu
1853 829 1937 876 ac
1973 804 2228 877 dolore
2264 806 2606 903 loquere-

466 930 623 1003 tur;
654 938 907 985 omnes
935 914 1024 985 ad
1054 937 1212 986 eam
1244 914 1544 987 domum
1569 970 1590 1004 ,
1615 918 1690 986 in
1717 941 1865 1013 qua
1895 919 2032 988 iste
2063 915 2604 1002 deversabatur,

462 1023 767 1125 profecti
786 1040 987 1097 sunt:
1012 1026 1287 1099 caedere
1304 1026 1600 1121 januam
1627 1028 1838 1115 saxis,
1859 1027 2126 1099 instare
2160 1025 2388 1116 ferro,
2409 1026 2604 1123 ligna

464 1150 537 1207 et
581 1150 941 1209 sarmenta
984 1136 1429 1241 circumdare
1447 1192 1467 1225 ,
1513 1138 1906 1235 ignemque
1957 1137 2314 1233 subjicere
2359 1162 2602 1236 coepe-

462 1262 659 1319 runt.
688 1252 875 1319 Tum
901 1249 1089 1319 cives
1110 1249 1429 1337 romani,
1472 1248 1603 1346 qui
1633 1252 2004 1346 Lampsaci
2023 1246 2602 1346 negotiabantur,

466 1373 960 1447 concurrunt3
1016 1372 1229 1430 orant
1292 1363 1820 1458 Lampsacenos
1839 1414 1858 1447 ,
1920 1374 2004 1429 ut
2059 1359 2345 1455 gravius
2411 1358 2609 1454 apud

466 1492 593 1539 eos
626 1492 901 1539 nomen
934 1468 1311 1565 legationis
1330 1524 1351 1557 ,
1386 1494 1610 1567 quam
1646 1470 1908 1565 injuria
1937 1468 2153 1566 legati
2183 1483 2599 1567 putaretur:

464 1602 621 1650 sese
656 1577 1059 1677 intelligere
1096 1577 1471 1650 hominem
1511 1579 1716 1651 illum
1753 1602 1910 1650 esse
1951 1583 2324 1677 impurum
2361 1602 2446 1649 ac
2481 1602 2610 1649 ne-

464 1684 762 1777 farium3
792 1688 919 1761 sed
942 1745 963 1777 ,
1004 1691 1353 1788 quoniam
1388 1714 1527 1761 nec
1569 1686 2018 1787 perfecisset,
2064 1687 2265 1786 quod
2305 1702 2610 1761 conatus

472 1814 693 1888 esset,
724 1824 967 1898 neque
991 1798 1279 1873 futurus
1306 1815 1493 1873 esset
1519 1802 1892 1899 Lampsaci
1911 1814 2163 1899 postea
2179 1855 2198 1888 ,
2235 1799 2462 1871 levius
2485 1824 2610 1870 eo·

473 1932 639 1979 rum
656 1906 685 1953 ³
702 1924 1077 2007 peccatum
1104 1908 1263 1983 fore
1286 1965 1306 1998 ‚
1326 1914 1386 1982 si
1417 1912 1699 1983 homini
1727 1912 2074 1984 scelerato
2097 1911 2612 2010 pepercissent,

468 2042 690 2115 quam
716 2023 775 2090 si
808 2020 1043 2117 legato
1077 2045 1231 2091 non
1259 2024 1774 2119 pepercissent.
1805 2025 1920 2094 Sic
1947 2024 2082 2093 iste
2111 2022 2346 2093 multo
2385 2021 2612 2092 scele-

470 2131 693 2199 ratior
746 2144 821 2201 et
876 2133 1211 2227 nequior,
1264 2155 1484 2227 quam
1533 2132 1654 2204 ille
1709 2131 2110 2205 Hadrianus
2125 2134 2179 2220 ⁴,
2240 2132 2614 2228 aliquanto

476 2237 687 2306 etiam
726 2235 1005 2309 felicior
1038 2238 1195 2311 fuit.
1234 2238 1403 2327 Ille,
1437 2240 1642 2337 quod
1679 2242 1836 2337 ejus
1871 2244 2240 2313 avaritiam
2269 2243 2464 2314 cives
2498 2265 2616 2315 ro-

472 2347 669 2416 mani
700 2345 889 2418 ferre
930 2374 1081 2420 non
1116 2366 1506 2448 potuerant
1527 2406 1546 2439 ,
1589 2354 1812 2423 Uticae
1847 2351 2046 2422 domi
2075 2376 2218 2421 suae
2247 2354 2454 2421 vivus
2488 2374 2612 2420 ex-

474 2471 681 2530 ustus
711 2474 861 2547 est3
897 2460 1119 2559 idque
1159 2463 1255 2533 ita
1303 2462 1402 2533 illi
1442 2464 1704 2534 merito
1740 2460 2082 2535 accidisse
2127 2463 2613 2533 existimatum

473 2583 616 2658 est,
654 2586 739 2641 ut
782 2570 1191 2645 laetarentur
1224 2586 1521 2662 omnes,
1585 2599 1826 2671 neque
1880 2572 2028 2645 ulla
2081 2570 2642 2643 animadversio

474 2682 1037 2755 constitueretur
1083 2712 1099 2754 ε
1148 2683 1268 2755 hic
1308 2682 1674 2756 sociorum
1695 2680 1724 2727 ⁵
1761 2682 2140 2755 ambustus
2159 2680 2192 2727 ⁶
2237 2680 2615 2764 incendio,

474 2804 719 2862 tamen
746 2816 836 2862 ex
870 2794 987 2864 illa
1023 2793 1311 2864 flamma
1345 2794 1818 2893 periculoque
1844 2792 2193 2882 evolavit3
2223 2816 2463 2889 neque
2489 2790 2612 2860 ad·-

477 2896 627 2969 huc
680 2924 963 2972 causam
1019 2903 1240 2973 ullam
1308 2905 1716 3001 excogitare
1780 2906 2025 3001 potuit
2045 2958 2064 2991 ,
2137 2901 2617 3001 quamobrem

476 3012 982 3101 commiserit⁷‚
1017 3028 1139 3084 aut
1170 3013 1349 3111 quid
1381 3016 1740 3101 evenerit,
1780 3028 1860 3084 ut
1897 3018 1972 3084 in
2009 3028 2296 3085 tantum
2326 3013 2615 3110 pericu-

546 3234 596 3266 η.
616 3220 707 3265 Pro
733 3232 821 3264 suo
848 3216 1069 3282 quisque,
1088 3230 1185 3267 ete.
1204 3219 1273 3266 Ut
1290 3220 1497 3284 quisque
1586 3241 1613 3262 ι
1639 3220 1994 3283 Lampsacenos
2013 3217 2066 3264 in
2087 3216 2339 3265 sociorum
2358 3212 2618 3263 formulam

477 3298 807 3347 vehementius
831 3298 1073 3347 sentiebat
1096 3314 1153 3347 ac
1180 3299 1379 3348 ferebat.
1585 3299 1766 3347 referre
1807 3299 1872 3360 Q.
1907 3297 2120 3345 Meuius
2167 3306 2348 3359 prator
2388 3295 2552 3355 iussus
2573 3316 2616 3341 ι».

550 3379 599 3425 3.
626 3378 803 3426 Levius.
829 3381 955 3427 Fore
984 3390 1041 3427 ut
1070 3378 1231 3431 miuus
1256 3379 1368 3427 illos
1393 3396 1500 3444 Ρω-
1588 3381 1748 3442 Quem
1773 3378 1888 3425 loco
1915 3393 2061 3442 supra
2083 3378 2235 3426 citato
2267 3376 2366 3425 adi.

478 3458 655 3507 niteret
671 3492 685 3515 ,
711 3459 848 3522 quod
868 3458 1087 3519 homini,
1122 3468 1217 3505 ete.
1659 3459 1708 3507 6.
1721 3458 1996 3505 Ambustus.
2011 3456 2412 3513 Semiustulatu33
2430 3452 2620 3501 flamma

549 3546 602 3595 4.
630 3538 926 3587 Hadrianus.
946 3539 1005 3587 C.
1020 3537 1199 3585 Fabius
1222 3536 1502 3587 Hadrianus
1589 3538 1948 3586 circumventus
1963 3546 2014 3584 et
2032 3537 2275 3585 obsessus.

478 3618 529 3665 in
549 3618 713 3665 Africa
731 3628 918 3682 pretor
942 3632 1093 3681 quum
1121 3628 1269 3674 esset,
1292 3616 1503 3665 Sullanis
1663 3633 1712 3678 7.
1757 3616 2084 3679 Quamobrem
2124 3614 2433 3663 commiserit.
2483 3616 2622 3675 Quo-

484 3696 809 3760 temporibus,
841 3711 973 3745 anno
1014 3697 1119 3759 669
1137 3728 1157 3755 5
1206 3696 1244 3745 i.
1272 3712 1317 3745 e.
1344 3709 1500 3744 annos
1590 3695 1744 3743 ruodo
1783 3696 2004 3744 effecerit
2045 3707 2118 3744 ut.
2161 3694 2467 3743 committere
2501 3692 2556 3739 h.
2587 3692 2620 3738 l.

480 3775 659 3823 abhinc
694 3792 774 3824 ιιι
788 3810 803 3834 ,
838 3788 1045 3841 propter
1082 3776 1416 3823 crudelitatem
1451 3785 1499 3822 et
1587 3774 1812 3823 absolute
1839 3775 2060 3840 ponitur.
2088 3776 2270 3823 Verres
2303 3772 2510 3837 periculi
2549 3771 2622 3819 sui

477 3853 727 3903 avaritiam
744 3870 879 3903 suam
892 3857 1076 3914 Uticae,
1092 3856 1143 3904 iu
1156 3856 1390 3920 praetorio
1408 3872 1500 3904 suo
1591 3870 1784 3903 eausam
1827 3870 1937 3902 uon
1981 3864 2146 3919 potest
2193 3864 2278 3902 sut
2323 3856 2376 3901 in
2419 3850 2622 3915 aliquod

480 3934 623 3982 vivus
653 3943 853 3981 exustus
890 3944 979 3983 est.
1010 3936 1068 3983 T.
1110 3935 1213 3983 Liv.
1245 3934 1380 3998 Epit-
1414 3936 1500 3983 86.
1593 3950 1734 3983 suum
1763 3935 1944 3983 factum
1971 3934 2260 3992 honestum,
2284 3932 2440 3981 autin
2467 3932 2624 3977 fortu-

480 4013 592 4062 Val.
610 4014 745 4061 Max.
767 4014 873 4073 lx,
908 4028 996 4073 ιο,
1026 4016 1308 4069 2.Oros.V,
1334 4031 1417 4063 20.
1595 4030 1706 4062 uam
1751 4016 1966 4076 rejicere.
2013 4040 2086 4050 —
2137 4018 2330 4063 Frustra
2383 4020 2623 4059 mutatum

558 4094 608 4141 5.
645 4090 911 4140 Sociorum.
952 4092 1145 4152 Livius,
1196 4095 1358 4143 xuu
1377 4131 1392 4155 ,
1434 4096 1465 4143 6
1490 4110 1504 4144 :
1598 4094 1852 4160 quidpiam
1873 4095 2026 4145 velint
2044 4096 2252 4144 Hotom.
2277 4102 2326 4142 et
2345 4089 2566 4141 Lambin.
