2984 4684
797 341 1183 411 ORATlo
1232 344 1433 411 PRO
1484 342 1553 410 s.
1611 333 2010 413 ROSCIO.
2373 370 2461 445 77

324 458 517 533 diem
548 461 877 533 Scaevolae
907 460 1149 550 ditm,
1174 478 1647 561 posteaquam
1677 467 2032 562 comperit
2061 489 2231 537 eum
2255 490 2468 565 posse

319 576 586 644 vivere.
621 574 873 663 Quum
907 570 1001 643 ab
1028 596 1117 643 eo
1146 588 1616 670 quaereretur,
1648 572 1827 670 quid
1863 572 2152 645 tandem
2181 599 2470 649 accusa-

322 697 533 753 turus
577 696 767 754 esset
808 706 978 753 eum
998 735 1018 770 ,
1045 706 1269 779 quem
1296 706 1432 781 pro
1466 682 1814 779 dignitate
1856 708 1949 753 ne
1985 683 2276 756 laudare
2304 690 2469 783 qui-

319 791 489 865 dem
504 796 897 890 quisquam
918 796 1085 865 satis
1110 791 1498 865 commode
1509 808 1790 891 posset:
1815 796 2044 883 aiunt,
2071 794 2471 887 hominem,

318 916 405 973 ut
430 919 589 974 erat
612 901 929 975 furiosus
955 958 976 991 ‚
1014 903 1474 1002 respondisse
1492 952 1515 993 ,
1562 904 1767 1002 quod
1791 930 1942 977 non
1971 921 2208 979 totum
2242 909 2470 980 telum

318 1036 629 1110 corpore
662 1016 1085 1112 recepisset3
1131 1038 1283 1110 quo
1314 1015 1636 1112 populus
1679 1040 2026 1087 romanus
2065 1017 2249 1089 nihil
2282 1019 2470 1090 vidit

314 1122 731 1219 indigniuS‚
779 1124 917 1193 nisi
984 1122 1313 1218 ejusdem
1376 1127 1506 1195 viri
1569 1138 1918 1213 mortem,
1968 1150 2130 1222 quae
2181 1141 2466 1199 tantum

314 1237 565 1332 potuit
585 1289 606 1323 ,
650 1250 735 1305 ut
777 1258 1033 1305 omnes
1076 1235 1268 1305 cives
1302 1257 1475 1304 suos
1509 1230 1962 1333 perdiderit⁵
1992 1250 2065 1307 et
2093 1234 2468 1327 afflixerit3

316 1369 509 1441 quos
540 1348 717 1443 quia
756 1368 1037 1416 servare
1079 1369 1211 1442 per
1244 1346 1852 1441 compositionem
1871 1342 1904 1389 ⁶
1947 1344 2238 1417 volebat
2258 1400 2278 1434 ‚
2312 1350 2466 1445 ipse

316 1454 413 1526 ab
446 1458 535 1526 iis
566 1460 1049 1553 interemptus
1082 1469 1210 1527 est.

416 1572 639 1637 Estne
666 1566 848 1637 hoc⁷
879 1565 983 1636 illi
1012 1564 1210 1636 dicto
1240 1580 1461 1663 atque
1490 1563 1682 1637 facto
1714 1566 2044 1638 Fimbriae
2073 1593 2222 1639 non
2257 1570 2466 1639 simil-

318 1675 623 1745 limum?
666 1678 1037 1747 Accusatis
1085 1678 1245 1745 Sex.
1292 1678 1685 1746 Roscium:
1733 1676 1914 1774 quid
1969 1678 2107 1749 ita?
2157 1682 2330 1776 quia
2373 1679 2464 1750 de

320 1786 665 1859 manibus
689 1789 945 1857 vestris
973 1782 1265 1881 effugit,
1295 1788 1469 1882 quia
1492 1810 1570 1857 se
1603 1786 1838 1859 occidi
1865 1812 2119 1885 passus
2145 1813 2298 1860 non
2329 1804 2460 1861 est.

316 1896 513 1968 Illud
550 1900 727 1994 quia
751 1900 829 1966 in
853 1896 1163 1967 Scaevola
1194 1893 1469 1968 factum
1503 1909 1615 1967 est
1634 1948 1654 1985 ‚
1685 1902 1910 1994 magis
1942 1897 2330 1995 indignum
2363 1903 2470 1970 vi-

319 2006 573 2096 detur3
602 2006 769 2095 hoc,
801 2010 977 2104 quia
998 2006 1081 2077 fit
1104 2030 1147 2076 a
1164 2006 1668 2102 Chrysogono,
1695 2032 1876 2078 num
1909 2021 2019 2079 est
2042 2006 2467 2080 ferendum?

316 2123 529 2208 Nam,
544 2142 679 2217 per
700 2118 877 2190 deos
900 2114 1380 2189 immortales!
1402 2116 1586 2213 quid
1609 2131 1719 2189 est
1741 2121 1819 2189 in
1839 2117 1976 2189 hac
1999 2143 2236 2208 causa,
2260 2120 2464 2217 quod

317 2226 763 2301 defensionis
788 2227 1111 2325 indigeat
1132 2228 1168 2297 ἱ)
1210 2230 1339 2325 qui
1368 2227 1574 2298 locus
1609 2230 1988 2324 ingenium
2022 2233 2312 2327 patroni
2345 2258 2460 2303 re-

317 2342 569 2437 quirit,
590 2354 719 2411 aut
750 2340 1055 2409 oratoris
1076 2337 1572 2434 eloquentiam
1594 2361 2036 2436 magnopere
2061 2339 2461 2414 desiderat?

314 2456 573 2522 Totam
595 2472 883 2521 causam
898 2502 919 2535 ‚
942 2446 1251 2544 judice8‚
1275 2446 1743 2543 explicemuS‚
1766 2462 1986 2545 atque
2013 2464 2181 2521 ante
2209 2452 2464 2522 oculos

316 2564 719 2659 expositam
748 2555 1334 2630 consideremus:
1359 2559 1459 2627 ita
1485 2555 1822 2629 facillime
1840 2612 1860 2644 ‚
1884 2582 2048 2655 quae
2077 2584 2190 2629 res
2220 2576 2458 2631 totum

308 2671 675 2767 judicium
708 2663 1151 2756 contineat⁸,
1185 2682 1259 2737 et
1300 2665 1576 2764 quibus
1619 2666 1710 2739 de
1763 2666 1984 2739 rebus
2027 2692 2163 2738 nos
2213 2670 2452 2743 dicere

316 2795 689 2880 oporteat,
740 2794 813 2851 et
841 2777 1025 2875 quid
1058 2801 1185 2848 vos
1212 2780 1421 2873 sequi
1454 2780 1840 2851 conveniat
1859 2832 1878 2867 ‚
1907 2778 2340 2875 intelligetis,

411 2891 605 2962 XIII.
654 2892 829 2959 Tres
860 2901 1033 2957 sunt
1068 2900 1624 2983 reS‚*quantum
1658 2912 1793 2985 ego
1835 2890 2241 2961 existimare
2285 2915 2458 2989 pos-

314 3024 479 3069 sum
502 3052 523 3089 ,
558 3022 719 3094 quae
751 2996 1047 3068 obstent
1086 2994 1227 3067 hoc
1263 3010 1590 3093 tempore
1632 2999 1792 3069 Sex.
1829 3002 2128 3087 RosciO,
2177 3004 2452 3073 crimen

312 3110 895 3181 adversariorum
916 3162 937 3196 ,
964 3122 1037 3177 et
1060 3105 1391 3193 audacia,
1424 3121 1499 3177 et
1525 3111 1873 3205 potentia.
1909 3112 2250 3183 Criminis
2283 3137 2453 3183 con·

314 3218 711 3291 sectionem
742 3229 1119 3289 accusator
1142 3218 1446 3287 Erucius
1474 3218 1832 3315 suscepit;
1871 3218 2187 3291 audaciae
2213 3238 2454 3318 partes

384 3451 435 3500 ⁴.
470 3442 615 3491 Diem
642 3441 787 3491 dixit.
824 3442 908 3491 Ad
930 3432 1173 3507 populum
1194 3456 1339 3491 aceu-
1426 3442 1678 3491 Ernestins
1703 3442 1847 3493 verba
1875 3444 1988 3491 loco
2009 3456 2144 3493 mota
2161 3448 2450 3511 suspicatur.

312 3538 445 3581 sare,
478 3521 657 3585 privati
688 3520 908 3569 homini·
943 3536 1047 3569 non
1082 3532 1213 3581 erat,
1248 3518 1338 3568 sed
1426 3523 1640 3571 Frusm.
1715 3573 1722 3589 ,

311 3602 509 3666 proprie
524 3601 835 3649 uibunorum
852 3600 1033 3665 plebis,
1043 3616 1143 3663 quo
1162 3610 1265 3649 tum
1282 3600 1339 3647 in
1496 3604 1546 3652 6.
1579 3601 1998 3666 composicionem.
2020 3604 2448 3659 Conciliationem.

312 3681 593 3744 magistratu
613 3680 873 3727 Fimbriam
898 3680 1045 3729 fuine
1065 3680 1335 3729 credamus.
1498 3698 1547 3743 7.
1572 3684 1694 3729 Hoc.
1725 3684 1924 3728 Factum
1945 3681 2332 3735 adversariorum
2357 3705 2450 3737 no-

310 3760 539 3811 vidxal.
556 3762 697 3809 Mu.
716 3760 813 3817 11,
830 3758 893 3807 de
910 3758 1051 3808 factis
1070 3758 1331 3809 sceleratis.
1422 3770 1725 3817 utrorum—
1735 3759 1983 3812 Rufinian.
2009 3762 2158 3813 habet
2177 3788 2202 3807 κ
2215 3768 2448 3818 Fimbria.

382 3840 435 3889 ⁵.
466 3837 761 3887 Perdiderit.
798 3839 925 3901 Quia
964 3838 1053 3887 illo
1091 3840 1334 3889 exstincto
1422 3856 1491 3889 no
1517 3838 1812 3887 simillimum
1832 3862 1886 3901 a,
1908 3857 2018 3905 quae
2039 3842 2187 3892 lectio
2213 3846 2447 3897 Ruhnke-

312 3917 485 3966 invnit
528 3917 861 3983 proscriptim
886 3932 1043 3981 quum
1074 3917 1158 3965 mo
1194 3918 1335 3967 vivus
1421 3920 1510 3967 nio
1531 3917 1705 3984 placet.
2437 3976 2442 3983 ι

312 3998 435 4045 forte
468 3997 829 4061 composuisset
862 3995 1229 4045 conditionibus
1260 3998 1335 4045 in·
1497 4001 1546 4049 8.
1569 3998 1842 4049 contineat.
1874 4000 2026 4060 Quod
2051 4014 2198 4066 eaput
2228 4006 2292 4055 sit
2311 4006 2446 4067 judi-

308 4077 479 4124 testim
497 4078 606 4126 haec
630 4076 761 4125 bena
779 4086 828 4123 et
847 4074 921 4124 sic
939 4076 1069 4125 cives
1084 4089 1333 4127 servasset.
1425 4078 1487 4143 cii
1507 4114 1522 4138 ‚
1551 4080 1612 4127 de
1637 4091 1740 4143 quo
1773 4077 1838 4126 sit
1857 4076 2194 4138 judicandum.
