2984 4684
755 437 1140 508 ORATIO
1187 441 1389 509 PRO
1441 440 1517 510 P.
1566 439 2039 530 QUINTIO.
2368 439 2459 536 39

344 561 704 634 dicturum
735 559 1073 651 arbitror,
1103 585 1257 632 non
1287 559 1508 633 fuisse
1525 557 1557 605 ⁵
1586 564 1829 632 Naevio
1860 583 2108 660 parem
2136 563 2465 632 certatio.-

341 697 502 743 nem
535 696 704 743 cum
730 671 1090 771 Alpheae,
1119 673 1246 744 illo
1279 685 1605 772 tempore
1619 669 1679 760 ὃ,
1707 670 1847 742 illis
1879 671 2469 744 dominantibus?

340 782 554 873 Quod
587 784 649 854 si
681 783 898 854 velim
925 781 1254 855 confiteri
1272 838 1292 873 ,
1323 781 1530 872 illud,
1553 785 1839 881 opinor,
1865 781 2295 872 concedent,
2314 807 2464 855 non

339 907 879 992 procuratorem
894 879 1261 985 P.Quintii
1278 897 1649 966 neminem
1672 891 1915 983 fuisse,
1928 893 2054 967 sed
2075 898 2467 992 gratiosum

341 1001 578 1074 fuisse.
605 1003 786 1076 Mihi
816 1019 1060 1076 autem
1086 1003 1180 1076 ad
1203 1003 1650 1075 vincendum
1676 1007 1849 1074 satis
1878 1018 2021 1092 est,
2052 1001 2271 1075 fuisse
2302 1027 2468 1102 pro-

341 1129 769 1204 curatorem,
796 1118 1094 1212 quicum
1128 1118 1435 1213 experiri
1467 1127 1731 1213 posset.
1758 1114 2009 1207 Qualis
2040 1117 2099 1184 is
2132 1111 2387 1198 fuerit,
2411 1117 2468 1186 si

342 1223 558 1294 modo
585 1222 960 1296 absentem
987 1223 1426 1297 defendebat
1454 1247 1588 1323 per
1608 1227 1728 1322 jus
1744 1237 1799 1313 ⁷,
1840 1240 1916 1296 et
1946 1248 2077 1323 per
2104 1231 2469 1321 magistra-

343 1334 713 1418 tum‚nihil
734 1332 824 1404 ad
845 1359 998 1406 rem
1011 1335 1325 1407 arbitror
1339 1338 1725 1434 pertinere.
1748 1340 1917 1406 Erat
1938 1331 2472 1431 enim⁸,inquit,

341 1443 622 1516 illarum
649 1447 987 1542 partium.
1019 1445 1336 1536 Quidni?
1362 1449 1490 1543 qui
1522 1443 1722 1544 apud
1760 1457 1833 1516 te
1861 1459 2046 1516 esset
2082 1444 2472 1530 educatus3

340 1571 557 1651 quem
583 1569 666 1625 tu
679 1579 722 1626 a
737 1579 970 1654 puero
987 1560 1089 1629 sic
1106 1551 1563 1644 instituisses»,
1579 1569 1663 1626 ut
1684 1554 1974 1644 nobili9,
1988 1581 2083 1626 ne
2098 1554 2470 1653 gladiatori

339 1664 638 1763 quidem
658 1721 678 1753 ,
713 1665 1017 1740 cederet.
1049 1671 1250 1739 Sicut
1279 1683 1362 1738 tu
1394 1689 1681 1765 semper
1710 1691 1995 1738 summe
2024 1669 2429 1764 concupisti
2453 1723 2473 1750 ‚

341 1773 533 1846 idem
557 1775 850 1848 volebat
871 1777 1242 1875 Alphenus
1271 1804 1288 1846 t
1320 1801 1402 1848 ea
1435 1801 1512 1849 re
1542 1776 1673 1848 tibi
1702 1799 1871 1848 cum
1899 1800 1989 1848 eo
2017 1800 2147 1875 par
2174 1791 2474 1848 conten·

341 1887 442 1957 tio
471 1901 642 1957 erat.
679 1891 880 1958 Bruti
899 1941 918 1976 ,
951 1891 1223 1986 inquit,
1255 1903 1410 1960 erat
1433 1885 1837 1975 familiaris3
1868 1889 2113 1984 itaque
2145 1889 2207 1958 is
2245 1889 2467 1958 inter-

341 1994 664 2068 cedebat.
694 2000 803 2067 Tu
840 2012 1091 2070 contra
1126 1997 1510 2069 Burrhieni
1532 2051 1552 2088 ,
1587 2001 1717 2096 qui
1750 1999 2089 2097 injuriam
2133 1996 2474 2069 decerne·

341 2103 505 2195 bat3
538 2110 870 2178 omnium
903 2107 1220 2207 denique
1257 2109 1547 2180 illorum
1568 2120 1654 2198 ¹⁰,
1684 2112 1813 2207 qui
1848 2124 2003 2180 tum
2037 2123 2110 2180 et
2134 2123 2475 2207 poterant

337 2239 472 2314 per
511 2219 658 2287 vim
709 2232 783 2288 et
827 2220 1058 2290 scelus
1100 2220 1536 2316 plurimum,
1586 2232 1695 2300 et,
1738 2216 1940 2316 quod
1976 2231 2351 2316 poterant,
2397 2217 2473 2288 id

333 2325 730 2399 audebant.
783 2335 893 2400 An
937 2355 1192 2401 omnes
1228 2344 1306 2400 tu
1342 2333 1596 2400 istos¹¹
1640 2333 1930 2402 vincere
1962 2328 2291 2414 volebaS‚
2343 2333 2471 2426 qui

341 2463 566 2527 nunc,
581 2453 662 2509 tu
686 2453 767 2508 ut
787 2443 1054 2528 vincaS,
1068 2453 1444 2538 tantopere
1477 2439 2071 2530 laborantPAude
2102 2439 2177 2509 id
2206 2439 2471 2527 dicere,

339 2573 492 2620 non
523 2550 786 2648 palam,
813 2549 938 2620 sed
962 2549 1072 2620 his
1091 2555 1490 2648 ipsis,quos
1516 2549 1902 2634 advocasti.
1922 2555 2247 2646 Neque¹²
2272 2554 2469 2620 enim

411 2761 462 2809 5.
481 2759 599 2808 Non
603 2757 782 2825 fuisse.
807 2760 1006 2824 Iniquoa
1027 2760 1174 2808 fuisse
1189 2759 1364 2808 Naevio
1449 2771 1501 2811 et
1533 2759 1593 2806 de
1634 2759 1695 2806 iis
1730 2768 2007 2824 usurpatur,
2022 2760 2111 2822 qui
2149 2773 2321 2822 genere
2354 2759 2472 2808 clari

341 2839 602 2898 tribunos,
627 2839 761 2904 apud
793 2855 916 2902 quos
945 2840 1143 2902 gratiosi
1169 2841 1366 2888 suerunt
1451 2849 1597 2896 eunt,
1634 2848 1684 2885 et
1725 2837 1787 2884 de
1822 2838 1897 2894 iis,
1938 2837 2023 2901 qui
2055 2837 2107 2884 in
2147 2833 2319 2900 quavis
2370 2850 2471 2887 arte

338 2919 598 2984 Alpheum
633 2928 681 2965 et
715 2919 979 2981 Quintius,
1018 2931 1220 2983 uterque
1256 2919 1363 2965 Ma·
1453 2913 1870 2965 commendantur.
1904 2920 1976 2964 Ita
1998 2917 2267 2965 nobilitatis
2293 2935 2472 2967 nomen

329 2998 586 3048 rinnai-mn
619 2999 833 3063 partium
865 3010 914 3046 et
947 2999 1219 3064 popularis.
1257 3000 1367 3061 Qua
1453 2996 1617 3061 ipsum
1646 2997 1819 3046 oderat
1860 2997 2085 3054 Naevius,
2121 3009 2178 3046 ut
2210 2999 2336 3046 nulli
2368 3000 2473 3046 sive

338 3078 623 3140 objectione
675 3078 902 3126 utebatur
944 3078 1234 3128 Hortensius
1255 3111 1271 3137 ,
1311 3088 1366 3126 ut

337 3157 570 3205 Navium
597 3155 846 3206 Sullanum
864 3174 891 3204 a
911 3156 1143 3205 Marianis
1169 3174 1367 3222 oppres-

335 3251 450 3285 sum
485 3235 795 3296 ostenderem
832 3235 967 3284 illum
1000 3253 1118 3286 vero
1157 3238 1276 3286 mire
1313 3237 1366 3284 in

333 3317 504 3381 ipsum
567 3317 792 3365 Navium
855 3317 1114 3381 detorquet
1167 3327 1334 3366 noster
1351 3350 1384 3376 ‚‚

337 3397 588 3460 istumque
625 3415 654 3443 a
695 3398 828 3445 vieto
871 3399 1028 3445 Mario
1067 3397 1131 3444 ad
1185 3397 1368 3444 Sullam

341 3475 664 3539 transfugisse
690 3475 928 3523 invidiose
951 3475 1127 3538 arguit.

414 3557 466 3603 6.
486 3555 581 3602 1110
599 3565 826 3624 tempore.
847 3559 900 3604 L.
918 3555 1163 3622 Scipione,
1174 3555 1231 3604 C.
1245 3555 1372 3603 Nor-

339 3632 474 3681 bano
499 3649 630 3682 coss.
647 3634 733 3698 qui
751 3633 932 3682 bellum
955 3635 1240 3682 acerrimum
1259 3651 1372 3683 cum

339 3713 401 3759 1..
419 3713 553 3761 Sulla
579 3713 823 3776 gerebant.

417 3807 468 3852 7.
504 3795 596 3840 Per
609 3793 710 3858 jus.
735 3795 864 3841 Ante
891 3803 1164 3857 praetorem.
1191 3821 1260 3830 —
1278 3795 1374 3842 Per

341 3870 711 3936 magistratum.
733 3873 810 3922 M.
828 3873 1048 3920 Brutum.
1069 3899 1138 3910 —
1154 3873 1373 3922 Alterum

340 3945 444 3996 hoc
457 3967 551 4013 per
571 3951 706 4014 vulg.
727 3951 880 3998 abest.

419 4031 468 4076 8.
503 4028 658 4077 Abest
680 4029 822 4078 enim.
839 4033 888 4080 J.
909 4033 974 4080 V.
1003 4029 1338 4079 L.-Illamm
1353 4067 1370 4088 ,

343 4105 384 4154 i.
401 4123 444 4155 e.
467 4109 810 4158 Marianarum.

419 4201 470 4247 9.
493 4189 676 4236 Nobili.
695 4189 840 4242 Ludit
861 4191 915 4236 in
935 4189 1084 4239 verbo
1107 4191 1222 4251 hoc,
1239 4190 1372 4253 quod

1455 3091 1647 3140 genere,
1670 3076 1773 3124 sive
1794 3087 1895 3124 arte
1917 3076 2097 3134 nobili,
2128 3094 2190 3124 ne
2217 3079 2472 3142 gladIatori

1453 3154 1652 3219 quidem
1680 3155 1849 3203 cedere
1875 3155 2035 3205 vellet.
2062 3157 2175 3218 Quo
2198 3157 2348 3204 verbo
2370 3158 2474 3205 Nae-

1454 3234 1523 3282 vii
1556 3235 1755 3282 audacia
1791 3246 1839 3282 et
1871 3235 1921 3281 in
1956 3233 2261 3282 nobilitatem
2307 3235 2473 3282 odium

1455 3315 1957 3380 designatum—Loco
1968 3315 2160 3364 cederet
2171 3315 2289 3363 olim
2301 3316 2477 3364 «haere-

1455 3407 1547 3454 ret,
1562 3395 1760 3454 faveret,
1773 3406 2033 3454 vereretur,
2054 3406 2325 3444 uteretur».
2348 3397 2479 3444 Con·
2520 3398 2525 3403 “

1454 3475 1573 3537 jecit
1584 3479 1786 3523 Hotom.
1806 3475 2012 3522 cederet.
2024 3475 2171 3522 Dedit
2182 3477 2219 3521 F
2219 3491 2351 3523 runc.
2365 3475 2477 3524 eod.

1536 3573 1617 3604 ιο.
1643 3555 1864 3603 Illorum.
1894 3557 2081 3618 Nempe
2116 3557 2479 3612 Marianorum,

1459 3635 1639 3698 quibus
1666 3645 1784 3682 tunc
1820 3633 2011 3682 favebat
2037 3635 2252 3692 Naevius,
2280 3647 2330 3684 et
2356 3651 2480 3699 quos

1457 3724 1629 3778 postea
1642 3730 1731 3778 per
1739 3729 1972 3761 summam
1988 3711 2239 3776 perfidiam
2256 3713 2485 3770 deseruit,

1459 3804 1515 3841 ut
1546 3792 1611 3839 ad
1638 3794 1873 3840 victorem
1901 3790 2083 3838 Sullam
2108 3793 2445 3857 transfugeret.

1538 3889 1557 3918 ι
1576 3889 1618 3920 t.
1648 3875 1789 3920 Istos.
1808 3871 2030 3920 Sullanos
2043 3908 2057 3932 ‚
2075 3873 2162 3935 qui
2178 3889 2313 3921 nune
2330 3884 2379 3922 te
2397 3891 2483 3923 sua

1462 3951 1613 4014 gratia
1640 3967 1697 3998 ac
1722 3951 1943 4016 potentia
1969 3952 2219 4013 adjuvant.

1540 4047 1617 4078 12.
1654 4032 1907 4094 Neque...
1934 4030 2152 4097 effecisti,
2190 4043 2327 4079 erant
2370 4042 2485 4094 post

1472 4110 1702 4157 Tametsi.
1720 4147 1730 4159 .
1748 4147 1782 4161 ..
1798 4149 1809 4161 .
1841 4111 2143 4176 impetrabat.
2165 4112 2485 4175 Transposuit

1461 4191 1667 4239 Ernesti.
1702 4192 1831 4260 Beck
1868 4203 1914 4240 et
1962 4189 2141 4240 Schiitz
2187 4190 2484 4254 improbant.
