2984 4684
477 419 622 508 456
1105 423 1202 490 Μ.
1254 423 1330 488 Τ.
1383 421 1967 490 CICERONIS

469 541 798 615 defensio
831 555 976 626 est,
1029 555 1270 612 tamen
1327 539 1603 639 aliquid
1644 539 1785 612 dici
1824 539 2215 612 videretur.
2250 537 2467 610 Tollit
2512 565 2608 612 ex

465 651 732 724 tabulis
767 650 872 738 id,
913 651 1114 748 quod
1147 665 1334 738 erat,
1371 666 1446 722 et
1483 649 1651 722 facit
1672 661 1727 738 ⁷,
1759 675 2001 722 coram
2040 649 2359 720 delatum
2382 675 2563 738 esse.

567 763 781 832 XLII.
813 765 946 830 Hic
973 759 1208 832 videte
1225 815 1244 848 ‚
1269 765 1346 831 in
1375 775 1563 858 quot
1592 785 1669 832 se
1700 759 1999 858 laqueos
2034 759 2385 844 induerit,
2414 785 2599 857 quo-

466 895 634 940 rum
673 895 762 941 ex
799 867 1002 940 nullo
1042 893 1120 940 se
1155 893 1502 967 umquam
1540 868 1933 969 expediret.
1974 874 2291 941 Primum
2334 875 2485 968 ipse
2522 875 2599 940 in

465 979 696 1052 Sicilia
723 1003 910 1078 saepe
935 995 1009 1050 et
1035 979 1270 1078 palam
1311 980 1402 1052 de
1431 980 1595 1052 loco
1626 983 2001 1080 superiore
2020 991 2039 1024 ¹
2080 977 2391 1066 dixerat,
2422 983 2597 1050 etin

463 1113 800 1162 sermone
833 1090 1080 1161 multis
1121 1090 1680 1180 demonstrarat,
1720 1091 1935 1164 licere
1968 1115 2239 1162 nomen
2274 1095 2599 1189 recipere

461 1199 816 1288 absentis3
873 1225 954 1272 se
993 1201 1329 1300 exemplo
1379 1199 1631 1274 fecisse
1666 1200 1779 1288 id,
1828 1199 2033 1299 quod
2076 1199 2381 1272 fecisset.
2430 1205 2601 1270 Haec

463 1335 634 1383 eum
697 1311 1060 1382 dictitasse
1079 1321 1136 1398 ²,
1199 1307 1440 1410 priore
1498 1313 1785 1384 actione
1860 1325 1935 1382 et
1992 1313 2149 1385 Sex.
2212 1313 2601 1406 Pompeius

459 1422 774 1494 Chlorus
809 1423 1031 1509 dixit,
1081 1421 1172 1494 de
1205 1425 1416 1519 cujus
1451 1424 1720 1495 virtute
1748 1437 1959 1494 antea
2000 1421 2597 1504 commemoravi,

457 1547 528 1604 et
568 1538 702 1605 Cn.
743 1536 1134 1641 Pompeius
1169 1533 1629 1620 Theodorus,
1668 1533 1895 1604 homo
1938 1547 2013 1604 ct
2050 1535 2185 1604 Cn.
2234 1531 2597 1628 Pompeii,

456 1641 824 1714 clarissimi
863 1645 1033 1728 viri,
1082 1641 1361 1738 judicio
1393 1643 1723 1742 plurimis
1752 1645 2229 1740 maximisque
2266 1645 2341 1712 in
2376 1639 2601 1712 rebus

451 1752 1025 1850 probatissimus,
1045 1767 1120 1824 et
1143 1757 1472 1823 omnium
1498 1753 2035 1824 existimatione
2058 1753 2595 1836 ornatissimus,

451 1877 522 1932 et
549 1860 842 1932 Posides
871 1864 1110 1932 Matro
1137 1861 1591 1950 Solentinus,
1616 1863 1843 1934 homo
1872 1887 2157 1934 summa
2182 1859 2593 1948 nobilitate,

451 1972 976 2064 existimatione
997 2025 1018 2056 ,
1061 1976 1370 2043 virtute:
1413 1987 1486 2042 et
1526 1971 1663 2044 hac
1700 1973 1985 2044 actione
2024 1994 2245 2068 quam
2266 1968 2295 2014 ³
2336 1969 2595 2041 voletis

451 2078 662 2152 multi
701 2078 986 2166 dicent,
1028 2095 1106 2150 et
1143 2081 1274 2177 qui
1313 2105 1402 2152 ex
1434 2082 1575 2152 isto
1618 2083 1777 2180 ipso
1820 2080 2219 2168 audierint,
2258 2083 2391 2150 viri
2440 2080 2591 2178 pri-

451 2191 658 2260 marii
702 2193 926 2260 nostri
963 2187 1242 2260 ordinis
1261 2245 1280 2278 ,
1321 2205 1394 2261 et
1425 2189 1585 2278 alii,
1628 2195 1755 2289 qui
1798 2189 2265 2262 interfuerint
2286 2245 2308 2278 ,
2358 2213 2591 2286 quum

445 2300 766 2372 absentis
791 2306 1062 2370 nomen
1091 2302 1561 2397 reciperetur.
1590 2299 1873 2373 Deinde
1898 2306 2184 2387 Romae,
2210 2323 2443 2397 quum
2474 2322 2593 2369 res

447 2426 636 2483 esset
673 2425 828 2481 acta
863 2411 938 2480 in
979 2427 1279 2498 senatu,
1321 2429 1579 2483 omnes
1606 2414 1813 2483 istius
1840 2415 2084 2498 amici,
2120 2415 2197 2480 in
2235 2409 2347 2479 his
2373 2411 2591 2480 etiam

453 2537 658 2620 pater
689 2523 845 2616 ejus
895 2521 1038 2593 hoc
1079 2521 1519 2594 defendebat
1556 2523 1773 2594 licere
1816 2519 2018 2608 fieri;
2074 2543 2265 2618 saepe
2300 2543 2455 2592 esse
2494 2517 2595 2590 fa-

448 2644 648 2702 ctum
667 2659 688 2718 3
705 2633 922 2702 istum
935 2687 956 2720 ,
971 2631 1180 2728 quod
1209 2629 1492 2704 fecisset
1513 2687 1533 2720 ,
1546 2631 1851 2703 aliorum
1874 2629 2209 2730 exemplo
2230 2632 2591 2700 instituto·

451 2765 600 2838 que
637 2739 909 2812 fecisse.
959 2742 1150 2812 Dicit
1187 2757 1531 2839 praeterea
1566 2743 2069 2816 testimonium
2116 2755 2269 2812 tota
2300 2741 2535 2812 Sicilia
2563 2765 2585 2810 ε

447 2875 611 2953 quoe
643 2852 716 2920 in
761 2850 1280 2924 communibus
1325 2851 1749 2950 postulatis⁴
1800 2853 2171 2924 civitatum
2218 2851 2585 2936 omnium,

445 2957 868 3032 consulibus
911 2959 1173 3048 edidit,
1209 2985 1464 3060 rogare
1481 2956 1723 3059 'atque
1752 2984 1964 3033 orare
1992 2975 2233 3058 patres
2266 2960 2585 3031 conscri-

445 3084 646 3166 ptos,
689 3084 774 3141 ut
821 3083 1256 3158 statuerent,
1303 3095 1396 3143 ne
1449 3069 1913 3144 absentium⁵
1960 3073 2257 3144 nomina
2304 3069 2581 3166 recipe-

517 3291 568 3342 7.
593 3276 748 3325 Facit.
768 3277 1038 3326 scribendo
1051 3275 1196 3342 fingit
1214 3275 1468 3326 Sthenium
1558 3278 1805 3326 februario
1830 3289 1887 3326 ut
1916 3277 1979 3324 de
2004 3277 2065 3324 iis
2088 3235 2141 3324 in
2160 3287 2330 3324 tantu
2346 3283 2583 3340 agamur.

441 3355 654 3404 adsuta-e
673 3355 880 3418 jndicio.
1557 3360 1679 3423 Sap.
1706 3357 1792 3405 31.
1816 3359 2036 3422 Apparet
2063 3367 2223 3404 autem
2250 3371 2313 3403 ex
2338 3356 2437 3403 hoc
2465 3354 2585 3401 loeo

511 3435 672 3482 xm.
697 3449 739 3482 ι.
767 3435 844 3481 De
863 3433 971 3482 Ioco
993 3433 1258 3500 superiore.
1277 3437 1470 3500 Nempe
1558 3436 1661 3484 dno
1706 3435 2063 3500 pontid-torum
2106 3451 2279 3500 geum
2312 3435 2587 3491 exstitit-05

442 3513 506 3562 de
533 3513 766 3578 pretorio
793 3513 1044 3560 tribunali.
1558 3532 1711 3570 unum
1768 3514 2125 3572 communium,
2176 3531 2331 3578 quum
2394 3511 2581 3576 aliquid

517 3609 566 3640 2.
597 3591 874 3641 Diceitasse.
901 3595 984 3642 Est
1019 3611 1046 3641 a
1075 3593 1222 3642 codd.
1252 3593 1392 3642 Febr.
1419 3606 1467 3643 et
1556 3595 1883 3644 communiter
1928 3595 1991 3642 ab
2030 3596 2269 3642 universis
2310 3592 2581 3659 provincia

445 3672 629 3720 Mezen.
657 3683 708 3720 et
726 3669 992 3735 Palatium
1031 3673 1224 3737 vulgata
1251 3674 1370 3722 olim
1389 3675 1466 3723 Je-
1555 3673 1832 3722 civitatibus
1874 3674 2161 3738 petebnmn
2208 3673 2415 3722 altemm
2464 3687 2582 3720 vero

443 3753 546 3799 ctio
589 3773 614 3792 α
637 3751 842 3800 dicum
855 3776 898 3800 -.
931 3753 981 3801 J.
997 3753 1061 3799 V.
1093 3755 1146 3800 L.
1552 3753 1887 3818 propriorum,
1904 3769 2015 3817 qua
2032 3769 2059 3800 a
2083 3753 2286 3817 singulis
2302 3751 2581 3800 civitatilms

505 3825 554 3880 3.
575 3831 750 3892 Quam.
765 3831 888 3878 Tam
905 3831 1048 3880 multi
1067 3849 1212 3896 quam
1231 3833 1421 3881 voletis.
1550 3834 1755 3899 proprio
1784 3849 1876 3881 mo
1916 3833 2113 3882 nomine
2148 3832 2435 3881 oonsulibus
2468 3831 2581 3879 ede-

509 3915 556 3963 !4.
577 3911 637 3955 In
659 3909 992 3958 communibus
1005 3911 1286 3975 penulati&
1309 3911 1460 3974 Quod
1550 3911 1745 3960 huntur.

436 3987 668 4054 petebant
704 3987 950 4044 civitates,
995 3991 1044 4036 ln
1085 3989 1252 4038 libello
1279 3991 1460 4038 descri-
1626 3993 1677 4040 5.
1728 3993 1805 4039 Nc
1859 3993 2147 4040 abundum.
2196 3993 2417 4056 Apparet
2466 3986 2579 4036 inde

435 4081 572 4132 ptum
599 4065 884 4113 consulibus
899 4103 912 4122 ,
939 4083 1026 4130 per
1049 4069 1232 4132 legatos
1259 4071 1460 4132 provin·
1552 4069 1773 4118 nondum
1798 4071 1849 4117 in
1874 4071 2145 4134 provinciis
2170 4069 2293 4117 illud
2312 4069 2436 4128 juris
2462 4083 2579 4114 oon·

432 4147 614 4196 ciarum
637 4157 686 4192 et
719 4143 968 4192 clvitatum
987 4181 1000 4204 ‚
1039 4147 1271 4194 edebatur
1299 4163 1459 4196 mense
1551 4150 1773 4198 stitutum
1794 4167 1920 4209 esse,
1944 4167 2005 4198 ne
2038 4151 2149 4214 quis
2180 4149 2356 4197 absens
2381 4161 2575 4196 accusa·
