2984 4684
394 415 1254 436 mmmmm·
1259 415 1697 438 nm
1701 419 2530 442 mmmmm-mmmm

886 635 2030 742 ARGUMENTUM.

390 865 459 918 In
507 859 659 919 libro
700 862 960 922 secundo
991 864 1114 941 jam
1148 865 1313 924 venit
1342 879 1544 924 orator
1575 865 1650 924 ad
1691 885 1954 939 causam,
1991 880 2051 924 et
2085 865 2162 924 ad
2191 887 2260 926 ea
2291 869 2536 928 crimina

470 977 603 1035 quae
626 963 841 1018 Verres
873 961 934 1018 in
966 961 1163 1020 Sicilia
1188 963 1515 1022 commisit:
1553 983 1619 1022 ac
1654 963 1912 1042 primum
1938 963 2014 1022 de
2044 967 2294 1042 pecunia
2313 966 2432 1044 agit
2457 966 2538 1025 ob

448 1055 563 1133 jus
606 1054 923 1116 dicendum
976 1071 1182 1118 exacta
1198 1102 1217 1132 ,
1264 1073 1323 1118 et
1365 1059 1557 1118 venali
1582 1061 1784 1120 Verris
1826 1059 2226 1137 jurisdictione
2242 1104 2260 1132 ,
2287 1079 2540 1140 eumque

473 1153 729 1213 ostendit
752 1167 815 1212 et
843 1155 955 1214 hac
991 1157 1051 1214 in
1089 1176 1153 1216 re
1189 1177 1459 1236 magnam
1492 1172 1700 1217 contra
1733 1159 1891 1238 leges
1921 1159 2228 1237 pecuniam
2265 1160 2539 1238 coegisse.

468 1255 593 1310 Nec
628 1263 819 1310 tamen
850 1265 975 1311 tota
1004 1241 1067 1311 in
1092 1253 1205 1312 hoc
1234 1269 1580 1332 argumento
1609 1268 1878 1314 versatur
1905 1255 2121 1317 oratio.
2155 1259 2302 1315 Nam
2333 1253 2473 1314 inde
2505 1278 2536 1315 a

468 1367 596 1426 cap.
626 1349 703 1416 48
732 1347 805 1408 de
833 1350 1083 1428 pecunia
1109 1351 1237 1410 aliis
1264 1351 1590 1412 rationibus
1619 1371 1894 1430 expressa
1923 1352 2150 1431 agitur3
2188 1350 2267 1410 ob
2297 1373 2543 1412 munera

466 1457 529 1503 et
549 1445 805 1505 honores
827 1446 1097 1506 venditos
1125 1467 1309 1526 usque
1342 1446 1415 1507 ad
1443 1468 1574 1527 cap.
1605 1449 1713 1523 57:
1747 1462 2074 1508 statuarum
2097 1450 2332 1510 nomine
2354 1470 2540 1528 usque

467 1540 544 1600 ad
578 1561 708 1622 cap.
739 1543 831 1616 78.
2301 1608 2312 1628 ί

548 1644 877 1720 Antequam
904 1663 1047 1704 vero
1069 1642 1145 1702 de
1170 1645 1382 1704 Siciliae
1408 1644 1793 1704 incommodis
1815 1644 1960 1704 dicit
1981 1657 2204 1716 orator,
2231 1643 2538 1721 magnilica

470 1737 745 1816 preludit
768 1738 942 1818 hujus
970 1741 1289 1820 provinciae
1322 1741 1660 1802 laudatione
1698 1762 1874 1820 quam
1915 1763 1990 1802 ex
2020 1741 2332 1820 dignitate,
2365 1754 2538 1799 vetu-

468 1845 645 1906 state,
672 1835 921 1896 utilitate
946 1836 1344 1911 commendat;
1374 1851 1443 1897 ut
1464 1851 1526 1898 et
1552 1837 1709 1917 apud
1729 1837 1957 1915 judices
1983 1837 2164 1898 Siculi
2190 1838 2320 1914 plus
2343 1849 2539 1896 aucto-

470 1929 657 1990 ritatis
686 1931 944 1994 habeant
976 1935 1035 1994 in
1068 1955 1171 1995 sua
1203 1956 1405 2008 causa,
1452 1949 1513 1994 et
1541 1935 1667 2014 ipse
1699 1948 1904 1994 orator
1935 1936 2212 2014 majorem
2242 1935 2414 1993 faciat
2443 1948 2538 1993 at-

472 2029 783 2090 tentionem
823 2032 887 2090 in
926 2044 1051 2091 tota
1093 2035 1483 2094 contentione.
1539 2031 1811 2095 Ostendit
1851 2053 1979 2092 eam
2027 2033 2272 2111 primam
2316 2037 2536 2091 Roma—

470 2145 681 2185 norum
729 2131 1121 2206 provinciam,
1172 2133 1260 2190 rei
1308 2131 1705 2192 frumentariae
1748 2129 2106 2203 subsidium,
2155 2142 2214 2189 et
2259 2129 2542 2188 classibus

466 2225 721 2284 romanis
747 2229 1180 2306 receptaculum
1212 2229 1425 2302 fuisse3
1470 2249 1588 2307 qua
1614 2227 1845 2289 sublata
1877 2248 1996 2287 non
2028 2240 2144 2288 tam
2188 2227 2357 2285 facile
2399 2247 2543 2305 opes

466 2320 832 2400 Carthaginis
859 2324 1261 2387 concidissent.
1294 2329 1505 2404 Itaque
1535 2327 1590 2387 ei
1627 2347 1662 2384 a
1687 2325 1967 2404 Scipione
1989 2324 2267 2384 Africano
2300 2335 2360 2381 et
2378 2327 2542 2382 Mar-

468 2417 618 2476 cello
656 2438 927 2498 magnum
960 2441 1083 2480 esse
1111 2420 1401 2480 honorem
1442 2421 1740 2494 habitum3
1771 2441 2020 2500 eamque
2060 2441 2180 2479 non
2225 2421 2414 2480 solum
2451 2423 2538 2478 rei

469 2511 721 2589 publicae
761 2515 965 2574 cellam
1006 2517 1335 2594 penariam,
1380 2517 1485 2576 sed
1528 2517 1702 2576 etiam
1741 2517 1935 2575 italico
1975 2515 2134 2574 bello
2181 2535 2292 2593 pro
2338 2517 2544 2574 aerario

473 2608 669 2689 fuisse,
698 2631 825 2691 cap.
845 2633 899 2670 2.
922 2617 1209 2672 Praeterea
1238 2614 1455 2673 multos
1480 2615 1540 2672 in
1565 2634 1634 2672 ea
1660 2615 1818 2672 cives
1848 2633 2124 2672 romanos
2155 2631 2286 2670 cum
2319 2627 2542 2690 quaestu

468 2708 785 2785 negotiari3
811 2710 1031 2769 incolas
1064 2711 1222 2789 ipsos
1257 2711 1574 2790 patientia,
1619 2712 1834 2769 virtute
1877 2725 1936 2769 et
1982 2710 2314 2788 frugalitate
2357 2711 2542 2768 excel-

469 2803 625 2878 lere;
646 2789 921 2866 romanos
945 2807 1211 2867 homines
1238 2809 1335 2868 hic
1360 2807 1556 2886 diligi;
1593 2828 1662 2866 ac
1683 2827 1838 2886 saepe
1867 2807 2304 2886 magistratuum
2344 2827 2540 2866 rona-

478 2919 691 2961 norum
712 2903 955 2982 injurias
974 2904 1265 2982 patienter
1289 2903 1588 2976 toleratas3
1610 2903 1798 2963 donec
1823 2903 2054 2964 tandem
2067 2902 2267 2962 Verris
2294 2904 2546 2972 luxuria,

478 2999 855 3073 crudelitate,
886 3002 1163 3075 avaritia,
1198 3001 1474 3080 superbia
1519 3001 1708 3060 coacti
1745 3003 1862 3059 sint
1885 3044 1902 3072 ,
1945 3001 2071 3079 ejus
2098 3001 2314 3060 scelera
2341 3020 2546 3080 perse-

480 3096 615 3173 qui,
652 3111 712 3156 et
738 3098 1113 3168 Ciceronem,
1156 3111 1223 3158 ut
1256 3118 1392 3158 eum
1428 3111 1762 3170 accusaret,
1806 3096 2168 3176 rogaverint,
2217 3099 2272 3156 3.
2318 3098 2546 3176 Magnis

483 3207 675 3254 tamen
699 3195 941 3273 opibus,
976 3215 1183 3274 magna
1205 3179 1523 3276 cup‘iditate
1548 3217 1714 3256 reum
1738 3193 2040 3254 absentem
2071 3207 2277 3252 contra
2305 3195 2540 3272 inquisi-

483 3292 701 3351 tionem
728 3296 1079 3354 accusatoris
1105 3315 1231 3356 esse
1260 3295 1595 3368 defensum,
1623 3295 1937 3372 multisque
1963 3292 2152 3352 modis
2183 3293 2440 3364 Siculos,
2469 3312 2540 3350 ne

482 3386 861 3450 decernerent
886 3393 1198 3472 legationes
1214 3437 1231 3466 ,
1255 3393 1359 3471 qui
1380 3405 1588 3452 contra
1613 3393 1786 3452 istum
1809 3391 2097 3458 dicerent,
2123 3401 2374 3448 tentatos
2399 3408 2538 3457 esse,

483 3496 539 3555 4.
558 3491 747 3548 Unam
772 3503 963 3548 tamen
986 3510 1109 3549 esse
1131 3492 1423 3550 civitatem
1448 3491 1858 3550 Mamertinam
1895 3489 2246 3570 (Messanam
2279 3485 2537 3563 urbem).

482 3603 611 3660 quae
658 3583 891 3663 publice
942 3587 1187 3666 legatos,
1230 3588 1333 3666 qui
1367 3593 1612 3646 Verrem
1659 3587 1965 3646 laudarent
1986 3629 2003 3659 ,
2039 3585 2290 3651 miserit;
2337 3585 2546 3642 ceteris

482 3677 783 3754 omnibus,
825 3682 966 3761 ipsis
997 3703 1233 3762 quoque
1266 3686 1676 3763 Syracusanis,
1720 3705 1854 3743 eum
1884 3702 2111 3742 summo
2140 3681 2280 3741 odio
2308 3701 2461 3753 esse,
2489 3681 2544 3738 5.

478 3782 687 3856 Neque
722 3798 863 3838 vero
903 3780 1128 3840 Siculos
1166 3782 1322 3840 solos
1352 3801 1487 3842 eum
1528 3783 1829 3860 persequi,
1875 3780 2158 3858 plurimos
2187 3781 2358 3840 etiam
2387 3778 2544 3836 cives

419 3891 426 3899 ·
478 3893 783 3949 romanos,
827 3875 1098 3954 gravibus
1138 3877 1213 3936 ab
1262 3899 1335 3936 eo
1375 3879 1604 3956 injuriis
1643 3879 1924 3950 affectos,
1973 3877 2335 3945 existimare,
2366 3875 2548 3953 juriS‚

481 3971 789 4045 libertatis,
822 3993 1013 4033 rerum
1036 3976 1520 4055 fortunarumque
1541 3995 1776 4035 suarum
1795 3977 2038 4034 salutem
2067 3975 2126 4032 in
2156 3973 2280 4052 ejus
2309 3971 2550 4033 damna-

487 4068 641 4135 tione
680 4073 1019 4142 consistere,
1056 4075 1111 4131 6.
1149 4061 1277 4132 Jan'i
1311 4074 1447 4132 inde
1487 4074 1918 4133 demonstratur
1935 4077 2213 4145 Verrem,
2241 4084 2549 4152 antequam
