2984 4684
500 339 643 422 Διο
1134 339 1229 406 Μ.
1281 339 1357 406 Τ.
1412 337 1994 406 CICERONIS

496 459 649 532 haec
674 459 1014 558 cognovit
1029 513 1049 546 ‚
1068 485 1289 556 quam
1314 473 1433 545 tu,
1462 457 1823 546 Hortensi,
1841 458 1970 555 qui
1995 459 2238 540 Romae
2265 453 2462 528 fuisti
2477 459 2510 526 ?
2532 457 2624 530 ad

494 595 717 668 quem
751 571 892 643 Dio
926 567 1293 666 confugit?
1324 571 1453 667 qui
1490 569 1584 642 de
1611 570 1862 640 Dionis
1897 567 2180 664 injuriis
2213 570 2622 666 gravissime

494 704 627 778 per
654 679 891 752 literas
916 703 1083 752 cum
1103 682 1327 752 Verre
1354 693 1656 778 questus
1681 678 1802 750 es?
1837 681 2040 750 Nova
2065 675 2198 748 tibi
2233 675 2384 748 haec
2409 691 2580 748 sunt
2600 730 2622 758 ‚

496 803 568 860 et
594 789 1005 888 inopinata?
1036 814 1234 860 nunc
1260 791 1576 888 primum
1611 788 1756 860 hoc
1781 811 1990 860 aures
2027 802 2166 858 tuae
2201 788 2476 858 crimen
2509 779 2620 858 ac-

494 899 819 996 cipiunt?
858 898 1051 970 Nihil
1082 923 1173 972 ex
1208 900 1445 972 Dione
1468 898 1554 988 ¹³,
1591 898 1772 970 nihil
1803 923 1892 970 ex
1926 921 2138 968 socru
2161 911 2324 984 tua,
2355 893 2620 968 femina

494 1011 829 1105 primaria
849 1064 869 1094 ‚
927 1009 1215 1080 Servilia
1242 1065 1261 1096 ,
1320 1025 1564 1080 vetere
1621 1009 1878 1081 Dionis
1927 1007 2253 1106 hospita,
2305 1006 2620 1078 audisti?

492 1121 753 1190 Nonne
774 1118 1001 1190 multa
1024 1103 1167 1190 mei
1192 1133 1409 1191 testes
1427 1174 1447 1206 ‚
1472 1144 1634 1216 quae
1661 1133 1742 1190 tu
1764 1119 1900 1190 scis
1917 1171 1936 1206 ‚
1963 1118 2333 1188 nesciunt?
2359 1119 2622 1188 Nonne

496 1241 569 1300 te
616 1228 797 1300 mihi
842 1244 1097 1317 testem
1134 1232 1207 1300 in
1246 1230 1389 1300 hoc
1423 1231 1724 1300 crimine
1763 1229 2034 1325 eripuit
2077 1251 2228 1298 non
2267 1227 2474 1298 istius
2507 1226 2620 1296 in-

452 1339 829 1410 'nocentia
853 1392 873 1424 ,
934 1338 1057 1410 sed
1112 1339 1287 1436 legis
1315 1343 1375 1390 ¹4
1418 1339 1788 1436 exceptio?
1841 1343 2280 1410 Tnsrmoma
2327 1341 2424 1408 M.
2477 1341 2621 1406 Lu-

490 1473 729 1536 cunm,
760 1453 1081 1536 Catoni,
1116 1452 1395 1522 Diouis.

586 1563 710 1630 IX.
724 1561 1001 1630 Satisne
1020 1560 1227 1631 vobis
1244 1583 1580 1656 magnam
1605 1559 1986 1656 pecuniam
2003 1557 2356 1628 Venerius
2373 1555 2625 1640 homo,

492 1669 623 1765 qui
670 1693 713 1742 e
750 1667 1165 1741 Chelidonis
1204 1672 1371 1740 sinu
1406 1671 1481 1740 in
1521 1669 1964 1768 provinciam
1999 1663 2366 1762 profectus
2401 1680 2622 1751 esset,

490 1780 791 1850 Veneris
842 1781 1135 1851 nomine
1178 1781 1514 1876 quaesisse
1567 1777 1898 1848 videtur?
1937 1779 2254 1874 Accipite
2297 1776 2506 1846 aliam
2545 1776 2624 1844 in

494 1889 775 1960 minore
808 1893 1117 1987 pecunia
1152 1915 1301 1960 non
1340 1891 1580 1960 minus
1625 1887 2122 1987 impudentem
2167 1887 2622 1958 calumniam.

492 2000 837 2096 Sosippus
860 2014 933 2071 et
960 2002 1323 2098 Epicrates
1342 1999 1598 2070 fratres
1625 2013 1798 2070 sunt
1821 1999 2320 2096 Agyrinenses.
2347 2003 2620 2068 Horum

494 2121 703 2202 pater
728 2107 995 2180 abhinc
1032 2108 1183 2180 duo
1218 2122 1291 2180 et
1332 2135 1427 2178 xx
1466 2133 1699 2180 annos
1733 2121 1842 2180 est
1880 2121 2212 2178 mortuus
2243 2133 2262 2176 τ
2301 2109 2372 2179 in
2413 2107 2622 2202 cujus

497 2227 959 2302 testamento,
987 2216 1305 2314 quodam
1332 2219 1497 2290 loco
1514 2272 1534 2304 ,
1565 2220 1624 2288 si
1651 2219 2114 2290 commissum
2141 2227 2162 2260 ⁸
2196 2217 2372 2314 quid
2401 2229 2622 2304 esset,

492 2323 721 2396 multa
756 2341 909 2398 erat
928 2330 1217 2400 Veneri.
1266 2333 1480 2426 Ipso²
1520 2353 1616 2400 xx
1652 2353 1888 2416 anno,
1933 2353 2162 2425 quum
2205 2341 2316 2399 tot
2351 2329 2622 2398 interca

494 2448 839 2530 praetores
860 2491 881 2524 ‚
932 2451 1042 2509 tot
1092 2453 1522 2536 quaestoreS,
1589 2454 1700 2511 tot
1743 2438 2296 2510 calumniatores
2335 2441 2410 2510 in
2451 2462 2622 2536 pro·

489 2543 719 2616 vincia
744 2543 1081 2634 fuissent,
1105 2547 1463 2620 hereditas
1486 2548 1580 2620 ab
1609 2549 1722 2620 his
1753 2551 2054 2622 Veneris
2075 2551 2372 2621 nomine
2401 2553 2624 2646 petita

490 2667 619 2724 est.
667 2659 972 2726 Causam
994 2653 1021 2700 ³
1052 2663 1313 2730 Verres
1342 2662 1757 2756 cognoscit:
1795 2661 2168 2756 pecuniam
2210 2683 2340 2756 per
2362 2658 2621 2729 Volca-

497 2765 714 2834 tium⁴
752 2769 1043 2864 accipit,
1070 2767 1221 2840 fere
1250 2769 1341 2840 ad
1368 2773 1518 2840 H·S
1551 2793 1724 2841 cccc
1757 2768 2000 2857 millia,
2023 2769 2117 2841 ab
2153 2767 2446 2842 duobus
2479 2765 2622 2838 fra-

494 2872 747 2946 tribus.
794 2877 1191 2949 Multorum
1234 2881 1640 2950 testimonia
1683 2877 1982 2949 audistis
2015 2893 2246 2950 antea.
2275 2881 2624 2950 vicerunt

491 3109 725 3160 lamna·
741 3111 1047 3162 Macedoniae
1066 3115 1263 3178 prefuit
1275 3148 1291 3175 ,
1316 3127 1367 3164 et
1382 3133 1441 3166 ex
1456 3133 1510 3165 en
1671 3132 1722 3164 ι.
1753 3116 1888 3164 otim
1917 3119 2058 3180 Ipsos
2087 3117 2191 3164 XX
2210 3130 2396 3165 ame.
2412 3148 2427 3162 .
2443 3113 2620 3178 ‚petita

492 3189 809 3254 triumphavit
822 3195 885 3240 A.
900 3196 965 3242 U.
980 3195 1102 3243 682.
1597 3211 1698 3244 non
1725 3207 1810 3244 ese.
1841 3195 2076 3244 Defendit
2101 3195 2270 3243 lamb.
2298 3197 2350 3244 J.
2366 3195 2430 3242 V.
2467 3195 2526 3240 L.
2551 3219 2624 3230 --
2687 3222 2694 3234 ι

570 3268 653 3316 13.
674 3271 747 3316 Ita
764 3271 915 3320 codd.
941 3273 1104 3322 Nam.
1124 3283 1173 3322 et
1198 3275 1389 3322 meten.
1414 3291 1514 3324 ne·
1600 3277 1824 3337 Longum
1861 3275 2096 3338 κουροι-ὅσ
2125 3273 2224 3322 hoo
2259 3273 2470 3338 spatium
2509 3287 2628 3336 pro·

488 3345 745 3411 umqum
764 3351 861 3398 -de
884 3353 1063 3413 Dione,
1078 3354 1139 3401 de
1154 3370 1299 3404 socru
1316 3375 1361 3412 n,
1376 3357 1514 3418 qnod
1601 3365 1764 3418 pterea
1787 3364 1926 3416 urget
1949 3353 2147 3410 Cicero,
2175 3369 2278 3400 non
2313 3363 2368 3400 ut
2394 3349 2626 3414 pne-'en'-

489 3437 607 3474 vett.
628 3427 813 3478 habent
836 3431 1091 3481 editiones.
1132 3437 1243 3482 ,Im
1274 3436 1514 3483 Gruterus
1593 3445 1732 3498 pm
1753 3433 2008 3490 ostendat,
2027 3447 2180 3496 quum
2197 3443 2447 3495 perpetuo
2463 3441 2624 3480 cuent

492 3517 779 3558 nutaverat.
806 3513 855 3558 J.
875 3512 939 3559 V.
966 3513 1019 3558 1..
1597 3529 1668 3560 ω
1693 3514 1934 3571 senonen
1954 3513 2108 3562 sedat
2128 3511 2306 3575 probet
2323 3498 2450 3558 h'ane
2471 3510 2626 3557 aetio-

570 3595 649 3642 ¹4·
668 3587 809 3652 Legis
837 3590 1075 3654 exceptio.
1116 3592 1229 3653 Qun
1261 3592 1516 3641 vetabatur
1601 3607 1712 3640 nem
1737 3609 1800 3640 ex
1825 3593 1980 3640 solius
1991 3592 2158 3640 Verris
2183 3591 2494 3653 ung-none
2511 3605 2620 3637 m-

490 3675 741 3714 aecusator
754 3667 821 3714 rei
832 3679 1093 3732 patronum
1110 3671 1165 3718 in
1182 3672 1513 3720 testimoninm
1599 3683 1792 3736 ceptam
1817 3687 1938 3720 cane.

494 3757 685 3791 'oene-
1673 3751 1722 3798 3.
1767 3750 1982 3798 Causam
2025 3749 2162 3798 abest
2201 3767 2232 3797 a
2267 3747 2382 3797 cod.
2418 3747 2628 3797 Metelli.

562 3823 657 3871 11.
690 3839 709 3868 1
726 3859 739 3870 .
774 3825 829 3871 Si
862 3827 1181 3879 ωηιηιίηηηι.
1204 3831 1257 3877 Si
1280 3829 1401 3893 qnid
1428 3830 1514 3878 hc-
1598 3831 1631 3878 J
1635 3865 1649 3877 .
1659 3831 1722 3876 V.
1751 3831 1806 3878 1..

492 3899 631 3948 mdes
676 3903 897 3954 fecie-ent
940 3920 1135 3967 contra,
1182 3924 1329 3973 quam
1366 3920 1514 3957 testa-
1671 3918 1723 3965 4.
1753 3909 2048 3957 Volcatium.
2079 3910 2128 3956 Is
2165 3918 2268 3956 ent
2311 3907 2374 3954 de
2419 3907 2624 3954 cohorte

494 3993 663 4028 mento
694 3995 887 4032 cantum
914 3998 1069 4046 essen
1098 3989 1325 4046 multon,
1354 4005 1514 4052 poenoe
1601 3990 1828 4052 pretoria
1845 4023 1864 4047 ‚
1899 4005 2048 4052 eques
2073 4005 2322 4038 romanus.
2348 3985 2622 4036 comitibus

494 4060 715 4119 nomine,
730 4063 907 4112 Veneri
928 4067 1115 4114 solvere
1128 4067 1441 4128 jubebantur.
1603 4068 1702 4116 suin
1714 4069 1920 4130 Verres,
1934 4067 2074 4131 quan·
2103 4066 2430 4130 sequestribus
2453 4064 2624 4113 nteha-
