2984 4684
687 401 1068 471 ORATIO
1117 403 1321 472 PRO
1371 403 1446 469 P.
1503 400 1971 490 QUINTIO.
2305 398 2400 486 43

281 527 497 612 tuisti,
544 521 748 595 bona
778 528 853 595 P.
890 525 1174 612 Quintii
1226 547 1316 596 ex
1359 523 1601 595 edicto
1633 546 1957 621 possessa
2001 545 2153 592 non
2186 545 2339 593 esse
2368 523 2401 590 Ξ)

282 637 568 732 opinor,
611 647 826 704 tuum
879 637 1372 705 testimonium
1391 688 1412 724 ,
1465 632 1671 731 quod
1718 635 1795 704 in
1848 632 2082 704 aliena
2124 657 2199 704 re
2244 633 2401 704 leve

282 758 488 834 esset,
513 743 592 815 id
629 747 708 814 in
745 759 908 834 tua,
951 748 1302 843 quoniam
1331 759 1584 817 contra
1612 757 1687 815 te
1718 757 1869 833 est,
1905 745 2401 840 gravissimum

283 853 487 927 debet
503 879 680 926 esse.
709 859 964 927 Emisti
981 854 1180 927 bona
1205 861 1361 927 Sex.
1389 853 1819 953 Alpheni,L.
1845 854 2039 925 Sulla
2056 852 2405 924 dictatore

281 963 670 1052 vendente3
716 969 997 1036 socium
1031 963 1166 1038 tibi
1201 969 1280 1059 in
1309 965 1531 1062 hujus
1556 964 1773 1036 bonis
1792 974 1823 1022 ἓ
1854 963 2140 1036 edidisti
2174 966 2406 1055 Quin·

284 1077 480 1146 tium.
511 1075 724 1146 Plura
751 1083 902 1146 non
931 1074 1116 1147 dice.
1143 1079 1326 1147 Cum
1351 1100 1440 1147 eo
1471 1089 1557 1146 tu
1587 1075 2065 1150 voluntariam
2099 1078 2399 1146 societa-

283 1199 420 1256 tem
461 1184 704 1256 coibas
721 1239 747 1275 ,
784 1190 913 1283 qui
943 1201 1016 1258 te
1047 1190 1125 1257 in
1166 1185 1599 1259 hereditaria
1632 1189 1970 1258 societate
2004 1183 2405 1257 fraudarat?

281 1309 352 1366 et
390 1319 556 1366 eum
605 1295 884 1393 judicio
937 1309 1067 1368 tuo
1121 1295 1649 1395 comprobabas
1671 1351 1691 1385 ,
1740 1321 1963 1394 quem
2015 1296 2401 1393 spoliatum

279 1403 460 1478 fama
491 1403 946 1505 fortunisque
976 1406 1324 1479 omnibus
1353 1405 1843 1479 arbitrabare?

370 1513 806 1589 Diffidebam
841 1517 1282 1608 mehercule,
1313 1523 1392 1591 C.
1414 1517 1708 1616 Aquini,
1734 1517 1901 1589 satis
1933 1513 2177 1587 an¹imo
2206 1528 2405 1585 certo

281 1641 354 1698 et
384 1625 810 1700 confirmato
852 1655 968 1701 me
1005 1653 1216 1728 posse
1263 1631 1340 1700 in
1377 1629 1519 1700 hac‘
1566 1652 1777 1700 causa
1822 1629 2233 1698 consistere.
2294 1627 2411 1696 Sic

280 1735 702 1834 cogitabam,
729 1763 961 1838 quum
989 1755 1245 1810 contra
1274 1739 1603 1813 dicturus
1630 1753 1819 1810 esset
1838 1740 2308 1823 'HortensiuS,
2336 1750 2411 1806 et

279 1873 508 1946 quum
539 1863 726 1922 esset
751 1863 1024 1921 attente
1050 1849 1434 1922 auditurus
1463 1850 1865 1950 Philippus,
1897 1847 2077 1937 fore,
2108 1851 2217 1919 uti
2248 1870 2412 1945 per-

165 2012 173 2023 .
279 1957 528 2028 multis
583 1963 656 2028 in
709 1958 931 2031 rebus
995 1964 1255 2031 timore
1300 1958 1754 2066 ‘prolaberen
1834 1959 2183 2032 Dicebam
2237 1957 2413 2028 huic

279 2071 367 2158 Q.
385 2071 647 2139 Roscio
665 2066 720 2156 ³,
742 2072 949 2166 cujus
971 2095 1180 2141 soror
1202 2069 1310 2142 est
1336 2095 1507 2141 cum
1528 2069 1605 2143 P.
1620 2073 1952 2161 QuintiO,
1976 2093 2207 2167 quum
2224 2091 2268 2138 a
2292 2093 2408 2137 me

279 2193 593 2276 peteret,
625 2195 698 2250 et
721 2205 1004 2252 summe
1035 2180 1532 2271 contenderet,
1554 2194 1639 2252 ut
1666 2197 1879 2253 suum
1903 2183 2405 2298 propinquum

279 2287 764 2379 defenderem,
780 2291 961 2362 mihi
982 2290 1408 2390 perdifficile
1427 2317 1582 2364 esse
1612 2306 1865 2363 contra
1885 2293 2061 2362 tales
2088 2291 2409 2361 oratores

281 2423 430 2470 non
465 2397 684 2470 modo
723 2415 997 2473 tantam
1033 2427 1319 2474 causam
1351 2426 1725 2501 perorare,
1758 2401 1883 2473 sed
1916 2404 2221 2472 omnino
2252 2423 2409 2469 ver-

277 2509 460 2581 bum
501 2507 729 2582 facere
770 2517 1036 2585 conari.
1082 2515 1331 2603 Quum
1369 2513 1705 2611 cupidius
1746 2501 2077 2596 instaret,
2127 2509 2409 2578 homini

279 2643 414 2716 pro
463 2623 775 2692 amicitia
811 2621 1230 2693 familiarius
1273 2623 1456 2711 dixi,
1513 2623 1694 2693 mihi
1724 2621 1953 2692 videri
1996 2645 2121 2689 ore
2172 2619 2410 2688 duris·-

279 2732 510 2800 simo‘*
545 2755 738 2820 esse,
765 2737 893 2829 qui
923 2748 1277 2831 praesente
1314 2759 1402 2804 eo
1441 2748 1721 2829 gestum
1750 2755 1959 2828 agere
1996 2732 2417 2812 conaretur,

281 2845 408 2938 qui
455 2867 630 2912 vero
674 2867 834 2912 cum
878 2848 1036 2942 ipso
1082 2845 1647 2932 contenderent,
1680 2869 1845 2930 eOS,
1878 2845 2091 2912 ctiam
2134 2842 2189 2910 si
2228 2840 2409 2937 quid

277 2966 492 3023 antea
523 2957 700 3023 recti
734 2969 854 3024 aut
881 2960 1169 3027 venusti
1195 2954 1460 3025 habere
1496 2957 1623 3025 visi
1668 2968 1839 3024 sunt
1856 2948 1909 3040 ⁵,
1942 2951 2015 3022 id
2045 2954 2407 3022 amittere:

279 3085 373 3134 ne
404 3063 588 3161 quid
617 3064 798 3134 mihi
825 3066 1181 3162 ejusmodi
1215 3066 1573 3138 accideret
1592 3121 1610 3154 ,
1638 3090 1870 3163 quum
1900 3078 2154 3136 contra
2194 3065 2407 3133 talem

275 3171 632 3245 artificem
655 3173 978 3246 dicturus
1009 3201 1275 3263 essem,
1313 3201 1428 3247 me
1463 3179 1713 3248 vereri.

275 3428 432 3476 verbo
463 3429 762 3495 transs'g‘r02
797 3427 944 3493 fitque
977 3447 1066 3496 per
1095 3429 1293 3501 ζεῦγμα.
1381 3433 1745 3492 exstat·oratio;
1782 3443 1831 3480 et
1852 3433 1993 3492 cnjus
2019 3445 2235 3478 sororem
2260 3427 2411 3478 habe-

349 3523 403 3558 ο.
423 3512 486 3556 In
504 3507 648 3574 hujus
667 3509 819 3557 bonis.
839 3509 1049 3560 subaud.
1063 3512 1292 3560 emendis.
1377 3513 1467 3559 bat
1481 3513 1736 3575 Quintius.

276 3587 410 3637 mne
435 3589 551 3637 vide
586 3605 652 3656 an
687 3589 860 3637 melior
877 3589 1044 3638 Naevio
1063 3591 1296 3653 Quintius
1458 3598 1510 3647 4.
1532 3593 1627 3639 Ore
1644 3589 1919 3638 durissimo.
1936 3591 2131 3638 Summa
2155 3586 2411 3650 impuden-

275 3666 438 3716 fauit.
459 3668 616 3728 Cujus
629 3666 842 3732 Alpbeni
871 3681 1008 3732 opera
1036 3681 1134 3717 tam
1163 3671 1295 3718 bona
1383 3674 1468 3720 tia.
1513 3693 1535 3715 e
1558 3672 1735 3736 Soleo,
1777 3672 1939 3735 inquit
1960 3671 2011 3717 in
2038 3671 2181 3716 Orat.
2202 3668 2377 3716 Cicero
2394 3704 2409 3722 ,

278 3746 434 3795 fuant
461 3763 614 3806 usus,
651 3763 783 3795 nunc
810 3748 917 3809 ejus
941 3761 1096 3797 sector
1119 3749 1204 3808 fit,
1249 3761 1300 3799 et
1386 3768 1515 3816 προ
1541 3752 1706 3799 mirari
1732 3766 1899 3799 eorum
1922 3748 2295 3812 impudentiam,
2318 3749 2406 3812 qui

277 3824 560 3890 interempti
592 3827 753 3890 spolia
789 3843 879 3891 per
908 3843 1137 3878 mamam
1173 3831 1301 3892 inju-
1386 3841 1537 3896 agunt
1587 3832 1641 3878 in
1699 3845 1841 3878 scena
1893 3839 2079 3893 gestum
2100 3865 2116 3891 ,
2160 3839 2411 3892 spectante

277 3905 398 3953 riam
415 3923 444 3954 a
463 3907 804 3955 crudelissimo
823 3919 1026 3971 tyranno
1045 3921 1300 3960 mercatur.
1389 3912 1590 3960 Roscio.
1604 3934 1630 3952 ιι

273 3985 508 4036 Ceterum
537 3988 770 4036 clientem
800 4005 944 4036 suum
974 4005 1070 4039 non
1099 3993 1301 4039 omnino
1463 3991 1512 4039 5.
1538 3989 1666 4038 Beck
1692 3987 2059 4062 emendat-visi
2082 3990 2241 4045 sint-03
2274 3985 2413 4048 quod

269 4065 368 4116 hnc
391 4069 446 4116 in
471 4083 528 4115 re
548 4079 772 4116 actorem
801 4068 990 4116 inducit
1007 4069 1194 4120 Cicero.
1389 4071 1566 4135 probat
1582 4067 1778 4119 Schiitz.
1796 4069 1901 4116 Nec
1920 4067 2043 4116 male
2065 4069 2245 4126 soi-san,
2262 4079 2414 4130 quum

347 4151 393 4199 3-
437 4151 494 4212 Q.
538 4147 732 4197 Roscio-
769 4149 1008 4200 Comoedo
1027 4183 1042 4206 ,
1079 4167 1169 4218 pro
1203 4167 1303 4214 quo
1394 4167 1497 4200 non
1522 4151 1707 4198 directa
1732 4149 1793 4197 sit
1814 4149 1993 4196 oratio.
