<?xml version="1.0" encoding="UTF-8"?>
<!DOCTYPE html PUBLIC "-//W3C//DTD XHTML 1.0 Transitional//EN"
    "http://www.w3.org/TR/xhtml1/DTD/xhtml1-transitional.dtd">
<html xmlns="http://www.w3.org/1999/xhtml" xml:lang="en" lang="en">
 <head>
  <title>
</title>
<meta http-equiv="Content-Type" content="text/html;charset=utf-8" />
  <meta name='ocr-system' content='tesseract 3.04.00' />
  <meta name='ocr-capabilities' content='ocr_page ocr_carea ocr_par ocr_line ocrx_word'/>
</head>
<body>
  <div class='ocr_page' id='page_1' title='image "./mtciceronisquae03lemagoog_0032.png"; bbox 0 0 2984 4684; ppageno 0'>
   <div class='ocr_carea' id='block_1_1' title="bbox 479 352 1813 446">
    <p class='ocr_par' dir='ltr' id='par_1_1' title="bbox 479 352 1813 446">
     <span class='ocr_line' id='line_1_1' title="bbox 479 352 1813 446; baseline 0.001 -23"><span class='ocrx_word' id='word_1_1' title='bbox 479 352 670 446; x_wconf 81' lang='lat' dir='ltr'>xxxij</span> <span class='ocrx_word' id='word_1_2' title='bbox 1269 355 1813 430; x_wconf 81' lang='lat' dir='ltr'><strong>PRAEFATIO</strong></span> 
     </span>
    </p>
   </div>
   <div class='ocr_carea' id='block_1_2' title="bbox 476 476 2619 3324">
    <p class='ocr_par' dir='ltr' id='par_1_2' title="bbox 476 476 2619 3324">
     <span class='ocr_line' id='line_1_2' title="bbox 476 476 2601 575; baseline 0.001 -27"><span class='ocrx_word' id='word_1_3' title='bbox 476 491 652 548; x_wconf 89' lang='lat' dir='ltr'>runt</span> <span class='ocrx_word' id='word_1_4' title='bbox 669 505 725 545; x_wconf 67' lang='lat' dir='ltr'>a.</span> <span class='ocrx_word' id='word_1_5' title='bbox 779 476 1108 558; x_wconf 76' lang='lat' dir='ltr'>Asinium</span> <span class='ocrx_word' id='word_1_6' title='bbox 1150 477 1549 549; x_wconf 89' lang='lat' dir='ltr'>Pollionem</span> <span class='ocrx_word' id='word_1_7' title='bbox 1574 488 1594 522; x_wconf 86' lang='lat'>¹</span> <span class='ocrx_word' id='word_1_8' title='bbox 1633 500 1883 575; x_wconf 88' lang='lat' dir='ltr'>passus</span> <span class='ocrx_word' id='word_1_9' title='bbox 1918 491 2029 548; x_wconf 89' lang='lat' dir='ltr'>est</span> <span class='ocrx_word' id='word_1_10' title='bbox 2059 477 2353 549; x_wconf 80' lang='lat' dir='ltr'>rivalem</span> <span class='ocrx_word' id='word_1_11' title='bbox 2396 481 2601 550; x_wconf 81' lang='lat' dir='ltr'>vivus</span> 
     </span>
     <span class='ocr_line' id='line_1_3' title="bbox 478 585 2603 662; baseline 0.001 -4"><span class='ocrx_word' id='word_1_12' title='bbox 478 601 552 658; x_wconf 90' lang='lat' dir='ltr'>et</span> <span class='ocrx_word' id='word_1_13' title='bbox 601 585 1104 662; x_wconf 73' lang='lat' dir='ltr'>adversarium.</span> <span class='ocrx_word' id='word_1_14' title='bbox 1147 585 1487 660; x_wconf 86' lang='lat' dir='ltr'>Pollionis</span> <span class='ocrx_word' id='word_1_15' title='bbox 1532 586 1723 659; x_wconf 87' lang='lat' dir='ltr'>filius</span> <span class='ocrx_word' id='word_1_16' title='bbox 1760 588 2047 659; x_wconf 84' lang='lat' dir='ltr'>Asinius</span> <span class='ocrx_word' id='word_1_17' title='bbox 2082 586 2329 658; x_wconf 88' lang='lat' dir='ltr'><strong>Gallus</strong></span> <span class='ocrx_word' id='word_1_18' title='bbox 2380 586 2603 660; x_wconf 86' lang='lat' dir='ltr'>libros</span> 
     </span>
     <span class='ocr_line' id='line_1_4' title="bbox 481 697 2601 796; baseline -0 -28"><span class='ocrx_word' id='word_1_19' title='bbox 481 702 695 770; x_wconf 87' lang='lat' dir='ltr'>etiam</span> <span class='ocrx_word' id='word_1_20' title='bbox 732 699 808 770; x_wconf 89' lang='lat' dir='ltr'>in</span> <span class='ocrx_word' id='word_1_21' title='bbox 851 722 1022 769; x_wconf 90' lang='lat' dir='ltr'>eum</span> <span class='ocrx_word' id='word_1_22' title='bbox 1057 697 1344 796; x_wconf 84' lang='lat' dir='ltr'>scripsit</span> <span class='ocrx_word' id='word_1_23' title='bbox 1367 709 1423 786; x_wconf 85' lang='lat'>²,</span> <span class='ocrx_word' id='word_1_24' title='bbox 1459 727 1494 764; x_wconf 75' lang='grc' dir='ltr'><strong>α</strong></span> <span class='ocrx_word' id='word_1_25' title='bbox 1515 700 1593 769; x_wconf 89' lang='lat' dir='ltr'>in</span> <span class='ocrx_word' id='word_1_26' title='bbox 1636 697 1907 795; x_wconf 86' lang='lat' dir='ltr'>quibus</span> <span class='ocrx_word' id='word_1_27' title='bbox 1952 697 2441 795; x_wconf 81' lang='lat' dir='ltr'>eloquentiam</span> <span class='ocrx_word' id='word_1_28' title='bbox 2482 698 2601 768; x_wconf 86' lang='lat' dir='ltr'>Ci-</span> 
     </span>
     <span class='ocr_line' id='line_1_5' title="bbox 479 800 2605 906; baseline -0 -26"><span class='ocrx_word' id='word_1_29' title='bbox 479 805 761 880; x_wconf 85' lang='lat' dir='ltr'>ceronis</span> <span class='ocrx_word' id='word_1_30' title='bbox 793 800 1092 905; x_wconf 77' lang='lat' dir='ltr'>patei-&#39;na</span> <span class='ocrx_word' id='word_1_31' title='bbox 1117 809 1533 906; x_wconf 80' lang='lat' dir='ltr'>eloquentia</span> <span class='ocrx_word' id='word_1_32' title='bbox 1556 823 1861 881; x_wconf 89' lang='lat' dir='ltr'>conatur</span> <span class='ocrx_word' id='word_1_33' title='bbox 1890 805 2201 878; x_wconf 89' lang='lat' dir='ltr'>obruere</span> <span class='ocrx_word' id='word_1_34' title='bbox 2232 834 2249 876; x_wconf 73' lang='grc' dir='ltr'><strong><em>ε</em></strong></span> <span class='ocrx_word' id='word_1_35' title='bbox 2278 820 2353 878; x_wconf 89' lang='lat' dir='ltr'>et</span> <span class='ocrx_word' id='word_1_36' title='bbox 2386 805 2605 879; x_wconf 88' lang='lat' dir='ltr'>audet</span> 
     </span>
     <span class='ocr_line' id='line_1_6' title="bbox 480 917 2605 1017; baseline 0.001 -29"><span class='ocrx_word' id='word_1_37' title='bbox 480 921 756 1012; x_wconf 88' lang='lat' dir='ltr'>parenti</span> <span class='ocrx_word' id='word_1_38' title='bbox 806 917 896 989; x_wconf 91' lang='lat' dir='ltr'>de</span> <span class='ocrx_word' id='word_1_39' title='bbox 951 921 1300 990; x_wconf 84' lang='lat' dir='ltr'>Cicerone</span> <span class='ocrx_word' id='word_1_40' title='bbox 1351 917 1523 991; x_wconf 89' lang='lat' dir='ltr'>dare</span> <span class='ocrx_word' id='word_1_41' title='bbox 1566 918 1879 1017; x_wconf 88' lang='lat' dir='ltr'>palmam</span> <span class='ocrx_word' id='word_1_42' title='bbox 1928 917 2159 990; x_wconf 88' lang='lat' dir='ltr'>laudis</span> <span class='ocrx_word' id='word_1_43' title='bbox 2208 919 2605 990; x_wconf 74' lang='lat' dir='ltr'>oratoriae».</span> 
     </span>
     <span class='ocr_line' id='line_1_7' title="bbox 483 1025 2609 1126; baseline 0.001 -30"><span class='ocrx_word' id='word_1_44' title='bbox 483 1025 822 1107; x_wconf 80' lang='lat' dir='ltr'>Claudius</span> <span class='ocrx_word' id='word_1_45' title='bbox 847 1030 1237 1124; x_wconf 88' lang='lat' dir='ltr'>imperator</span> <span class='ocrx_word' id='word_1_46' title='bbox 1269 1031 1503 1119; x_wconf 90' lang='lat' dir='ltr'>(Suet.</span> <span class='ocrx_word' id='word_1_47' title='bbox 1535 1030 1615 1100; x_wconf 92' lang='lat' dir='ltr'>in</span> <span class='ocrx_word' id='word_1_48' title='bbox 1646 1028 1898 1101; x_wconf 86' lang='lat' dir='ltr'>Claud.</span> <span class='ocrx_word' id='word_1_49' title='bbox 1926 1052 2081 1126; x_wconf 90' lang='lat' dir='ltr'>cap.</span> <span class='ocrx_word' id='word_1_50' title='bbox 2108 1025 2233 1124; x_wconf 77' lang='lat'>41)</span> <span class='ocrx_word' id='word_1_51' title='bbox 2267 1026 2609 1100; x_wconf 83' lang='lat' dir='ltr'>adversus</span> 
     </span>
     <span class='ocr_line' id='line_1_8' title="bbox 481 1135 2606 1219; baseline 0.002 -13"><span class='ocrx_word' id='word_1_52' title='bbox 481 1135 618 1208; x_wconf 89' lang='lat' dir='ltr'>hos</span> <span class='ocrx_word' id='word_1_53' title='bbox 651 1136 837 1219; x_wconf 84' lang='lat' dir='ltr'>Galli</span> <span class='ocrx_word' id='word_1_54' title='bbox 877 1136 1102 1216; x_wconf 87' lang='lat' dir='ltr'>libros</span> <span class='ocrx_word' id='word_1_55' title='bbox 1137 1137 1460 1210; x_wconf 87' lang='lat' dir='ltr'>condidit</span> <span class='ocrx_word' id='word_1_56' title='bbox 1502 1137 1995 1214; x_wconf 76' lang='lat' dir='ltr'>defensionem</span> <span class='ocrx_word' id='word_1_57' title='bbox 2026 1139 2195 1210; x_wconf 88' lang='lat' dir='ltr'>satis</span> <span class='ocrx_word' id='word_1_58' title='bbox 2230 1136 2606 1210; x_wconf 87' lang='lat' dir='ltr'>eruditam.</span> 
     </span>
     <span class='ocr_line' id='line_1_9' title="bbox 481 1247 2610 1345; baseline 0.002 -29"><span class='ocrx_word' id='word_1_59' title='bbox 481 1251 825 1324; x_wconf 83' lang='lat' dir='ltr'>Praeterea</span> <span class='ocrx_word' id='word_1_60' title='bbox 857 1263 1216 1320; x_wconf 85' lang='lat' dir='ltr'>memorat</span> <span class='ocrx_word' id='word_1_61' title='bbox 1249 1250 1330 1319; x_wconf 87' lang='lat' dir='ltr'>A.</span> <span class='ocrx_word' id='word_1_62' title='bbox 1371 1247 1649 1320; x_wconf 87' lang='lat' dir='ltr'>Gellius</span> <span class='ocrx_word' id='word_1_63' title='bbox 1678 1247 1853 1345; x_wconf 90' lang='lat' dir='ltr'>(lib.</span> <span class='ocrx_word' id='word_1_64' title='bbox 1872 1253 2097 1334; x_wconf 85' lang='lat' dir='ltr'>XVII,</span> <span class='ocrx_word' id='word_1_65' title='bbox 2120 1271 2275 1345; x_wconf 84' lang='lat' dir='ltr'>cap.</span> <span class='ocrx_word' id='word_1_66' title='bbox 2304 1247 2368 1343; x_wconf 86' lang='grc' dir='ltr'>ι)</span> <span class='ocrx_word' id='word_1_67' title='bbox 2398 1251 2610 1345; x_wconf 81' lang='lat' dir='ltr'>Largi</span> 
     </span>
     <span class='ocr_line' id='line_1_10' title="bbox 483 1354 2609 1456; baseline 0 -29"><span class='ocrx_word' id='word_1_68' title='bbox 483 1354 858 1450; x_wconf 84' lang='lat' dir='ltr'>cujusdam</span> <span class='ocrx_word' id='word_1_69' title='bbox 889 1358 1146 1429; x_wconf 89' lang='lat' dir='ltr'>Licinii</span> <span class='ocrx_word' id='word_1_70' title='bbox 1180 1358 1434 1430; x_wconf 84' lang='lat' dir='ltr'>librum</span> <span class='ocrx_word' id='word_1_71' title='bbox 1472 1359 1903 1456; x_wconf 82' lang='lat' dir='ltr'>inscriptum</span> <span class='ocrx_word' id='word_1_72' title='bbox 1930 1358 2073 1429; x_wconf 90' lang='lat' dir='ltr'>hoc</span> <span class='ocrx_word' id='word_1_73' title='bbox 2116 1356 2331 1430; x_wconf 90' lang='lat' dir='ltr'>titulo</span> <span class='ocrx_word' id='word_1_74' title='bbox 2350 1413 2369 1446; x_wconf 93' lang='lat'>‚</span> <span class='ocrx_word' id='word_1_75' title='bbox 2408 1361 2609 1429; x_wconf 77' lang='lat' dir='ltr'>Cice-</span> 
     </span>
     <span class='ocr_line' id='line_1_11' title="bbox 484 1465 2613 1564; baseline -0 -28"><span class='ocrx_word' id='word_1_76' title='bbox 484 1471 851 1538; x_wconf 64' lang='lat' dir='ltr'>mmastaelae.</span> <span class='ocrx_word' id='word_1_77' title='bbox 893 1469 1079 1538; x_wconf 91' lang='lat' dir='ltr'>Sunt</span> <span class='ocrx_word' id='word_1_78' title='bbox 1119 1470 1336 1538; x_wconf 88' lang='lat' dir='ltr'>etiam</span> <span class='ocrx_word' id='word_1_79' title='bbox 1387 1465 1552 1538; x_wconf 81' lang='lat' dir='ltr'>alii³</span> <span class='ocrx_word' id='word_1_80' title='bbox 1594 1468 1837 1556; x_wconf 87' lang='lat' dir='ltr'>multi,</span> <span class='ocrx_word' id='word_1_81' title='bbox 1882 1491 2203 1564; x_wconf 85' lang='lat' dir='ltr'>quorum</span> <span class='ocrx_word' id='word_1_82' title='bbox 2251 1470 2613 1564; x_wconf 81' lang='lat' dir='ltr'>iniquiora</span> 
     </span>
     <span class='ocr_line' id='line_1_12' title="bbox 483 1574 2611 1674; baseline -0 -28"><span class='ocrx_word' id='word_1_83' title='bbox 483 1577 576 1648; x_wconf 87' lang='lat' dir='ltr'>de</span> <span class='ocrx_word' id='word_1_84' title='bbox 613 1601 688 1648; x_wconf 90' lang='lat' dir='ltr'>se</span> <span class='ocrx_word' id='word_1_85' title='bbox 725 1574 992 1670; x_wconf 86' lang='lat' dir='ltr'>judicia</span> <span class='ocrx_word' id='word_1_86' title='bbox 1027 1591 1102 1647; x_wconf 90' lang='lat' dir='ltr'>et</span> <span class='ocrx_word' id='word_1_87' title='bbox 1145 1576 1745 1673; x_wconf 86' lang='lat' dir='ltr'>reprehensiones</span> <span class='ocrx_word' id='word_1_88' title='bbox 1782 1575 2102 1674; x_wconf 85' lang='lat' dir='ltr'>effugere</span> <span class='ocrx_word' id='word_1_89' title='bbox 2142 1575 2422 1648; x_wconf 86' lang='lat' dir='ltr'>Tullius</span> <span class='ocrx_word' id='word_1_90' title='bbox 2458 1599 2611 1646; x_wconf 90' lang='lat' dir='ltr'>non</span> 
     </span>
     <span class='ocr_line' id='line_1_13' title="bbox 481 1683 2611 1784; baseline -0.001 -28"><span class='ocrx_word' id='word_1_91' title='bbox 481 1689 746 1782; x_wconf 90' lang='lat' dir='ltr'>potuit.</span> <span class='ocrx_word' id='word_1_92' title='bbox 787 1689 898 1757; x_wconf 92' lang='lat' dir='ltr'>De</span> <span class='ocrx_word' id='word_1_93' title='bbox 929 1709 1246 1784; x_wconf 90' lang='lat' dir='ltr'>quorum</span> <span class='ocrx_word' id='word_1_94' title='bbox 1273 1687 1601 1757; x_wconf 84' lang='lat' dir='ltr'>omnium</span> <span class='ocrx_word' id='word_1_95' title='bbox 1632 1683 1907 1781; x_wconf 86' lang='lat' dir='ltr'>judicio</span> <span class='ocrx_word' id='word_1_96' title='bbox 1938 1685 2119 1782; x_wconf 88' lang='lat' dir='ltr'>quid</span> <span class='ocrx_word' id='word_1_97' title='bbox 2150 1683 2611 1758; x_wconf 88' lang='lat' dir='ltr'>sentiendum</span> 
     </span>
     <span class='ocr_line' id='line_1_14' title="bbox 487 1793 2613 1893; baseline -0.001 -27"><span class='ocrx_word' id='word_1_98' title='bbox 487 1797 580 1866; x_wconf 80' lang='lat' dir='ltr'>sit</span> <span class='ocrx_word' id='word_1_99' title='bbox 609 1793 986 1892; x_wconf 85' lang='lat' dir='ltr'>magnifice</span> <span class='ocrx_word' id='word_1_100' title='bbox 1013 1794 1324 1867; x_wconf 85' lang='lat' dir='ltr'>declarat</span> <span class='ocrx_word' id='word_1_101' title='bbox 1350 1798 1434 1867; x_wconf 80' lang='lat' dir='ltr'>A.</span> <span class='ocrx_word' id='word_1_102' title='bbox 1469 1796 1777 1882; x_wconf 84' lang='lat' dir='ltr'>Gellius,</span> <span class='ocrx_word' id='word_1_103' title='bbox 1804 1793 1932 1866; x_wconf 88' lang='lat' dir='ltr'>ubi</span> <span class='ocrx_word' id='word_1_104' title='bbox 1970 1819 2187 1893; x_wconf 90' lang='lat' dir='ltr'>supra</span> <span class='ocrx_word' id='word_1_105' title='bbox 2217 1821 2233 1866; x_wconf 76' lang='lat' dir='ltr'>t</span> <span class='ocrx_word' id='word_1_106' title='bbox 2262 1825 2297 1874; x_wconf 66' lang='grc' dir='ltr'><strong>α</strong></span> <span class='ocrx_word' id='word_1_107' title='bbox 2326 1797 2425 1864; x_wconf 88' lang='lat' dir='ltr'>Ut</span> <span class='ocrx_word' id='word_1_108' title='bbox 2446 1795 2613 1891; x_wconf 86' lang='lat' dir='ltr'>qui-</span> 
     </span>
     <span class='ocr_line' id='line_1_15' title="bbox 487 1903 2615 2004; baseline 0.001 -30"><span class='ocrx_word' id='word_1_109' title='bbox 487 1903 694 1992; x_wconf 89' lang='lat' dir='ltr'>dam,</span> <span class='ocrx_word' id='word_1_110' title='bbox 733 1907 1006 2002; x_wconf 88' lang='lat' dir='ltr'>inquit,</span> <span class='ocrx_word' id='word_1_111' title='bbox 1041 1903 1340 1976; x_wconf 88' lang='lat' dir='ltr'>fuerunt</span> <span class='ocrx_word' id='word_1_112' title='bbox 1379 1920 1699 1977; x_wconf 88' lang='lat' dir='ltr'>monstra</span> <span class='ocrx_word' id='word_1_113' title='bbox 1730 1904 2117 1977; x_wconf 87' lang='lat' dir='ltr'>hominum</span> <span class='ocrx_word' id='word_1_114' title='bbox 2156 1909 2286 2004; x_wconf 89' lang='lat' dir='ltr'>qui</span> <span class='ocrx_word' id='word_1_115' title='bbox 2344 1905 2434 1978; x_wconf 90' lang='lat' dir='ltr'>de</span> <span class='ocrx_word' id='word_1_116' title='bbox 2480 1903 2615 1976; x_wconf 85' lang='lat' dir='ltr'>diis</span> 
     </span>
     <span class='ocr_line' id='line_1_16' title="bbox 486 2012 2613 2115; baseline 0.001 -33"><span class='ocrx_word' id='word_1_117' title='bbox 486 2013 1010 2086; x_wconf 85' lang='lat' dir='ltr'>immortalibus</span> <span class='ocrx_word' id='word_1_118' title='bbox 1032 2015 1289 2115; x_wconf 89' lang='lat' dir='ltr'>impias</span> <span class='ocrx_word' id='word_1_119' title='bbox 1307 2012 1661 2113; x_wconf 88' lang='lat' dir='ltr'>falsasque</span> <span class='ocrx_word' id='word_1_120' title='bbox 1688 2018 2069 2113; x_wconf 82' lang='lat' dir='ltr'>opiniones</span> <span class='ocrx_word' id='word_1_121' title='bbox 2096 2014 2613 2114; x_wconf 78' lang='lat' dir='ltr'>prodiderunt3</span> 
     </span>
     <span class='ocr_line' id='line_1_17' title="bbox 487 2123 2617 2226; baseline 0.002 -34"><span class='ocrx_word' id='word_1_122' title='bbox 487 2125 588 2194; x_wconf 88' lang='lat' dir='ltr'>ita</span> <span class='ocrx_word' id='word_1_123' title='bbox 622 2123 959 2209; x_wconf 80' lang='lat' dir='ltr'>nonnulli</span> <span class='ocrx_word' id='word_1_124' title='bbox 995 2139 1142 2196; x_wconf 87' lang='lat' dir='ltr'>tam</span> <span class='ocrx_word' id='word_1_125' title='bbox 1175 2124 1602 2226; x_wconf 86' lang='lat' dir='ltr'>prodigiosi,</span> <span class='ocrx_word' id='word_1_126' title='bbox 1626 2139 1922 2224; x_wconf 88' lang='lat' dir='ltr'>tamque</span> <span class='ocrx_word' id='word_1_127' title='bbox 1960 2125 2303 2198; x_wconf 80' lang='lat' dir='ltr'>vecordes</span> <span class='ocrx_word' id='word_1_128' title='bbox 2339 2126 2617 2202; x_wconf 77' lang='lat' dir='ltr'>exstite-</span> 
     </span>
     <span class='ocr_line' id='line_1_18' title="bbox 488 2232 2615 2336; baseline 0 -30"><span class='ocrx_word' id='word_1_129' title='bbox 488 2247 690 2322; x_wconf 87' lang='lat' dir='ltr'>runt,</span> <span class='ocrx_word' id='word_1_130' title='bbox 703 2249 786 2305; x_wconf 91' lang='lat' dir='ltr'>ut</span> <span class='ocrx_word' id='word_1_131' title='bbox 807 2232 1120 2316; x_wconf 81' lang='lat' dir='ltr'>scribere</span> <span class='ocrx_word' id='word_1_132' title='bbox 1143 2239 1296 2312; x_wconf 87' lang='lat' dir='ltr'>ausi</span> <span class='ocrx_word' id='word_1_133' title='bbox 1318 2239 1464 2308; x_wconf 89' lang='lat' dir='ltr'>sint</span> <span class='ocrx_word' id='word_1_134' title='bbox 1477 2241 1578 2308; x_wconf 87' lang='lat' dir='ltr'>M.</span> <span class='ocrx_word' id='word_1_135' title='bbox 1593 2241 2019 2310; x_wconf 88' lang='lat' dir='ltr'>Ciceronem</span> <span class='ocrx_word' id='word_1_136' title='bbox 2034 2261 2295 2336; x_wconf 90' lang='lat' dir='ltr'>parum</span> <span class='ocrx_word' id='word_1_137' title='bbox 2311 2239 2615 2334; x_wconf 86' lang='lat' dir='ltr'>integre,</span> 
     </span>
     <span class='ocr_line' id='line_1_19' title="bbox 491 2345 2616 2444; baseline 0.001 -30"><span class='ocrx_word' id='word_1_138' title='bbox 491 2357 711 2440; x_wconf 88' lang='lat' dir='ltr'>atque</span> <span class='ocrx_word' id='word_1_139' title='bbox 747 2345 1176 2442; x_wconf 83' lang='lat' dir='ltr'>improprie,</span> <span class='ocrx_word' id='word_1_140' title='bbox 1216 2360 1436 2443; x_wconf 88' lang='lat' dir='ltr'>atque</span> <span class='ocrx_word' id='word_1_141' title='bbox 1471 2345 1999 2425; x_wconf 84' lang='lat' dir='ltr'>inconsiderate</span> <span class='ocrx_word' id='word_1_142' title='bbox 2040 2347 2453 2444; x_wconf 85' lang='lat' dir='ltr'>loquutum.</span> <span class='ocrx_word' id='word_1_143' title='bbox 2492 2351 2616 2416; x_wconf 80' lang='lat' dir='ltr'>At·-</span> 
     </span>
     <span class='ocr_line' id='line_1_20' title="bbox 489 2452 2615 2556; baseline 0.001 -32"><span class='ocrx_word' id='word_1_144' title='bbox 489 2477 638 2548; x_wconf 85' lang='lat' dir='ltr'>que</span> <span class='ocrx_word' id='word_1_145' title='bbox 678 2452 814 2544; x_wconf 84' lang='lat' dir='ltr'>alia</span> <span class='ocrx_word' id='word_1_146' title='bbox 847 2453 1142 2552; x_wconf 81' lang='lat' dir='ltr'>quidem</span> <span class='ocrx_word' id='word_1_147' title='bbox 1185 2481 1348 2554; x_wconf 82' lang='lat' dir='ltr'>quae</span> <span class='ocrx_word' id='word_1_148' title='bbox 1390 2455 2052 2556; x_wconf 89' lang='lat' dir='ltr'>reprehenderunt,</span> <span class='ocrx_word' id='word_1_149' title='bbox 2098 2481 2339 2555; x_wconf 90' lang='lat' dir='ltr'>neque</span> <span class='ocrx_word' id='word_1_150' title='bbox 2374 2455 2573 2527; x_wconf 89' lang='lat' dir='ltr'>dictu</span> <span class='ocrx_word' id='word_1_151' title='bbox 2594 2509 2615 2536; x_wconf 84' lang='lat'><strong>.</strong></span> 
     </span>
     <span class='ocr_line' id='line_1_21' title="bbox 491 2562 2613 2664; baseline 0.003 -34"><span class='ocrx_word' id='word_1_152' title='bbox 491 2584 732 2658; x_wconf 89' lang='lat' dir='ltr'>neque</span> <span class='ocrx_word' id='word_1_153' title='bbox 767 2562 1018 2636; x_wconf 79' lang='lat' dir='ltr'>auditu</span> <span class='ocrx_word' id='word_1_154' title='bbox 1053 2564 1270 2664; x_wconf 85' lang='lat' dir='ltr'>digna</span> <span class='ocrx_word' id='word_1_155' title='bbox 1313 2581 1523 2654; x_wconf 88' lang='lat' dir='ltr'>sunt,</span> <span class='ocrx_word' id='word_1_156' title='bbox 1565 2565 1695 2638; x_wconf 90' lang='lat' dir='ltr'>sed</span> <span class='ocrx_word' id='word_1_157' title='bbox 1732 2568 1957 2656; x_wconf 87' lang='lat' dir='ltr'>enim,</span> <span class='ocrx_word' id='word_1_158' title='bbox 1996 2581 2130 2640; x_wconf 88' lang='lat' dir='ltr'>etc.</span> <span class='ocrx_word' id='word_1_159' title='bbox 2159 2596 2196 2633; x_wconf 73' lang='lat'>2)</span> <span class='ocrx_word' id='word_1_160' title='bbox 2236 2570 2394 2656; x_wconf 87' lang='lat' dir='ltr'>Sic,</span> <span class='ocrx_word' id='word_1_161' title='bbox 2438 2564 2613 2636; x_wconf 89' lang='lat' dir='ltr'>dum</span> 
     </span>
     <span class='ocr_line' id='line_1_22' title="bbox 485 2672 2615 2775; baseline 0.001 -31"><span class='ocrx_word' id='word_1_162' title='bbox 485 2672 661 2744; x_wconf 77' lang='lat' dir='ltr'>viles</span> <span class='ocrx_word' id='word_1_163' title='bbox 703 2673 794 2746; x_wconf 91' lang='lat' dir='ltr'>de</span> <span class='ocrx_word' id='word_1_164' title='bbox 835 2673 1010 2747; x_wconf 92' lang='lat' dir='ltr'>ludo</span> <span class='ocrx_word' id='word_1_165' title='bbox 1062 2674 1577 2754; x_wconf 84' lang='lat' dir='ltr'>declamatores</span> <span class='ocrx_word' id='word_1_166' title='bbox 1594 2732 1617 2765; x_wconf 92' lang='lat'>,</span> <span class='ocrx_word' id='word_1_167' title='bbox 1668 2701 1857 2775; x_wconf 86' lang='lat' dir='ltr'>quos</span> <span class='ocrx_word' id='word_1_168' title='bbox 1902 2675 2199 2749; x_wconf 90' lang='lat' dir='ltr'>tenebat</span> <span class='ocrx_word' id='word_1_169' title='bbox 2238 2701 2423 2748; x_wconf 84' lang='lat' dir='ltr'>verae</span> <span class='ocrx_word' id='word_1_170' title='bbox 2464 2675 2615 2748; x_wconf 86' lang='lat' dir='ltr'>elo·-</span> 
     </span>
     <span class='ocr_line' id='line_1_23' title="bbox 487 2784 2617 2886; baseline 0.002 -33"><span class='ocrx_word' id='word_1_171' title='bbox 487 2786 804 2880; x_wconf 73' lang='lat' dir='ltr'>quentiae.</span> <span class='ocrx_word' id='word_1_172' title='bbox 825 2785 1241 2864; x_wconf 78' lang='lat' dir='ltr'>miserabilis</span> <span class='ocrx_word' id='word_1_173' title='bbox 1258 2789 1616 2886; x_wconf 87' lang='lat' dir='ltr'>ignoratio</span> <span class='ocrx_word' id='word_1_174' title='bbox 1632 2841 1652 2876; x_wconf 95' lang='lat'>,</span> <span class='ocrx_word' id='word_1_175' title='bbox 1688 2784 1947 2859; x_wconf 87' lang='lat' dir='ltr'>famam</span> <span class='ocrx_word' id='word_1_176' title='bbox 1967 2786 2105 2858; x_wconf 89' lang='lat' dir='ltr'>sibi</span> <span class='ocrx_word' id='word_1_177' title='bbox 2131 2812 2219 2859; x_wconf 80' lang='lat' dir='ltr'>ex</span> <span class='ocrx_word' id='word_1_178' title='bbox 2252 2787 2617 2858; x_wconf 87' lang='lat' dir='ltr'>Ciceronis</span> 
     </span>
     <span class='ocr_line' id='line_1_24' title="bbox 487 2891 2617 2996; baseline 0.003 -36"><span class='ocrx_word' id='word_1_179' title='bbox 487 2891 782 2966; x_wconf 88' lang='lat' dir='ltr'>infamia</span> <span class='ocrx_word' id='word_1_180' title='bbox 822 2894 1030 2967; x_wconf 89' lang='lat' dir='ltr'>ibant</span> <span class='ocrx_word' id='word_1_181' title='bbox 1065 2911 1605 2996; x_wconf 83' lang='lat' dir='ltr'>comparatum;</span> <span class='ocrx_word' id='word_1_182' title='bbox 1635 2897 1915 2968; x_wconf 89' lang='lat' dir='ltr'>interea</span> <span class='ocrx_word' id='word_1_183' title='bbox 1948 2917 2134 2966; x_wconf 84' lang='lat' dir='ltr'>sanae</span> <span class='ocrx_word' id='word_1_184' title='bbox 2174 2896 2436 2967; x_wconf 89' lang='lat' dir='ltr'>mentis</span> <span class='ocrx_word' id='word_1_185' title='bbox 2479 2894 2617 2966; x_wconf 88' lang='lat' dir='ltr'>ho·</span> 
     </span>
     <span class='ocr_line' id='line_1_25' title="bbox 491 3003 2617 3106; baseline 0.002 -34"><span class='ocrx_word' id='word_1_186' title='bbox 491 3003 761 3086; x_wconf 89' lang='lat' dir='ltr'>mines,</span> <span class='ocrx_word' id='word_1_187' title='bbox 801 3003 1170 3092; x_wconf 88' lang='lat' dir='ltr'>doctrina,</span> <span class='ocrx_word' id='word_1_188' title='bbox 1231 3021 1451 3104; x_wconf 84' lang='lat' dir='ltr'>atque</span> <span class='ocrx_word' id='word_1_189' title='bbox 1493 3008 1823 3080; x_wconf 89' lang='lat' dir='ltr'>omnium</span> <span class='ocrx_word' id='word_1_190' title='bbox 1868 3007 2127 3078; x_wconf 87' lang='lat' dir='ltr'>artium</span> <span class='ocrx_word' id='word_1_191' title='bbox 2176 3009 2617 3106; x_wconf 87' lang='lat' dir='ltr'>optimarum</span> 
     </span>
     <span class='ocr_line' id='line_1_26' title="bbox 493 3111 2619 3214; baseline 0.002 -30"><span class='ocrx_word' id='word_1_192' title='bbox 493 3111 746 3185; x_wconf 89' lang='lat' dir='ltr'>studiis</span> <span class='ocrx_word' id='word_1_193' title='bbox 787 3114 1092 3203; x_wconf 90' lang='lat' dir='ltr'>eruditi,</span> <span class='ocrx_word' id='word_1_194' title='bbox 1123 3129 1431 3212; x_wconf 90' lang='lat' dir='ltr'>uterque</span> <span class='ocrx_word' id='word_1_195' title='bbox 1462 3116 1769 3204; x_wconf 90' lang='lat' dir='ltr'>Plinius;</span> <span class='ocrx_word' id='word_1_196' title='bbox 1809 3119 1910 3186; x_wconf 87' lang='lat' dir='ltr'>M.</span> <span class='ocrx_word' id='word_1_197' title='bbox 1938 3120 2241 3204; x_wconf 90' lang='lat' dir='ltr'>Seneca,</span> <span class='ocrx_word' id='word_1_198' title='bbox 2270 3121 2351 3187; x_wconf 92' lang='lat' dir='ltr'>L.</span> <span class='ocrx_word' id='word_1_199' title='bbox 2376 3113 2619 3214; x_wconf 89' lang='lat' dir='ltr'>philo-</span> 
     </span>
     <span class='ocr_line' id='line_1_27' title="bbox 495 3223 2619 3324; baseline 0.001 -31"><span class='ocrx_word' id='word_1_200' title='bbox 495 3223 706 3320; x_wconf 83' lang='lat' dir='ltr'>sophi</span> <span class='ocrx_word' id='word_1_201' title='bbox 730 3238 968 3322; x_wconf 85' lang='lat' dir='ltr'>pater;</span> <span class='ocrx_word' id='word_1_202' title='bbox 983 3223 1240 3297; x_wconf 89' lang='lat' dir='ltr'>Fabius</span> <span class='ocrx_word' id='word_1_203' title='bbox 1257 3253 1278 3314; x_wconf 87' lang='lat'>;</span> <span class='ocrx_word' id='word_1_204' title='bbox 1307 3225 1579 3302; x_wconf 81' lang='lat' dir='ltr'>Gellius</span> <span class='ocrx_word' id='word_1_205' title='bbox 1597 3253 1617 3315; x_wconf 92' lang='lat'>;</span> <span class='ocrx_word' id='word_1_206' title='bbox 1640 3241 1713 3298; x_wconf 89' lang='lat' dir='ltr'>et</span> <span class='ocrx_word' id='word_1_207' title='bbox 1730 3241 2099 3324; x_wconf 88' lang='lat' dir='ltr'>quotquot</span> <span class='ocrx_word' id='word_1_208' title='bbox 2111 3231 2337 3298; x_wconf 84' lang='lat' dir='ltr'>Roma</span> <span class='ocrx_word' id='word_1_209' title='bbox 2361 3224 2619 3310; x_wconf 83' lang='lat' dir='ltr'>habuit</span> 
     </span>
    </p>
   </div>
   <div class='ocr_carea' id='block_1_3' title="bbox 411 3459 2620 3970">
    <p class='ocr_par' dir='ltr' id='par_1_3' title="bbox 411 3459 2620 3970">
     <span class='ocr_line' id='line_1_28' title="bbox 563 3459 2619 3546; baseline 0 -18"><span class='ocrx_word' id='word_1_210' title='bbox 563 3459 615 3529; x_wconf 61' lang='grc' dir='ltr'>ἰ.</span> <span class='ocrx_word' id='word_1_211' title='bbox 645 3481 740 3529; x_wconf 80' lang='lat' dir='ltr'>Hic</span> <span class='ocrx_word' id='word_1_212' title='bbox 765 3493 840 3529; x_wconf 82' lang='lat' dir='ltr'>est</span> <span class='ocrx_word' id='word_1_213' title='bbox 861 3479 1058 3529; x_wconf 78' lang='lat' dir='ltr'>Asinius</span> <span class='ocrx_word' id='word_1_214' title='bbox 1081 3480 1241 3530; x_wconf 82' lang='lat' dir='ltr'>Pollio</span> <span class='ocrx_word' id='word_1_215' title='bbox 1265 3481 1410 3531; x_wconf 82' lang='lat' dir='ltr'>bonis</span> <span class='ocrx_word' id='word_1_216' title='bbox 1438 3483 1667 3532; x_wconf 83' lang='lat' dir='ltr'>omnibus</span> <span class='ocrx_word' id='word_1_217' title='bbox 1696 3483 1787 3531; x_wconf 64' lang='lat' dir='ltr'>evi</span> <span class='ocrx_word' id='word_1_218' title='bbox 1814 3484 1893 3531; x_wconf 80' lang='lat' dir='ltr'>ani</span> <span class='ocrx_word' id='word_1_219' title='bbox 1916 3481 2241 3546; x_wconf 73' lang='lat' dir='ltr'>scriptoribus</span> <span class='ocrx_word' id='word_1_220' title='bbox 2265 3469 2502 3532; x_wconf 71' lang='lat' dir='ltr'>intestnsz</span> <span class='ocrx_word' id='word_1_221' title='bbox 2532 3485 2619 3546; x_wconf 82' lang='lat' dir='ltr'>qni</span> 
     </span>
     <span class='ocr_line' id='line_1_29' title="bbox 493 3567 2620 3634; baseline 0.001 -18"><span class='ocrx_word' id='word_1_222' title='bbox 493 3568 553 3616; x_wconf 87' lang='lat' dir='ltr'>C.</span> <span class='ocrx_word' id='word_1_223' title='bbox 562 3567 797 3618; x_wconf 64' lang='lat' dir='ltr'>‚Sallustii</span> <span class='ocrx_word' id='word_1_224' title='bbox 819 3569 1000 3633; x_wconf 79' lang='lat' dir='ltr'>scripta</span> <span class='ocrx_word' id='word_1_225' title='bbox 1030 3569 1440 3634; x_wconf 75' lang='lat' dir='ltr'>reprehendebat,</span> <span class='ocrx_word' id='word_1_226' title='bbox 1476 3582 1536 3619; x_wconf 85' lang='lat' dir='ltr'>nt</span> <span class='ocrx_word' id='word_1_227' title='bbox 1559 3572 1707 3618; x_wconf 81' lang='lat' dir='ltr'>nimia</span> <span class='ocrx_word' id='word_1_228' title='bbox 1730 3570 2003 3634; x_wconf 76' lang='lat' dir='ltr'>priscorum</span> <span class='ocrx_word' id='word_1_229' title='bbox 2024 3569 2284 3624; x_wconf 72' lang='lat' dir='ltr'>verborum</span> <span class='ocrx_word' id='word_1_230' title='bbox 2312 3569 2620 3630; x_wconf 68' lang='lat' dir='ltr'>affectatione</span> 
     </span>
     <span class='ocr_line' id='line_1_30' title="bbox 493 3654 2617 3722; baseline 0.002 -19"><span class='ocrx_word' id='word_1_231' title='bbox 493 3654 646 3703; x_wconf 80' lang='lat' dir='ltr'>oblita</span> <span class='ocrx_word' id='word_1_232' title='bbox 668 3669 683 3702; x_wconf 90' lang='lat'><strong>:</strong></span> <span class='ocrx_word' id='word_1_233' title='bbox 715 3657 800 3719; x_wconf 83' lang='lat' dir='ltr'>qni</span> <span class='ocrx_word' id='word_1_234' title='bbox 826 3659 879 3704; x_wconf 89' lang='lat' dir='ltr'>in</span> <span class='ocrx_word' id='word_1_235' title='bbox 905 3658 964 3705; x_wconf 87' lang='lat' dir='ltr'>T.</span> <span class='ocrx_word' id='word_1_236' title='bbox 992 3657 1133 3705; x_wconf 81' lang='lat' dir='ltr'>Livio</span> <span class='ocrx_word' id='word_1_237' title='bbox 1157 3657 1292 3706; x_wconf 68' lang='lat' dir='ltr'>mira</span> <span class='ocrx_word' id='word_1_238' title='bbox 1323 3658 1564 3706; x_wconf 71' lang='lat' dir='ltr'>facundiae</span> <span class='ocrx_word' id='word_1_239' title='bbox 1590 3661 1697 3707; x_wconf 81' lang='lat' dir='ltr'>viro</span> <span class='ocrx_word' id='word_1_240' title='bbox 1717 3657 2090 3706; x_wconf 74' lang='lat' dir='ltr'>Patavinieatem</span> <span class='ocrx_word' id='word_1_241' title='bbox 2115 3655 2375 3722; x_wconf 80' lang='lat' dir='ltr'>quamdam</span> <span class='ocrx_word' id='word_1_242' title='bbox 2399 3656 2617 3720; x_wconf 79' lang='lat' dir='ltr'>notabat.</span> 
     </span>
     <span class='ocr_line' id='line_1_31' title="bbox 489 3743 2619 3795; baseline 0.002 -5"><span class='ocrx_word' id='word_1_243' title='bbox 489 3745 541 3790; x_wconf 87' lang='lat' dir='ltr'>Is</span> <span class='ocrx_word' id='word_1_244' title='bbox 553 3743 754 3790; x_wconf 79' lang='lat' dir='ltr'>Verrem</span> <span class='ocrx_word' id='word_1_245' title='bbox 779 3743 1028 3793; x_wconf 74' lang='lat' dir='ltr'>Ciceronis</span> <span class='ocrx_word' id='word_1_246' title='bbox 1052 3761 1187 3794; x_wconf 80' lang='lat' dir='ltr'>reum</span> <span class='ocrx_word' id='word_1_247' title='bbox 1212 3747 1470 3795; x_wconf 76' lang='lat' dir='ltr'>fortissime</span> <span class='ocrx_word' id='word_1_248' title='bbox 1497 3747 1783 3795; x_wconf 81' lang='lat' dir='ltr'>morientem</span> <span class='ocrx_word' id='word_1_249' title='bbox 1810 3743 2041 3794; x_wconf 79' lang='lat' dir='ltr'>tradidit:</span> <span class='ocrx_word' id='word_1_250' title='bbox 2066 3755 2117 3793; x_wconf 88' lang='lat' dir='ltr'>et</span> <span class='ocrx_word' id='word_1_251' title='bbox 2136 3745 2387 3794; x_wconf 81' lang='lat' dir='ltr'>Ciceronis</span> <span class='ocrx_word' id='word_1_252' title='bbox 2413 3755 2619 3794; x_wconf 76' lang='lat' dir='ltr'>mortem</span> 
     </span>
     <span class='ocr_line' id='line_1_32' title="bbox 411 3831 2619 3900; baseline 0.001 -21"><span class='ocrx_word' id='word_1_253' title='bbox 411 3881 414 3886; x_wconf 73' lang='grc'><strong>,</strong></span> <span class='ocrx_word' id='word_1_254' title='bbox 492 3831 627 3880; x_wconf 86' lang='lat' dir='ltr'>solus</span> <span class='ocrx_word' id='word_1_255' title='bbox 655 3847 719 3880; x_wconf 77' lang='lat' dir='ltr'>ex</span> <span class='ocrx_word' id='word_1_256' title='bbox 746 3833 974 3881; x_wconf 84' lang='lat' dir='ltr'>omnibns</span> <span class='ocrx_word' id='word_1_257' title='bbox 999 3834 1210 3899; x_wconf 74' lang='lat' dir='ltr'>maligne</span> <span class='ocrx_word' id='word_1_258' title='bbox 1241 3847 1428 3896; x_wconf 58' lang='grc' dir='ltr'>ωτι-ιη</span> <span class='ocrx_word' id='word_1_259' title='bbox 1465 3837 1530 3883; x_wconf 85' lang='lat' dir='ltr'>ita</span> <span class='ocrx_word' id='word_1_260' title='bbox 1560 3846 1615 3884; x_wconf 88' lang='lat' dir='ltr'>nt</span> <span class='ocrx_word' id='word_1_261' title='bbox 1642 3837 1745 3896; x_wconf 81' lang='lat' dir='ltr'>ejus</span> <span class='ocrx_word' id='word_1_262' title='bbox 1770 3832 1954 3882; x_wconf 80' lang='lat' dir='ltr'>invidia</span> <span class='ocrx_word' id='word_1_263' title='bbox 1988 3833 2067 3882; x_wconf 82' lang='lat' dir='ltr'>vel</span> <span class='ocrx_word' id='word_1_264' title='bbox 2099 3850 2327 3900; x_wconf 82' lang='lat' dir='ltr'>supremo</span> <span class='ocrx_word' id='word_1_265' title='bbox 2359 3833 2496 3890; x_wconf 67' lang='lat' dir='ltr'>mim</span> <span class='ocrx_word' id='word_1_266' title='bbox 2520 3833 2619 3883; x_wconf 80' lang='lat' dir='ltr'>fine</span> 
     </span>
     <span class='ocr_line' id='line_1_33' title="bbox 494 3914 2581 3970; baseline 0.006 -3"><span class='ocrx_word' id='word_1_267' title='bbox 494 3920 680 3970; x_wconf 81' lang='lat' dir='ltr'>domita</span> <span class='ocrx_word' id='word_1_268' title='bbox 705 3935 806 3968; x_wconf 90' lang='lat' dir='ltr'>non</span> <span class='ocrx_word' id='word_1_269' title='bbox 835 3921 998 3970; x_wconf 75' lang='lat' dir='ltr'>fuerit.</span> <span class='ocrx_word' id='word_1_270' title='bbox 1828 3917 1832 3922; x_wconf 51' lang='grc'><strong><em>’</em></strong></span> <span class='ocrx_word' id='word_1_271' title='bbox 2574 3914 2581 3922; x_wconf 50' lang='grc'><strong>’</strong></span> 
     </span>
    </p>
   </div>
   <div class='ocr_carea' id='block_1_4' title="bbox 563 4025 2427 4194">
    <p class='ocr_par' dir='ltr' id='par_1_4' title="bbox 563 4025 2427 4194">
     <span class='ocr_line' id='line_1_34' title="bbox 563 4025 1294 4090; baseline 0.001 -18"><span class='ocrx_word' id='word_1_272' title='bbox 563 4035 616 4074; x_wconf 69' lang='lat' dir='ltr'>a.</span> <span class='ocrx_word' id='word_1_273' title='bbox 646 4025 775 4074; x_wconf 80' lang='lat' dir='ltr'>Plin.</span> <span class='ocrx_word' id='word_1_274' title='bbox 805 4026 1036 4084; x_wconf 82' lang='lat' dir='ltr'>lib.v11‚</span> <span class='ocrx_word' id='word_1_275' title='bbox 1065 4029 1208 4090; x_wconf 88' lang='lat' dir='ltr'>epist.</span> <span class='ocrx_word' id='word_1_276' title='bbox 1242 4035 1294 4084; x_wconf 78' lang='grc'>4.</span> 
     </span>
     <span class='ocr_line' id='line_1_35' title="bbox 563 4131 2427 4194; baseline 0.001 -17"><span class='ocrx_word' id='word_1_277' title='bbox 563 4131 611 4177; x_wconf 87' lang='grc'>3.</span> <span class='ocrx_word' id='word_1_278' title='bbox 635 4131 751 4178; x_wconf 76' lang='lat' dir='ltr'>vid.</span> <span class='ocrx_word' id='word_1_279' title='bbox 773 4132 1010 4180; x_wconf 75' lang='lat' dir='ltr'>Ammian.</span> <span class='ocrx_word' id='word_1_280' title='bbox 1033 4131 1256 4182; x_wconf 70' lang='lat' dir='ltr'>Marcell.</span> <span class='ocrx_word' id='word_1_281' title='bbox 1273 4134 1437 4181; x_wconf 74' lang='lat' dir='ltr'>xxn.</span> <span class='ocrx_word' id='word_1_282' title='bbox 1465 4135 1633 4181; x_wconf 72' lang='lat' dir='ltr'>Senec-</span> <span class='ocrx_word' id='word_1_283' title='bbox 1655 4132 1707 4181; x_wconf 90' lang='lat' dir='ltr'>in</span> <span class='ocrx_word' id='word_1_284' title='bbox 1729 4135 1862 4182; x_wconf 81' lang='lat' dir='ltr'>Suas.</span> <span class='ocrx_word' id='word_1_285' title='bbox 1886 4144 1935 4182; x_wconf 81' lang='lat' dir='ltr'>et</span> <span class='ocrx_word' id='word_1_286' title='bbox 1958 4133 2198 4184; x_wconf 60' lang='lat' dir='ltr'>ControV.</span> <span class='ocrx_word' id='word_1_287' title='bbox 2216 4131 2427 4194; x_wconf 79' lang='lat' dir='ltr'>Quintil.</span> 
     </span>
    </p>
   </div>
  </div>
 </body>
</html>
