2984 4684
503 398 645 479 [400
1149 396 1244 465 M.
1297 397 1375 466 T.
1429 398 1993 470 CICERONIS

503 515 752 590 cellam
781 517 1196 614 penariam⁴
1225 518 1645 616 reipublicae
1680 533 1982 610 nostrae,
2018 522 2373 593 nutricem
2398 522 2647 622 aplebis

503 651 852 714 romanae,
879 626 1186 698 Siciliam
1215 631 1637 701 nominavit.
1672 633 1819 701 Nos
1842 655 2017 702 vero
2050 633 2327 730 experti
2354 657 2605 706 sumus
2622 691 2643 724 ,

501 735 798 810 Italico⁵
837 741 1149 809 maximo
1191 737 1769 839 difficillimoque
1812 740 2041 832 bello,
2085 744 2395 815 Siciliam
2430 744 2646 819 nobis

501 874 657 921 non
692 873 828 947 pro
863 852 1157 946 penaria
1185 848 1361 921 cella
1384 904 1403 939 ,
1442 848 1569 922 sed
1606 875 1741 948 pro
1778 850 2081 922 aerario⁶
2124 853 2249 924 illo
2282 857 2643 949 majorum

501 974 745 1031 vetere
763 983 845 1029 ac
872 956 1140 1029 referto
1176 957 1434 1030 fuisse:
1465 985 1634 1032 nam
1662 965 1817 1033 sine
1856 961 2009 1033 ullo
2034 979 2338 1062 ,sumptu
2364 981 2642 1054 nostr-0,

497 1072 709 1142 coriis
726 1082 780 1158 ⁷,
825 1071 1124 1158 tunici5‚
1170 1068 1686 1170 frumentoque
1728 1073 2233 1172 suppeditato,
2288 1077 2645 1148 maximos

501 1183 850 1255 exercitus
887 1196 1176 1253 nostros
1216 1184 1540 1272 vestivit,
1578 1185 1795 1274 aluit,
1834 1186 2157 1256 armavit.

589 1295 714 1363 ΠΙ.
759 1291 959 1384 Quid
989 1291 1146 1380 illa,
1184 1317 1348 1390 quae
1381 1291 1722 1366 forsitan¹
1782 1321 1875 1367 ne
1914 1295 2269 1368 sentimus
2308 1296 2644 1393 quidem,

494 1403 808 1499 judices,
853 1417 1126 1500 quanta
1154 1405 1364 1474 sunt?
1399 1402 1603 1501 quod
1628 1407 1875 1476 multis
1916 1405 2515 1504 locupletioribus
2548 1410 2649 1478 ci-

498 1514 711 1587 vibus
765 1518 1078 1602 utimur,
1129 1511 1330 1611 quod
1391 1512 1671 1586 habent
1726 1519 2250 1614 propinquam,
2312 1515 2645 1604 fidelem,

495 1625 1090 1722 fructuosamque
1123 1627 1605 1722 provinciam,
1637 1649 1789 1723 quo
1824 1624 2033 1698 facile
2066 1640 2481 1714 excurrant,
2515 1625 2648 1697 ubi

497 1735 812 1808 libenter
843 1736 1217 1834 negotium
1259 1750 1559 1832 gerantx
1600 1753 1789 1833 quos
1830 1737 1951 1808 illa
1980 1737 2242 1834 partim
2280 1737 2647 1810 mercibus

500 1844 1048 1944 suppeditandis
1097 1869 1262 1916 cum
1308 1861 1590 1943 quaestu
1637 1845 2223 1945 compendioque
2275 1845 2647 1936 dimittit2,

501 1960 764 2058 partim
809 1957 1110 2042 retinet,
1151 1971 1235 2027 ut
1268 1980 1508 2045 arare,
1551 1971 1635 2028 ut
1672 1980 2003 2056 pascere,
2044 1972 2131 2028 ut
2160 1958 2513 2054 negotiari
2556 1957 2647 2028 li-

504 2069 673 2141 beat
692 2122 711 2154 ,
739 2082 820 2137 ut
845 2065 1162 2163 denique
1189 2066 1397 2138 sedes
1429 2092 1513 2138 ac
1536 2067 1987 2139 domicilium
2014 2066 2390 2140 collocare.
2425 2065 2647 2156 Quod

506 2174 974 2250 commodum
1004 2198 1154 2244 non
1189 2175 1555 2248 mediocre
1595 2177 1849 2275 populi
1875 2178 2159 2250 romani
2194 2193 2336 2264 est;
2360 2193 2645 2249 tantum

505 2291 770 2362 civium
799 2282 1313 2358 romanorum³
1355 2311 1741 2358 numerum
1762 2342 1783 2375 ,
1816 2301 1964 2358 tam
1988 2309 2221 2385 prope
2256 2285 2349 2358 ab
2383 2284 2603 2357 domo
2624 2333 2647 2372 ,

505 2417 654 2472 tam
694 2398 913 2471 bonis
948 2396 1484 2494 fructuosisque
1528 2395 1749 2468 rebus
1792 2397 2119 2468 detineri.
2170 2402 2261 2468 Et
2298 2397 2646 2494 quoniam

509 2513 716 2610 quasi
750 2507 1077 2607 quaedam
1114 2506 1380 2605 praedia
1420 2507 1676 2606 populi
1705 2510 1990 2577 romani
2025 2521 2238 2594 sunt,
2274 2506 2648 2604 vectigalia

503 2638 754 2695 nostra
796 2636 1015 2717 atque
1064 2621 1499 2716 provincioe:
1538 2617 2158 2716 quemadmodum
2210 2618 2647 2716 propinquis

579 2865 628 2912 4.
674 2852 860 2902 Cellam
885 2849 1166 2915 penariam.
1197 2849 1434 2914 Polybius
1479 2859 1531 2896 et

487 2921 682 2984 'Strabo
709 2931 920 2980 Siciliam
960 2930 1104 2978 etiam
1131 2939 1310 2976 vocant
1333 2927 1529 2996 ταμιῖον

500 3018 582 3072 τῆς
605 3001 788 3080 ῥώμης.

575 3094 625 3141 5.
651 3089 847 3139 Italico.
879 3087 1088 3147 Sociali,
1132 3086 1270 3151 quod
1311 3097 1527 3150 coeptum

501 3185 576 3223 est
607 3174 674 3222 A.
715 3171 784 3219 U.
823 3169 959 3228 662,
1001 3167 1063 3214 ab
1107 3166 1333 3214 universa
1367 3181 1527 3230 prope

501 3253 654 3304 Italia.
672 3249 802 3298 Flor.
821 3250 920 3306 111,
947 3247 1028 3295 18.

572 3334 622 3382 6.
664 3327 883 3378 AEran‘o.
925 3326 1044 3374 Nou
1087 3341 1182 3390 pro
1223 3325 1320 3374 hoc
1366 3324 1525 3387 inani,

495 3411 634 3478 quod
657 3425 788 3458 nunc
809 3405 1059 3454 habemm.
1081 3405 1334 3453 AErarium
1353 3405 1526 3454 Roma

501 3493 595 3542 fuit
614 3490 820 3554 triplex:
849 3501 1000 3534 uuum
1018 3521 1032 3543 ,
1060 3485 1113 3532 in
1135 3483 1270 3549 quod
1291 3499 1351 3532 ex
1371 3483 1527 3533 tribu-

497 3573 560 3622 tis
586 3582 635 3619 et
673 3569 837 3635 praeda
869 3565 1044 3614 bellica
1083 3564 1278 3613 redacta
1317 3564 1525 3628 pecunia

496 3649 812 3700 inferebatur.
821 3646 1044 3695 Alterum
1057 3662 1120 3693 ex
1132 3643 1373 3703 vicesima,
1385 3643 1525 3706 quod

492 3729 712 3778 sanctius
755 3728 1048 3785 vocabatur,
1089 3725 1202 3788 qnia
1242 3739 1347 3772 non
1367 3754 1384 3783 ,
1427 3723 1525 3770 nisi

493 3807 796 3856 difficillimis
823 3809 946 3870 reip.
967 3801 1292 3868 temporibus,
1312 3803 1525 3866 aperire-

495 3899 599 3936 tur.
625 3886 869 3946 Tertium,
900 3888 953 3931 in
980 3899 1082 3947 quo
1109 3883 1316 3947 pecunia
1341 3881 1395 3929 in
1423 3881 1524 3945 gal-

491 3964 641 4013 licum
672 3964 855 4012 bellum
893 3961 1136 4027 eroganda
1167 3960 1520 4018 custodiretur,

490 4059 636 4110 quam
663 4043 714 4090 in
735 4042 857 4090 alios
879 4057 994 4089 usus
1018 4040 1263 4105 impendi,
1297 4055 1515 4088 exsecra·

486 4123 704 4173 tionibus
729 4121 940 4188 publicis
966 4121 1170 4169 vetitum
1197 4130 1316 4169 erat.

1692 2865 1739 2911 7.
1773 2845 1946 2897 Cor-iis.
1980 2848 2062 2899 Ad
2089 2846 2395 2897 conficienda
2420 2849 2647 2897 taberna-

1618 2927 1743 2976 cula.
1762 2928 1880 2977 Vid.
1899 2930 2041 2976 Verr.
2069 2928 2138 2987 1,·
2156 2929 2242 2978 38.
2273 2929 2489 2990 conjicit
2510 2929 2644 2977 Guil.

1618 3006 1811 3062 coritis,
1860 3009 2019 3055 minus
2062 3007 2261 3066 dextre3
2306 3023 2464 3071 neque
2512 3008 2645 3054 enim

1614 3087 1878 3135 utebantur
1888 3087 1987 3134 hoc
2002 3099 2176 3151 genere
2190 3087 2401 3135 telorum
2412 3085 2624 3136 Romani
2627 3123 2641 3136 .

1684 3167 1779 3214 111.
1830 3183 1875 3214 1.
1919 3166 2161 3214 Nonnulli
2208 3178 2417 3226 veteres,
2466 3165 2644 3231 «quod

1612 3244 1818 3294 forsitan
1834 3268 1877 3294 n,

1688 3341 1735 3372 ω.
1774 3325 2006 3376 Dimittit.
2052 3325 2129 3374 Ex
2162 3325 2355 3374 clvibus
2402 3324 2646 3384 romanis,

1612 3403 1698 3453 alii
1721 3405 2069 3469 negotiationis
2096 3421 2265 3468 causa,
2290 3407 2564 3469 frequenter
2588 3405 2645 3452 in

1614 3485 1828 3534 Siciliam
1852 3498 2151 3546 commeant,
2185 3497 2233 3534 et
2256 3485 2374 3534 inde
2400 3485 2645 3534 mercibus

1614 3565 1782 3612 onusti
1826 3565 2062 3625 redeunt3
2108 3565 2192 3614 atii
2240 3567 2293 3613 in
2338 3583 2393 3615 ea
2440 3575 2645 3630 propter

1614 3643 1871 3692 utilitatem
1918 3645 2225 3693 domicilium
2260 3644 2525 3693 collocant.
2567 3645 2645 3692 De

1611 3723 1830 3787 utrisque
1856 3723 1958 3772 vid.
1980 3724 2069 3771 inf.
2092 3741 2176 3786 7¹7.

1685 3805 2084 3852 &Romanor-um.
2097 3803 2249 3852 Abest
2262 3820 2291 3851 a
2306 3802 2458 3852 codd.
2474 3801 2645 3851 Lamb.

1611 3892 1661 3929 et
1693 3883 1886 3932 Metell.
1920 3887 1953 3932 J
1960 3884 2056 3931 .V.
2081 3886 2135 3932 L.
2155 3910 2223 3919 —
2249 3884 2371 3929 Tam
2390 3897 2548 3948 pmpe
2575 3881 2645 3928 ab

1610 3963 1776 4011 domo.
1806 3962 1945 4010 Illam
1982 3962 2135 4010 Italiae
2173 3961 2473 4010 vicinitatem
2502 3977 2645 4008 com-

1608 4041 1807 4090 mendat
1838 4041 2045 4104 Cicero,
2074 4041 2189 4105 quia
2226 4040 2320 4089 hac
2350 4042 2539 4088 ratione
2567 4039 2645 4087 ci·

1602 4120 1747 4169 vibus
1778 4123 1935 4170 Roma
1974 4135 2077 4169 non
2116 4119 2475 4182 exhauriretur-5
2505 4119 2646 4184 quod
