2984 4684
939 130 982 183 t

837 392 1226 463 ORATIO
1275 392 1484 461 PRO
1536 390 1625 479 Q.
1666 392 2074 461 ROSCIO.
2386 392 2516 492 157

487 516 684 611 Quid
717 540 854 614 ego
907 538 1107 586 nunc
1151 514 1272 585 illa
1315 512 1594 600 dioem,
1642 538 1805 609 quae
1837 513 2045 585 vobis
2084 518 2161 585 in
2200 532 2520 589 mentem

391 630 638 698 venire
675 640 874 697 certo
909 623 1110 697 scio?
1145 622 1551 695 Fraudabat
1594 637 1665 694 te
1698 626 1774 693 in
1818 627 2159 697 societate
2196 630 2521 701 Roscius.

387 742 574 809 Sunt
597 738 799 833 jura,
835 750 1009 806 sunt
1041 732 1447 805 formulae¹²
1477 732 1569 805 de
1606 732 1950 804 omnibus
1996 734 2215 807 rebus
2254 742 2523 809 consti-

387 860 562 918 tutae
579 900 600 935 ,
633 870 728 919 ne
755 848 920 943 quis
953 848 1182 915 autin
1215 868 1478 941 genere
1504 843 1821 938 injuriae,
1852 858 1981 915 aut
2006 850 2283 919 ratione
2308 850 2530 919 actio—

387 960 504 1027 nis
531 980 769 1029 errare
797 958 1045 1054 possit.
1071 960 1439 1052 Expressae
1461 949 1521 997 ¹³
1538 967 1711 1024 sunt
1732 956 1929 1025 enim
1958 978 2045 1025 ex
2070 960 2529 1055 uniuscujus-

386 1092 536 1163 que
567 1066 871 1154 damno,
913 1064 1201 1152 dolore,
1229 1061 1722 1151 incommode,
1748 1064 2183 1153 calamitate,
2219 1069 2483 1163 injuria
2504 1122 2525 1157 ,

387 1175 698 1274 publicae
731 1201 776 1247 a
812 1188 1116 1274 praetore
1161 1172 1525 1262 formulae,
1576 1171 1670 1245 ad
1727 1198 1907 1271 quas
1948 1178 2223 1273 privata
2272 1177 2359 1249 lis
2410 1202 2527 1251 ac-

387 1286 899 1383 commodetur
937 1290 1018 1356 ¹4,

483 1400 606 1467 IX.
633 1399 812 1487 Quae
831 1420 1060 1493 quum
1083 1398 1184 1465 ita
1205 1397 1375 1482 sint,
1399 1418 1531 1464 cur
1556 1416 1707 1463 non
1730 1390 2085 1465 arbitrum
2106 1404 2128 1436 ²
2156 1419 2295 1491 pro
2322 1401 2523 1469 socio

385 1506 713 1603 adegeris
749 1508 838 1597 Q.
877 1508 1222 1577 Roscium
1243 1559 1264 1593 ,
1301 1520 1575 1601 quaero.
1624 1503 2031 1575 Formulam
2075 1528 2227 1574 non
2262 1510 2525 1579 noras?

387 1619 780 1689 Notissima
805 1629 976 1687 erat.
1012 1620 1050 1687 J
1055 1614 1298 1685 udicio
1332 1616 1527 1711 gravi
1549 1624 1579 1655 ‘²
1614 1615 1923 1711 experiri
1956 1612 2297 1687 nolebas?
2324 1618 2525 1706 Quid

387 1727 540 1799 ita?
577 1742 876 1828 propter
905 1724 1460 1797 familiaritatem
1491 1724 1854 1796 veterem?
1898 1749 2029 1795 cur
2064 1750 2237 1823 ergo
2283 1726 2527 1803 laedis?

387 1840 690 1936 Propter
729 1839 1215 1933 integritatem
1259 1832 1623 1906 hominis?
1676 1858 1809 1905 cur
1844 1838 2067 1932 igitur
2097 1839 2524 1911 insimulas?

385 1942 688 2045 Propter
737 1945 1316 2043 magnitudinem
1363 1945 1734 2017 criminis?
1777 1949 1979 2018 Itane
2016 1947 2241 2018 vero?
2296 1974 2519 2047 quem

383 2081 518 2156 per
538 2056 894 2127 arbitrum
911 2053 940 2099 ³
966 2058 1488 2129 circumvenire
1512 2080 1663 2127 non
1692 2079 1965 2153 posseS,
1982 2058 2191 2157 cujus
2214 2056 2305 2129 de
2336 2084 2418 2130 ea
2442 2084 2521 2131 re

383 2170 764 2266 proprium
796 2179 949 2238 erat
967 2165 1370 2263 judicium,
1413 2165 1615 2237 hunc
1644 2188 1777 2263 per
1805 2164 2127 2261 judicem
2167 2166 2517 2241 condem·

387 2277 626 2365 nabiS,
641 2279 756 2373 cuj
764 2302 852 2349 us
863 2275 955 2349 de
969 2300 1054 2348 ea
1075 2300 1152 2348 re
1173 2276 1458 2347 nullum
1473 2290 1585 2347 est
1594 2273 2045 2347 arbitrium4?
2062 2278 2259 2369 Quin
2276 2290 2359 2349 tu
2373 2276 2519 2351 hoc

382 2522 516 2570 tibus
551 2521 608 2569 in
637 2536 798 2569 scena.
829 2518 994 2585 Agere
1031 2518 1282 2574 anianum,
1311 2528 1407 2577 est,

383 2602 528 2649 mori.
559 2602 738 2649 Sensus
763 2610 876 2647 est:
902 2600 1005 2657 Tu,
1029 2598 1215 2660 Fanni,
1254 2614 1408 2662 usque

383 2696 445 2727 eo
473 2691 664 2743 gestum
697 2688 864 2743 ageres
895 2676 1022 2725 lucri
1053 2692 1196 2725 cansa
1209 2710 1225 2739 ,
1261 2688 1320 2725 ut
1359 2686 1408 2725 te

382 2759 702 2823 dirumperes.

461 2854 542 2887 η.
569 2836 826 2887 For-mulce.
845 2840 894 2889 1.
915 2854 960 2887 e.
977 2847 1122 2887 certa
1141 2836 1407 2885 verborum

381 2917 734 2981 conceptiones
755 2933 844 2965 seu
865 2916 1045 2981 regulo
1077 2932 1198 2980 quas
1222 2932 1251 2963 a
1280 2930 1406 2979 prn-

381 3008 492 3047 tore
527 2996 718 3045 urbano
751 2994 1034 3059 poetulabat
1067 2995 1109 3042 is
1139 2994 1226 3058 qui
1250 2994 1407 3043 actio-

383 3092 494 3123 nem
521 3075 838 3133 intendebat,
865 3085 944 3135 et,
968 3092 997 3123 a
1020 3073 1200 3138 quibus
1225 3074 1292 3131 si,
1327 3073 1406 3121 vel

380 3172 479 3203 una
505 3154 724 3219 syllaba,
748 3152 1028 3203 descivisset
1043 3188 1058 3213 ,
1082 3168 1276 3203 causam
1291 3168 1401 3217 per-

380 3234 540 3284 deret.
557 3233 674 3281 vid.
694 3249 786 3298 pro
811 3234 986 3296 Quint.
1014 3236 1100 3282 31.

457 3330 482 3364 1
495 3312 1186 3377 3.13.tpressae.00ns1ituu
1227 3322 1342 3361 sunt
1373 3328 1402 3359 a

377 3404 594 3459 pretore
621 3393 833 3454 iudicia,
867 3409 980 3441 cum
1017 3390 1224 3441 formula
1251 3393 1406 3440 actio·

379 3475 482 3533 nis,
507 3475 612 3521 sive
637 3470 698 3521 de
717 3472 894 3521 damno
915 3470 1053 3536 quod
1079 3471 1189 3535 quis
1207 3486 1405 3535 accepe-

377 3556 473 3613 rit,
510 3564 610 3601 etc.

459 3650 478 3681 1
491 3642 538 3689 4.
567 3632 650 3681 Sic
665 3632 872 3679 Hotom.
887 3629 1176 3679 auctoritate
1194 3628 1406 3679 duorum

323 3716 348 3735 '
377 3711 530 3761 codd.
565 3708 725 3769 Beck,
763 3708 970 3769 schiitz,
1013 3708 1120 3767 alii,
1158 3708 1405 3772 vulgatam

377 3800 578 3839 servam
593 3823 609 3847 ‚
629 3788 1050 3837 accommodatur.
1069 3791 1123 3838 J.
1135 3790 1202 3837 V.
1227 3791 1284 3837 1..

449 3870 544 3918 lx.
565 3886 586 3917 x
599 3904 614 3917 .
629 3868 895 3917 Arbitrum.
915 3866 1130 3917 subaud.
1155 3867 1243 3917 ad.
1259 3866 1406 3915 Illum

373 3948 616 3999 arbitrum
647 3948 782 3997 adire
809 3948 1043 4011 coegeris.
1079 3948 1266 4011 sapius
1301 3948 1404 3999 Cie-

379 4032 452 4075 sic
471 4028 705 4091 loquitur.
723 4028 930 4091 Exemp.
952 4026 1180 4089 αΤορίο.
1197 4041 1308 4089 cap.
1327 4042 1404 4073 xo.

383 4110 564 4157 Sensus
588 4118 695 4157 est:
725 4109 840 4166 Cur,
877 4122 1030 4171 quum
1053 4120 1102 4155 se
1131 4104 1408 4155 fraudatum

1496 2518 1709 2567 Fannius
1734 2516 1943 2577 diceret,
1968 2516 2090 2565 certi
2116 2518 2353 2581 petitione
2371 2529 2422 2567 et
2440 2534 2521 2567 an-

1496 2608 1635 2663 gusta
1670 2595 1881 2645 formula
1910 2598 1986 2645 uti
2019 2594 2220 2655 maluit,
2260 2612 2403 2661 qnam
2434 2614 2521 2645 au-

1496 2677 1659 2725 ctione
1682 2684 1731 2723 et
1751 2672 1920 2740 jndice
1944 2690 2041 2738 pro
2067 2674 2232 2735 socie,
2251 2674 2386 2737 quod
2416 2687 2521 2725 erat

1491 2754 1751 2821 proprium
1768 2753 1871 2814 ejus
1888 2752 2265 2813 criminationis,
2294 2768 2451 2816 quum
2468 2754 2523 2801 in

1493 2835 1621 2884 illud
1658 2833 1793 2883 fraus
1832 2834 1991 2881 omnis
2030 2833 2277 2881 sociorum
2311 2833 2518 2883 veniret.

1489 2913 1744 2963 Judicium
1766 2922 1928 2959 antem
1957 2926 2052 2976 pro
2093 2912 2231 2959 socio
2259 2913 2405 2961 etiam
2432 2929 2520 2960 at·-

1496 2992 1689 3041 buniam
1711 2992 1879 3040 vocari
1905 3007 2073 3040 omnes
2099 2992 2279 3041 sciunt.
2300 2992 2402 3043 Cur
2422 3008 2520 3039 ma-

1491 3072 1591 3121 luit
1622 3073 1808 3121 arbitro
1852 3088 1913 3119 ex
1950 3074 2307 3136 compromisso
2344 3070 2521 3121 Pisone

1490 3154 1564 3199 nti
1582 3186 1598 3211 ,
1634 3168 1779 3215 quam
1804 3151 1989 3201 arbitro
2016 3168 2109 3216 pro
2137 3154 2291 3201 socio.

1566 3247 1617 3281 2.
1654 3230 1821 3281 Gravi.
1857 3232 1973 3295 Quo
2016 3232 2183 3281 Roscii
2220 3230 2517 3285 existimatio

1489 3310 1863 3375 periclitaretur.
1884 3312 1945 3357 In
1961 3309 2023 3357 iis
2037 3311 2168 3359 enim
2186 3311 2289 3359 sive
2300 3308 2522 3373 judiciis,

1491 3392 1595 3437 sive
1622 3388 1862 3447 arbitriis,
1902 3405 2011 3453 quae
2034 3401 2172 3439 erant
2194 3391 2338 3438 bona
2351 3388 2486 3457 fidei
2501 3425 2515 3445 ,

1493 3468 1709 3517 damnati
1734 3470 1935 3517 infames
1962 3480 2115 3517 eraut.

1567 3550 1615 3597 3.
1648 3550 1799 3611 Quem
1819 3563 1915 3611 per
1936 3547 2183 3595 orbiu-um.
2221 3548 2379 3611 Quem
2406 3562 2519 3599 ante

1459 3612 1468 3623 '
1492 3626 1731 3676 arbitrum
1758 3626 2034 3691 opprimere
2060 3626 2177 3675 falsa
2208 3628 2518 3677 accusatione

1491 3722 1599 3755 non
1624 3721 1813 3769 posses,
1838 3704 1971 3753 hunc
1997 3721 2086 3769 per
2112 3705 2355 3767 jndicem,
2379 3708 2521 3769 cuius

1491 3802 1549 3834 ea
1576 3784 1637 3833 de
1676 3802 1727 3833 re
1758 3784 1959 3850 propria
1993 3785 2212 3847 cognitio
2248 3802 2350 3835 non
2387 3800 2515 3849 crat,

1491 3882 1629 3915 rcum
1652 3880 1851 3931 perages
1873 3862 2089 3913 finudis?

1568 3954 1615 4001 4.
1638 3942 1839 3993 Nullum
1866 3956 1937 3993 ese
1962 3944 2233 3994 arbitrium.
2260 3944 2353 3996 Cui
2379 3944 2439 3993 de
2462 3962 2516 3995 ea

1496 4041 1547 4071 re
1572 4023 1817 4071 statuendi
1834 4034 2049 4088 potestas
2068 4039 2169 4071 non
2195 4035 2267 4073 est
2295 4023 2453 4072 soluta
2470 4034 2521 4072 et

1496 4104 1645 4153 libera
1670 4113 1723 4150 ut
1742 4103 1944 4153 arbitro.
1962 4102 2080 4153 vid.
2101 4120 2209 4169 sup.
2230 4120 2337 4169 cap.
2362 4110 2411 4159 4.
