2984 4684
773 367 883 436 IN
932 367 1374 448 VERREM
1425 370 1647 438 ACT.
1687 372 1809 455 ΙΙ,
1858 372 2059 440 LIB.
2101 373 2201 440 II.
2423 373 2554 454 421

418 488 651 586 gravis
676 487 1101 578 auctoritas?
1135 488 1419 560 nullum
1458 491 1908 590 exemplum,
1948 490 2153 588 quod
2181 491 2390 587 sequi
2423 491 2565 562 vel-

420 597 569 669 les?
588 601 859 676 Verum
877 651 897 683 ,
916 612 997 668 ut
1014 598 1298 669 institui
1316 599 1558 672 dicere
1572 656 1593 688 ,
1615 603 1948 699 quinque
1965 601 2339 698 judicibus
2365 602 2568 673 nulla

420 707 836 806 lege,nullo
872 711 1245 797 instituto,
1281 711 1479 782 nulla
1511 711 1907 807 rejectione
1922 708 1975 799 ⁵,
1989 713 2189 792 nulla
2209 727 2439 800 sorte,
2477 738 2569 786 ex

420 817 721 890 libidine
774 817 1245 900 istiusdatis,
1292 844 1445 891 non
1488 823 1621 919 qui
1663 847 1952 894 causam
1997 837 2525 921 cognoscerent
2548 876 2568 908 ,

418 927 547 1000 sed
590 931 762 1025 qui,
814 928 1016 1027 quod
1054 932 1504 1028 imperatum
1554 950 1771 1023 esset,
1809 933 2260 1027 judicarent3
2307 957 2396 1005 eo
2449 934 2567 1005 die

418 1037 599 1130 nihil
642 1054 883 1110 actum
922 1053 1060 1129 est3
1101 1040 1349 1113 adesse
1388 1041 1747 1146 jubentur
1784 1043 2157 1148 postridie.

514 1152 741 1221 XVII.
804 1149 1174 1223 Heraclius
1220 1153 1536 1242 interea,
1597 1177 1831 1249 quum
1883 1177 2144 1225 omnes
2191 1152 2568 1225 insidias.a

420 1273 727 1360 praetore
765 1257 1077 1333 fortunis
1112 1264 1261 1333 suis
1282 1260 1443 1334 fieri
1466 1261 1746 1335 videret
1770 1317 1790 1349 ,
1837 1266 2028 1361 capit
2065 1255 2448 1354 consilium
2477 1262 2570 1334 ‹le

420 1374 819 1443 amicorum
858 1387 933 1444 et
967 1374 1554 1472 propinquorum
1583 1375 1978 1461 sententia,
2009 1399 2161 1444 non
2187 1372 2440 1446 adesse
2477 1373 2568 1445 ad

413 1483 817 1578 judicium:
866 1484 1113 1580 itaque
1172 1486 1538 1582 Syracusis
1591 1487 1708 1578 illa
1757 1499 1976 1557 nocte
2033 1483 2377 1583 profugit.
2429 1489 2572 1556 Iste

422 1608 715 1691 postero
756 1592 874 1664 die
910 1616 1123 1665 mane
1146 1648 1167 1690 ,
1203 1618 1434 1691 quum
1470 1595 1708 1666 multo
1749 1599 2137 1694 maturius,
2163 1619 2384 1694 quam
2423 1617 2574 1666 um-

419 1728 641 1806 quam
694 1716 942 1792 antea,
996 1707 1453 1794 surrexisset3
1505 1705 1789 1802 judices
1850 1708 2054 1778 citari
2077 1718 2096 1752 ¹
2147 1705 2406 1802 jubet:
2447 1705 2572 1782 ubi

419 1817 779 1910 comperit
822 1814 1234 1886 Heraclium
1274 1841 1425 1887 non
1471 1816 1752 1903 adesse,
1795 1841 2058 1914 cogere
2096 1817 2350 1913 incipit
2395 1841 2526 1887 eos
2553 1870 2572 1904 ,

423 1939 509 1996 ut
533 1924 909 1996 absentem
944 1926 1355 1997 Heraclium
1391 1925 1988 2000 condemnarent.
2025 1925 2139 1998 Illi
2175 1949 2345 1998 eum
2380 1949 2575 1996 com-

421 2033 955 2122 monefaciunt,
982 2051 1067 2107 ut
1086 2091 1105 2120 ,
1146 2039 1205 2109 si
1242 2037 1310 2109 ei
1339 2037 1696 2138 videatur,
1727 2051 1976 2110 utatur
2007 2039 2338 2108 instituto
2364 2060 2500 2107 suo
2519 2047 2574 2122 ²,

424 2170 561 2218 nec
589 2160 799 2243 cogat
819 2159 989 2228 ante
1014 2147 1271 2218 horam
1295 2146 1692 2220 decimam3
1721 2147 1814 2219 de
1843 2146 2141 2220 absente
2167 2172 2336 2219 secu
2346 2147 2572 2217 ndum

424 2269 851 2354 praesentem
884 2255 1213 2352 judicare
1248 2286 1265 2326 ε
1300 2260 1721 2357 impetrant.
1764 2260 2054 2330 Interea
2081 2281 2255 2328 sane
2290 2270 2578 2354 pertur-

380 2442 389 2452 ,
424 2364 637 2437 batus
663 2380 734 2437 et
762 2369 915 2469 ipse
932 2421 953 2454 ,
981 2381 1055 2448 et
1084 2369 1241 2461 ejus
1262 2369 1470 2438 amici
1499 2382 1572 2439 et
1595 2367 2028 2454 consiliarii,
2050 2367 2353 2438 moleste
2375 2365 2576 2437 ‘ferre

425 2491 843 2576 coeperunt,
893 2477 1303 2547 Heraclium
1357 2476 1760 2574 profugisse
1799 2503 1816 2547 t
1859 2475 2217 2574 putabant
2255 2474 2576 2548 absentis

424 2588 965 2660 damnationem
990 2641 1010 2672 ,
1054 2590 1450 2684 praesertim
1503 2601 1719 2658 tantae
1771 2589 2098 2684 pecunias
2120 2639 2140 2670 ,
2181 2584 2414 2654 multo
2467 2585 2577 2653 in-

428 2696 888 2769 vidiosiorem
931 2695 1130 2782 fore,
1175 2721 1397 2792 quam
1448 2696 1512 2766 si
1553 2719 1871 2793 praesens
1916 2694 2303 2765 damnatus
2361 2708 2574 2763 esset.

428 2815 529 2881 Eo
566 2806 997 2895 accedebat,
1045 2806 1249 2905 quod
1288 2805 1571 2904 judices
1613 2831 1654 2876 e
1695 2805 1852 2902 lege
1899 2803 2184 2901 Rupilia
2225 2803 2375 2873 dati
2425 2827 2577 2874 non

427 2934 665 3008 erant;
703 2919 937 2992 multo
966 2918 1181 2998 etiam
1212 2941 1367 2989 rem
1400 2916 1852 3014 turpiorem‘*
1887 2930 1962 2986 et
2002 2911 2438 3012 iniquiorem
2469 2917 2580 2981 vi·-

428 3055 592 3102 sum
626 3030 713 3101 iri
753 3027 1268 3128 intelligebant.
1302 3025 1558 3124 Itaque
1602 3025 1744 3101 hoc
1776 3024 1953 3096 dum
1988 3025 2346 3120 corrigere
2385 3023 2575 3110 vult,

500 3277 549 3325 5.
578 3277 660 3326 Al.
676 3269 938 3342 religione,
974 3275 1135 3324 minus
1160 3287 1356 3341 aptum,
1376 3275 1453 3323 iu·
1545 3273 1752 3324 concedi
1777 3272 1990 3335 solebat,
2015 3273 2079 3321 ad
2113 3270 2380 3320 sistendum
2411 3285 2462 3318 se
2493 3287 2581 3318 co·

428 3356 535 3403 vito
552 3357 716 3404 θεων.
738 3354 865 3403 J.v.
888 3355 943 3402 1..
966 3383 1037 3391 —
1054 3355 1203 3405 Nulla
1223 3355 1455 3420 permissa
1547 3369 1648 3401 ram
1676 3351 1859 3414 judice.
1883 3351 2010 3400 Vide
2041 3351 2121 3416 jus
2153 3352 2258 3400 ΧΠ
2290 3348 2424 3396 tabb.
2448 3349 2582 3412 apud

420 3432 647 3494 indicum
672 3433 987 3482 recusatione.
1545 3433 1692 3482 Bach.
1718 3444 1839 3482 tom.
1867 3437 1908 3480 1.
1947 3461 2012 3471 -
2047 3428 2336 3478 Secundum.
2373 3430 2582 3492 Pmpter

498 3511 667 3560 xvn.
695 3527 739 3558 1.
760 3511 955 3560 ludices
978 3511 1139 3562 citare‘.
1170 3519 1280 3566 Hoc
1304 3516 1357 3563 in
1375 3516 1455 3576 ju·
1545 3523 1848 3578 presentem.

428 3591 570 3640 dicii·
591 3606 844 3657 praecones
870 3607 1049 3640 munus
1079 3591 1353 3654 habebant,
1398 3606 1453 3643 ut
1620 3601 1667 3648 4.
1705 3595 1823 3640 Post
1859 3590 2204 3653 «turpior-emr-
2246 3589 2364 3636 Em.
2395 3587 2580 3636 delevit

426 3671 613 3720 seilicet
659 3669 852 3733 judice·
874 3705 891 3732 ,
938 3681 1177 3735 testesque
1242 3684 1291 3720 et
1344 3688 1453 3722 reos
1547 3694 1568 3716 ι
1589 3673 1762 3729 fore»,
1796 3669 1933 3734 quod
1955 3670 2008 3716 in
2035 3667 2171 3716 libris
2199 3677 2322 3715 vett.
2347 3682 2448 3715 non
2475 3675 2548 3714 est
2564 3700 2580 3724 ,

430 3761 779 3800 convocarent.
1460 3794 1500 3816 ο
1543 3761 1592 3797 et
1627 3749 1688 3798 ab
1727 3749 1964 3816 sententia
1995 3747 2248 3794 abhorret.
2291 3748 2367 3794 Ex
2405 3745 2582 3801 iisdem,

501 3846 551 3878 2.
579 3831 807 3878 Instituta
840 3848 947 3878 suo.
988 3834 1050 3879 H.
1080 3849 1126 3879 e.
1156 3847 1259 3880 non
1284 3843 1455 3880 contra
1546 3847 1663 3878 mox
1699 3827 1885 3886 edidit,
1926 3843 2112 3892 «quum
2147 3825 2310 3882 multis
2351 3825 2582 3891 lacrymis

429 3928 485 3959 ea
502 3925 611 3975 quae
631 3911 734 3974 ipse
760 3908 1009 3969 decrerit,
1042 3921 1169 3973 agat.
1547 3926 1656 3958 enm
1696 3917 1891 3957 oraret·-
1911 3943 1922 3965 ,
1959 3923 2052 3971 pro
2098 3928 2122 3950 ι
2143 3906 2308 3954 multis
2347 3905 2580 3969 lacrymis

502 3991 550 4038 3.
578 3992 710 4038 Ante
743 3987 917 4036 horam
953 3989 1212 4038 decimam.
1256 3989 1457 4038 Duabus
1547 4005 1700 4054 quum
1726 4004 1836 4036 eum
1866 4003 1938 4034 or.
1957 4010 1981 4027 ›-
2020 3989 2143 4035 Item
2172 4003 2313 4041 mox,
2339 4009 2363 4027 -
2378 3997 2578 4049 postero

432 4081 543 4116 ame
588 4079 780 4118 noctem
828 4071 981 4118 horis.
1038 4069 1151 4117 Dies
1196 4079 1325 4117 totus
1372 4085 1455 4116 reo
1550 4069 1700 4126 dien,
1727 4083 1820 4132 pro
1843 4065 2163 4130 «postridie».
2185 4069 2233 4116 J.
2255 4068 2316 4114 V.
2353 4067 2402 4114 1..
