2984 4684
483 358 624 452 494
1143 353 1238 420 M.
1279 353 1353 420 T.
1395 351 1948 424 CICERONIS

477 497 632 550 non
651 479 941 563 irascor,
959 497 1200 572 neque
1217 475 1284 545 ei
1309 497 1515 544 suam
1536 475 2041 571 purgationem
2059 477 2317 574 eripio,
2332 501 2477 574 qua
2488 476 2611 548 ille

477 586 674 689 apud
701 609 954 664 omnes
981 587 1234 673 utitur,
1251 597 1334 654 ut
1367 583 1549 655 nihil
1569 584 1917 656 malitiose
1938 581 1991 670 ⁵,
2006 609 2248 685 neque
2280 587 2614 659 consulto

479 699 730 772 fecisse
771 695 1117 767 videatur.

577 811 826 880 LXIX.
847 811 1002 876 Jam
1025 807 1244 902 igitur
1265 819 1374 876 est
1402 808 1503 876 ita
1534 806 1997 904 perspicuum
2018 860 2039 893 ,
2069 820 2152 877 ut
2176 829 2439 904 negare
2462 831 2611 876 non

479 919 741 1018 possis,
775 913 1048 987 nullam
1086 912 1218 985 tibi
1263 929 1575 986 statuam
1610 916 1984 987 voluntate
2024 917 2455 1013 cujusquam
2491 913 2615 986 da·

479 1044 662 1116 tam3
695 1025 966 1098 nullam
997 1026 1381 1123 pecuniam
1417 1039 1817 1097 statuarum
1852 1031 2185 1115 nomine,
2220 1028 2357 1098 nisi
2385 1030 2459 1096 vi
2491 1052 2614 1098 ex·

481 1163 798 1238 pressam
823 1151 898 1208 et
923 1151 1267 1208 coactam.
1297 1135 1464 1225 Quo
1499 1136 1796 1234 quidem
1820 1140 1897 1207 in
1924 1139 2226 1208 crimine
2259 1163 2411 1208 non
2438 1135 2616 1208 illud

481 1250 718 1322 solum
771 1246 1074 1344 intelligi
1129 1246 1296 1318 volo
1317 1301 1338 1334 ,
1383 1260 1456 1318 te
1512 1247 1603 1316 ad
1656 1261 1923 1318 statuas
1968 1251 2109 1318 H-S
2164 1274 2301 1320 cxx
2326 1259 2347 1291 ¹
2396 1247 2617 1319 millia

482 1359 836 1457 coegisse;
901 1357 1028 1430 sed
1072 1358 1306 1430 multo
1349 1361 1567 1430 etiam
1604 1357 1786 1430 illud
1826 1359 2051 1455 magis
2082 1413 2101 1447 ,
2162 1358 2365 1456 quod
2407 1359 2621 1430 simul

485 1471 1069 1544 demonstratum
1110 1482 1220 1539 est
1237 1479 1291 1552 ²,
1331 1483 1689 1566 quantum
1725 1468 1977 1540 odium
2014 1471 2091 1540 in
2122 1483 2193 1540 te
2221 1484 2583 1541 aratorum
2603 1525 2622 1558 ,

487 1596 842 1681 quantum
879 1582 1209 1651 omnium
1237 1579 1645 1650 Siculorum
1680 1580 1772 1651 sit
1802 1593 1877 1650 et
1901 1578 2139 1650 fuerit.
2168 1584 2252 1651 In
2285 1604 2437 1677 quo
2464 1605 2623 1678 quae

485 1706 720 1764 vestra
737 1687 1067 1762 defensio
1090 1686 1334 1761 futura
1355 1692 1468 1779 sit,
1487 1689 1903 1784 conjectura
1917 1691 2205 1787 assequi
2222 1714 2372 1761 non
2401 1715 2618 1788 que0.

491 1797 868 1874 Oderunt³
901 1799 1158 1870 Siculi:
1185 1813 1599 1897 togatorum
1628 1800 1823 1871 enim
1856 1825 2064 1872 causa
2092 1801 2321 1872 multa
2350 1799 2508 1872 feci.
2534 1803 2627 1872 At

491 1913 572 1984 hi
629 1911 926 2010 quidem
977 1912 1305 1981 acerrimi
1357 1911 1980 2036 inimicissimique
2038 1926 2227 1982 sunt.
2287 1913 2626 1982 Inimicos

489 2020 730 2093 habeo
785 2021 975 2091 cives
1033 2043 1409 2106 romaum,
1462 2019 1666 2118 quod
1706 2022 2068 2092 sociorum
2116 2021 2499 2092 commoda
2547 2043 2629 2091 ac

488 2135 654 2228 jura
701 2127 1013 2200 defendi.
1067 2132 1158 2200 At
1203 2133 1380 2201 socii
1433 2132 1509 2200 in
1554 2130 1872 2203 hostium
1914 2155 2224 2203 numero
2268 2155 2345 2202 se
2386 2129 2513 2202 abs
2556 2145 2630 2201 te

394 2242 402 2251 ‘
493 2242 782 2315 habitos
817 2255 1243 2338 queruntur.
1275 2243 1663 2313 Aratores
1644 2244 1921 2314 mimici
1962 2258 2135 2315 sunt
2164 2257 2471 2341 propter
2504 2239 2629 2312 de-

493 2375 760 2424 cumas.
791 2350 1170 2448 Quid?qui
1191 2375 1398 2449 agros
1425 2353 1785 2424 immunes
1804 2351 2221 2451 liberosque
2246 2367 2475 2437 arant,
2499 2375 2631 2422 eur

497 2462 858 2534 oderunt?
877 2485 1008 2532 cur
1023 2461 1378 2532 Halesini?
1395 2487 1528 2533 cur
1540 2465 2043 2562 Centuripini?
2072 2489 2203 2535 cur
2226 2461 2635 2560 Segestani?

499 2599 632 2646 cur
643 2572 1144 2669 Halicyenses?
1162 2571 1382 2663 Quod
1409 2597 1643 2670 genus
1668 2571 2111 2658 hominum⁴,
2136 2595 2357 2669 quem
2382 2597 2634 2644 nume-

499 2709 694 2770 rum,
719 2707 942 2808 quem
959 2681 1291 2753 ordinem
1311 2679 1638 2780 proferre
1662 2685 1915 2779 possiS,
1931 2687 2061 2780 qui
2086 2697 2157 2754 te
2184 2707 2336 2753 non
2364 2679 2633 2771 oderit,

501 2797 648 2864 sive
688 2793 948 2864 civium
987 2815 1492 2874 romanorum,
1532 2794 1681 2862 sive
1718 2792 2153 2863 Siculorum.
2138 2794 2169 2848 ἶ)
2200 2805 2322 2879 ut,
2364 2793 2637 2864 etiamsi

507 2927 829 2988 causam,
855 2927 990 2973 cur
1007 2916 1076 2972 te
1105 2899 1426 2988 oderint,
1448 2925 1600 2972 non
1625 2903 1893 3000 possim
1912 2901 2175 2990 dicere,
2194 2915 2437 2974 tamen
2462 2900 2637 2974 illud

506 2994 891 3084 dicendum
925 3025 1212 3109 putem.
1237 3035 1458 3108 quem
1485 3035 1741 3083 omnes
1770 3013 2107 3083 mortales
2140 3011 2449 3098 oderint,
2470 3035 2636 3083 eum

507 3145 806 3219 quoque
841 3120 1050 3192 vobis
1085 3119 1258 3192 odio
1294 3145 1448 3192 esse
1479 3105 1839 3218 oportere.
1897 3126 2006 3192 An
2054 3121 2196 3193 hoc
2234 3122 2471 3193 dicere
2510 3145 2637 3192 au-

509 3233 754 3320 debis;
809 3247 1058 3303 utrum
1107 3231 1198 3302 de
1235 3246 1310 3302 te
1349 3246 1663 3303 aratores
1684 3285 1704 3320 ,
1749 3246 1995 3304 utrum
2050 3231 2368 3331 denique
2423 3230 2641 3303 Siculi

509 3344 826 3414 universi
872 3339 1064 3425 bene
1099 3341 1544 3428 existiment,
1582 3356 1713 3413 aut
1750 3365 1903 3439 quo
1936 3341 2161 3414 modo
2195 3344 2639 3430 existiment,

590 3602 639 3650 5.
657 3595 924 3646 Malitiose.
942 3595 976 3643 J
979 3593 1160 3642 nundi
1175 3595 1344 3644 Verris
1364 3608 1414 3645 et
1433 3598 1539 3657 eju·
1696 3613 1724 3645 2
1736 3631 1749 3645 .
1790 3599 2186 3646 Demonsemtoem
2220 3607 2305 3644 est.
2330 3596 2479 3660 Vulg.
2520 3617 2545 3639 ι
2561 3596 2645 3644 de—

517 3679 732 3730 criminis
781 3673 1077 3724 extenmndi
1133 3690 1291 3725 muna.
1347 3677 1541 3726 Ironioe
1626 3677 1993 3726 mummium
2020 3685 2094 3724 ent
2110 3697 2155 3723 ε.
2191 3675 2355 3724 Male:
2380 3691 2492 3722 nam
2520 3673 2647 3724 mad

519 3763 626 3812 haee
666 3759 718 3806 in
759 3754 1014 3804 Metellum
1049 3755 1188 3818 qnasi
1226 3754 1359 3804 aliud
1395 3771 1543 3819 agens
1628 3757 1789 3818 ipsum
1810 3758 1911 3816 jam
1934 3755 2231 3804 ontmdernt.

521 3841 782 3901 detorquet
803 3835 872 3882 ita
895 3845 951 3883 ut
975 3836 1178 3883 omnino
1193 3833 1360 3886 ,Verrio
1382 3835 1543 3884 santo·
1702 3836 1751 3883 3.
1776 3834 2009 3884 Oderunt.
2026 3834 2289 3884 Subintell.
2318 3833 2451 3882 dices
2468 3833 2648 3881 (onan.

523 3935 626 3968 rem
648 3913 891 3965 ostendat.
1630 3941 1701 3951 —
1731 3912 1862 3962 Cives
1890 3931 2015 3962 rom.
2048 3916 2107 3962 In
2138 3913 2301 3962 sicam
2324 3914 2645 3978 negotiantes.

592 3997 780 4048 Lxlx.
817 4011 860 4042 ι.
899 3995 1003 4042 11-S
1049 3995 1198 4043 CXX.
1225 3996 1300 4042 De
1339 4009 1541 4042 numae
1564 4033 1575 4046 .
1700 4001 1751 4049 4.
1772 3993 2087 4058 Quodgaenus
2106 3991 2369 4042 leomianus.
2388 3993 2653 4080 Sei-vosne³

519 4079 665 4141 liujus
691 4074 1017 4138 disputatione
1043 4073 1148 4122 vid.
1166 4089 1278 4137 sup.
1301 4074 1386 4135 57.
1628 4088 1693 4120 ιιι
1711 4073 1937 4134 libertos,
1954 4089 2019 4124 ιιι
2036 4075 2307 4139 ingenua,
2330 4083 2424 4124 ete.
