2984 4684
770 403 883 475 IN
927 405 1381 475 VERREM
1429 407 1644 475 Aer:
1687 406 1800 491 11,
1852 407 2042 474 Lm.
2077 407 2135 476 1.
2379 401 2520 474 363

378 526 817 601 videbantur
836 549 993 598 esse
1008 581 1029 616 ,
1055 551 1287 625 quum
1312 527 1770 599 Sacerdotem
1795 527 2373 618 exsecrabantur,
2392 531 2522 624 qui

378 663 660 712 verrem
701 651 851 707 tam
889 661 1205 735 nequam
1242 638 1674 736 reliquisset.
1723 639 1898 728 Quae
1949 663 2082 736 ego
2123 665 2278 710 uon
2322 663 2522 710 com-

380 771 857 822 memorarem
876 745 1161 847 (neque
1192 753 1387 825 enim
1408 747 1766 849 perfacete
1787 749 2002 839 dicta,
2030 775 2272 849 neque
2298 774 2520 851 porro

382 861 519 933 hac
544 863 921 932 severitate.
951 858 1169 958 digna
1198 862 1413 957 sunt)
1432 916 1451 948 ,
1472 864 1614 932 nisi
1641 884 1770 932 vos
1797 859 1978 931 illud
2009 860 2267 932 vellem
2288 886 2529 933 recor-

384 969 538 1042 dari
557 1027 577 1059 ,
606 973 819 1044 istius
844 973 1249 1068 nequitiam
1275 985 1351 1043 et
1369 975 1831 1069 iniquitatem
1862 985 2020 1044 tum
2047 975 2125 1042 in
2145 997 2274 1044 ore
2297 970 2527 1070 vulgi,

388 1095 611 1180 atque
646 1083 725 1152 in
761 1081 1277 1155 communibus
1312 1081 1718 1182 proverbiis
1753 1105 1908 1153 esse
1938 1095 2313 1153 versatam.

480 1197 765 1265 XLVII.
807 1199 894 1265 In
916 1192 1206 1291 plebem
1232 1219 1406 1265 vero
1435 1217 1814 1265 romanam
1839 1208 2087 1263 utrum
2117 1190 2532 1290 superbiam

384 1306 584 1403 prius
623 1327 1055 1394 memorem,
1088 1329 1181 1376 an
1220 1301 1764 1376 crudelitatem?
1807 1305 1978 1374 Sine
2012 1300 2240 1374 dubio
2273 1302 2534 1374 crude-

383 1415 543 1490 litas
570 1417 855 1512 gravior
897 1429 1008 1486 est
1049 1428 1267 1512 atque
1298 1415 1633 1486 atrocior.
1674 1411 2053 1483 Oblitosne
2089 1415 2313 1508 igitur
2346 1411 2481 1482 hos
2507 1423 2527 1455 ¹

382 1527 655 1622 putatis
691 1547 843 1596 esse
860 1578 880 1611 ,
906 1522 1526 1622 quemadmodum
1563 1527 1656 1595 sit
1683 1527 1817 1594 iste
1849 1522 2104 1594 solitus
2131 1525 2350 1618 virgis
2375 1523 2529 1619 ple-

382 1631 554 1704 bem
592 1657 968 1704 romanam
1000 1633 1429 1706 concidere?
1457 1653 1678 1731 quam
1717 1657 1872 1704 rem
1917 1635 2136 1703 etiam
2189 1631 2534 1705 tribunus

385 1741 654 1844 plebis²
693 1747 773 1814 in
812 1747 1166 1815 concione
1202 1747 1374 1841 egit,
1404 1768 1637 1842 quum
1670 1767 1840 1815 eum
1859 1797 1880 1828 ,
1909 1766 2132 1838 quem
2153 1743 2372 1839 virgis
2401 1742 2534 1813 iste

386 1852 775 1942 ceciderat,
833 1855 909 1924 in
945 1851 1464 1955 prospectum³
1508 1852 1768 1953 populi
1813 1855 2098 1924 romani
2144 1852 2533 1951 produxit:
2626 1921 2632 1927 .

388 1965 598 2059 cujus
661 1967 767 2036 rei
820 1964 1339 2062 cognoscendae
1393 1962 1650 2037 faciam
1710 1962 1921 2034 vobis
1979 1965 2161 2034 suo‘*
2208 1976 2536 2062 tempore

385 2089 846 2175 potestatem.
899 2077 1257 2177 Superbia
1304 2101 1477 2148 vero
1516 2100 1663 2174 qua
1701 2069 1959 2165 fuerit,
2001 2077 2170 2172 quis
2209 2075 2544 2173 ignorat?

387 2185 1061 2286 quemadmodum-'⁵
1108 2191 1169 2260 is
1218 2190 1725 2263 tenuissimum
1777 2211 2150 2285 quemque
2209 2200 2538 2257 contem-

388 2303 649 2398 pserit,
699 2298 1138 2399 despexerit,
1177 2298 1489 2371 liberum
1543 2323 1696 2370 esse
1750 2321 2154 2395 numquam
2209 2296 2542 2367 duxerit?

388 2417 463 2484 P.
479 2412 885 2483 Trebonius
906 2413 1101 2481 viros
1134 2408 1373 2481 bonos
1392 2406 1425 2454 ⁶
1450 2422 1525 2480 et
1551 2409 1902 2480 honestos
1929 2407 2344 2506 complures
2372 2406 2542 2477 fecit

391 2519 726 2612 heredes;
747 2525 825 2594 in
854 2521 965 2592 his
989 2517 1201 2592 fecit⁷
1243 2543 1458 2591 suum
1484 2518 1852 2589 libertum.
1889 2523 1959 2589 Is
1989 2523 2071 2588 A.
2092 2515 2537 2588 Trebonium

390 2627 684 2702 fratrem
744 2629 1101 2702 habuerat
1158 2631 1650 2727 proscriptum
1705 2655 1720 2697 ε
1786 2629 1854 2698 ei
1914 2651 2146 2725 quum
2201 2621 2540 2698 cautum⁸

390 2742 639 2831 vellet,
662 2745 981 2841 scripsit,
1009 2755 1091 2812 ut
1110 2738 1413 2812 heredes
1432 2740 1784 2835 jurarent,
1809 2760 1884 2807 se
1910 2752 2314 2824 curaturos,
2339 2749 2423 2806 ut
2451 2761 2541 2806 ex

393 2876 522 2924 sua
554 2854 907 2951 cujusque
943 2867 1147 2950 parte
1186 2877 1281 2923 ne
1320 2854 1562 2922 minus
1593 2847 1975 2920 dimidium
2028 2847 2118 2919 ad
2147 2852 2231 2919 A.
2265 2845 2538 2920 Trebo-

392 2966 600 3034 nium
630 2961 926 3036 fratrem
963 2962 1171 3035 illum
1214 2964 1706 3062 proscriptum
1734 2963 2168 3059 perveniret.
2205 2957 2543 3032 Libertus

390 3075 607 3171 jurat.
635 3077 876 3148 Ceteri
902 3073 1206 3147 heredes
1233 3072 1506 3145 adeunt
1537 3071 1629 3146 ad
1659 3078 1964 3145 Verrem
1996 3099 2013 3142 τ
2048 3071 2353 3162 docent,
2387 3097 2539 3143 non

463 3277 670 3326 XLVII.
697 3294 745 3328 1.
768 3281 887 3327 Hos.
910 3279 1184 3345 Populum,
1212 3279 1299 3344 qui
1326 3279 1423 3327 cir-
1584 3277 1634 3326 6.
1673 3280 1855 3326 Bonos.
1901 3277 2148 3327 Nimirum
2193 3294 2259 3325 ex
2307 3277 2544 3342 opinione

396 3369 508 3403 curu
536 3353 766 3406 subsellia
798 3358 971 3406 stabat.
1030 3397 1039 3408 ,
1511 3356 1763 3407 Trebonii.
1790 3358 1915 3407 Nam
1942 3374 2050 3422 quae
2089 3367 2362 3422 sequuntur
2391 3357 2540 3404 bonos

470 3451 519 3482 a.
552 3435 789 3484 Tribunus
806 3435 982 3502 plebis.
1010 3437 1083 3486 M.
1114 3437 1301 3486 Lollius
1328 3440 1425 3486 Pa·
1513 3446 1563 3484 ee
1587 3436 1839 3494 honestos,
1871 3453 2036 3486 revera
2076 3454 2180 3486 non
2208 3437 2356 3485 fuisse
2385 3435 2548 3484 decla-

395 3510 603 3561 licanus.
1514 3526 1641 3564 rant.

471 3595 525 3643 3.
546 3592 726 3642 Melius
749 3592 897 3644 codd.
919 3591 1144 3658 quidam,
1178 3609 1424 3658 «conspe-
1588 3596 1810 3656 7.Multi
1833 3596 1984 3645 deleri
2011 3597 2189 3644 volunt
2197 3593 2330 3660 fecit
2342 3612 2363 3652 ;
2390 3599 2546 3646 Here-

398 3683 533 3722 ctum
552 3695 593 3724 ··.
614 3673 664 3721 J.
684 3675 749 3723 V.
771 3674 824 3723 L.
1513 3675 1608 3722 lius
1635 3687 1790 3723 mutat
1809 3675 1864 3723 in
1886 3676 2054 3724 etiam.
2093 3676 2143 3723 J.
2164 3677 2228 3722 V.
2255 3675 2310 3721 1..

470 3762 520 3814 4.
538 3755 637 3802 Suo
656 3764 885 3818 tempore.
904 3755 1070 3816 Quum
1090 3750 1151 3802 de
1170 3750 1426 3819 suppliciis
1587 3755 1639 3802 8.
1665 3743 1892 3803 Cautum.
1927 3757 2096 3818 Quum
2119 3754 2166 3802 ei
2194 3753 2306 3801 vitae
2328 3753 2546 3804 subsidia

398 3845 589 3900 agetur.
1513 3833 1856 3897 suppeditare,
1899 3846 1949 3883 et
1991 3833 2043 3882 id
2061 3866 2077 3890 ,
2118 3831 2258 3897 quod
2299 3832 2546 3898 relinque-

473 3915 523 3962 5.
551 3913 774 3962 Goersuz.
800 3911 863 3961 ad
891 3911 1179 3963 Ciceronem
1208 3911 1271 3962 de
1290 3912 1427 3960 Fini-
1514 3913 1625 3972 bat,
1661 3913 1924 3977 providere
1963 3913 2110 3962 vellet
2150 3924 2206 3961 ut
2245 3925 2378 3963 extra
2415 3915 2548 3980 peri-

400 3991 518 4051 bus,
554 3995 618 4053 V,
646 3993 739 4052 32,
764 4003 1013 4042 oratorem
1047 3993 1255 4054 conjicit
1294 3999 1431 4058 repe-
1520 3992 1682 4041 culum
1709 4004 2005 4058 poneretur-3
2040 4005 2213 4058 utpote
2233 3993 2319 4059 qui
2337 3996 2548 4059 proscri-

405 4071 575 4120 titione
604 4089 749 4121 usum
776 4073 959 4121 dixisse
975 4108 990 4133 ,
1026 4095 1052 4116 ιι
1067 4071 1181 4138 quis
1205 4073 1429 4138 ignorat,
1520 4083 1636 4138 ptus
1662 4073 1917 4123 cernendae
1941 4073 2202 4124 hereditati
2221 4073 2429 4123 idoneus
2445 4089 2550 4122 nou

404 4151 812 4214 quemadmodum
838 4153 879 4201 is
895 4189 911 4214 ,
936 4163 1029 4202 etc.
1049 4175 1075 4196 n
1105 4155 1156 4202 J.
1174 4155 1237 4203 V.
1273 4153 1326 4200 1..
1521 4163 1662 4202 esset.
