2984 4684
471 396 647 482 ’134
1148 399 1245 464 Μ.
1295 398 1371 464 Τ.
1427 392 1983 464 CICERONIS

505 517 710 615 quod
749 517 980 588 facere
1019 515 1420 588 Messallam
1445 511 1737 603 videtis;
1768 517 1897 610 qui
1930 512 2190 612 caput⁶
2224 518 2635 590 innocentis

505 627 1026 717 defenderent3
1069 631 1196 724 qui
1229 627 1509 722 injuriae
1553 627 2010 714 resisterent3
2056 629 2226 722 qui,
2274 642 2629 723 quantum

502 751 841 837 possent,
885 741 962 808 in
1013 737 1239 808 salute
1278 735 1604 823 alterium,
1653 757 1875 831 quam
1918 737 1998 804 in
2041 736 2293 823 exitio,
2338 736 2634 806 mallent

501 846 903 920 ostendere.
931 845 1152 936 Quod
1179 848 1237 938 si
1273 861 1527 917 omnes
1545 899 1564 932 ‚
1591 847 1721 942 qui
1754 843 2011 916 eodem
2043 843 2207 916 loco
2238 849 2387 916 nati
2424 859 2631 934 sunt,

500 957 856 1047 facerent3
883 974 956 1030 et
983 957 1390 1057 respublica
1411 982 1499 1028 ex
1520 955 1685 1044 illis,
1714 971 1785 1028 et
1807 958 1945 1053 ipsi
1974 981 2065 1027 ex
2090 954 2363 1027 invidia
2387 960 2631 1027 minus

502 1069 932 1140 laborarent.

593 1183 742 1250 LII.
771 1183 1042 1249 Verum
1073 1180 1130 1248 si
1155 1201 1200 1247 a
1231 1176 1733 1272 chrysogone,
1762 1173 2070 1274 judices,
2107 1200 2257 1247 non
2284 1179 2627 1274 impetra—

496 1295 682 1376 inus,
711 1304 793 1359 ut
817 1290 1127 1386 pecunia
1154 1301 1401 1358 nostra
1427 1299 1819 1357 contentus
1846 1287 1961 1371 sit,
1978 1288 2233 1357 vitam¹
2268 1311 2360 1356 ne
2392 1300 2629 1384 petat;

499 1402 556 1468 si
591 1399 722 1470 ille·
744 1397 1008 1469 adduci
1061 1421 1211 1468 non
1256 1410 1541 1495 potest,
1586 1409 1702 1483 ut,
1749 1421 1981 1494 quum
2026 1395 2378 1468 ademerit
2414 1394 2629 1467 nobis

498 1511 780 1596 omnia,
803 1520 980 1605 'quae
1029 1523 1278 1578 nostra
1312 1520 1519 1579 erant
1560 1509 1889 1604 propria,
1938 1531 2031 1577 ne
2068 1506 2304 1577 lucem
2330 1531 2631 1603 quoque

496 1617 723 1706 hane,
753 1643 916 1714 quae
949 1620 1357 1688 communis
1391 1630 1535 1703 est,
1562 1619 1849 1714 eripere
1876 1619 2151 1720 cupiat3
2182 1619 2242 1686 si
2276 1641 2427 1687 non
2460 1617 2627 1686 satis

493 1727 714 1798 habet
743 1731 1110 1798 avaritiam
1143 1752 1346 1798 suam
1373 1728 1684 1824 pecunia
1710 1726 2028 1823 explere,
2055 1728 2193 1796 nisi
2226 1728 2441 1796 etiam
2470 1747 2630 1800 cru·

495 1837 787 1909 ‹lelitate
820 1840 1230 1934 sanguinis²
1265 1837 1569 1935 perlitus
1600 1839 1693 1906 sit
1721 1859 1737 1904 ε
1775 1859 2002 1906 unum
2034 1833 2447 1934 perfugium
2468 1887 2487 1922 ‚
2514 1835 2629 1930 ju-

497 1945 692 2024 dices
711 2001 730 2036 ‚
778 1973 926 2018 una
956 1971 1120 2045 spes
1153 1946 1432 2044 reliqua
1463 1961 1573 2018 est
1602 1949 1757 2016 SeX.
1788 1948 2081 2033 Rosci0‚
2126 1944 2378 2017 eadem
2404 1999 2425 2031 ‚
2468 1968 2627 2040 quae

493 2052 910 2150 reipublicae
931 2109 949 2142 ,
1000 2069 1237 2126 vestra
1278 2058 1583 2153 pristina
1633 2054 1923 2125 bonitas
1978 2069 2051 2125 et
2094 2054 2623 2126 misericordia:

490 2185 654 2256 quae
681 2165 742 2232 si
775 2179 1056 2246 manet,
1095 2164 1269 2235 salvi
1297 2167 1511 2234 etiam
1539 2189 1740 2235 nunc
1772 2190 1925 2235 esse
1948 2189 2354 2262 possumus
2393 2168 2517 2236 Sin
2546 2189 2626 2236 ea

491 2271 876 2344 crudelitas
893 2329 912 2364 ‚
939 2299 1102 2372 quoe
1126 2274 1270 2345 hoc
1296 2290 1623 2374 tempore
1656 2280 1733 2345 in
1771 2273 2145 2372 republica
2170 2291 2447 2346 versata
2474 2291 2581 2346 est
2606 2329 2626 2362 ‚

494 2397 770 2456 vestros
814 2409 1114 2484 quoque
1153 2389 1432 2458 animos
1455 2441 1473 2474 ,
1526 2384 1604 2457 id
1648 2385 1851 2483 quod
1900 2383 2057 2456 fieri
2094 2384 2422 2484 profecto
2472 2411 2623 2457 non

489 2507 769 2590 potest,
813 2495 1142 2568 duriores
1179 2495 1733 2594 acerbioresque
1781 2496 2134 2587 reddidit3
2186 2513 2427 2568 actum
2488 2513 2622 2580 est,

485 2601 810 2698 judices:
844 2609 1035 2680 inter
1063 2606 1248 2680 feras
1275 2611 1503 2681 satius
1536 2622 1645 2678 est
1676 2621 1956 2678 aetatem
1990 2607 2515 2706 degere‚quam
2546 2611 2621 2677 in

488 2711 626 2784 hac
649 2731 844 2788 tanta
865 2722 1312 2790 immanitate
1333 2721 1620 2790 versari.
1643 2717 1752 2790 Ad
1777 2742 2031 2790 eamne
2059 2744 2213 2788 rem
2239 2741 2370 2789 vos
2402 2742 2623 2788 reser-

486 2823 662 2894 vati³
695 2828 909 2898 estis?
931 2828 1026 2898 'ad
1057 2851 1312 2901 eamne
1339 2854 1492 2900 rem
1518 2827 1803 2916 delecti,
1833 2843 1915 2900 ut
1945 2853 2071 2900 eos
2098 2827 2618 2900 condemnare-

563 3099 617 3148 6.
652 3099 826 3164 Caput.
853 3102 1046 3162 Vitam,
1071 3103 1371 3163 libertatem,
1406 3105 1508 3151 exi·

490 3177 813 3226 stimationem
841 3183 945 3228 sine
984 3198 1080 3244 qua
1114 3185 1213 3229 vita
1253 3183 1386 3230 nulla
1415 3199 1509 3248 pu-

487 3266 640 3307 tatur.

557 3339 661 3385 ul.
701 3353 745 3385 t.
787 3335 954 3385 Vitam
984 3354 1048 3385 m
1071 3350 1232 3401 petat.
1269 3339 1512 3388 mirabilia

485 3415 626 3463 locus
651 3417 706 3464 in
730 3416 936 3481 epilogis
958 3417 1265 3465 inducendus
1291 3417 1354 3465 ad
1379 3434 1511 3466 com-

490 3496 780 3542 movendam
805 3495 1205 3545 misericordiam.
1229 3497 1408 3544 Similis
1425 3499 1511 3546 ille

487 3575 580 3634 ‘pro
608 3575 845 3636 Quintio,
878 3577 968 3638 30,
998 3577 1050 3622 in
1071 3575 1188 3624 fine.

565 3669 617 3702 2.
645 3653 936 3702 crudelitate
963 3655 1232 3722 sanguinis.
1255 3659 1297 3704 1.
1327 3673 1369 3703 e.
1399 3671 1511 3705 san-

491 3731 634 3792 guine
659 3733 920 3788 crudeliter
945 3737 1126 3794 effuso,
1159 3735 1348 3785 erudeli
1377 3736 1511 3784 caetle

491 3807 746 3871 adspersus
779 3812 844 3859 sit
877 3825 925 3862 et
963 3815 1200 3878 perfusus.
1233 3817 1356 3877 Quae
1395 3831 1509 3863 eane

493 3888 640 3943 elata,
667 3899 722 3935 ut
747 3891 800 3938 in
823 3893 1131 3956 indignante,
1147 3894 1401 3942 translatio
1420 3905 1509 3943 est.

493 3966 709 4014 Clericus
733 3980 894 4018 autem
916 3973 1025 4019 Art.
1053 3973 1206 4020 critic.
1233 3974 1338 4032 111,
1375 3989 1422 4034 1,
1450 3977 1506 4030 8,

493 4046 742 4094 audaciori
768 4047 864 4096 hoc
891 4049 1126 4113 loquendi
1151 4067 1324 4114 genere
1351 4053 1511 4100 offen-

493 4141 576 4174 ωε
601 4126 860 4191 legendnm
887 4132 1052 4176 censet
1071 4151 1096 4172 n·
1113 4131 1388 4178 crudelitati
1407 4147 1513 4178 san-

1598 3103 1743 3168 guine
1780 3103 2019 3167 perlitarit
2038 3123 2065 3144 a·
2084 3137 2098 3160 ,
2132 3101 2204 3149 ita
2241 3112 2300 3150 nt
2335 3099 2619 3150 Crudelitati

1598 3183 1737 3246 quasi
1752 3183 1855 3230 deae
1868 3196 2000 3230 sacra
2013 3181 2173 3229 faciat.
2184 3184 2297 3228 Hoc
2312 3181 2495 3245 recepit
2509 3179 2617 3228 Sch.

1597 3261 1823 3309 Ceterum
1834 3260 2048 3313 ostendit
2058 3260 2187 3308 Oliv.
2197 3261 2389 3324 plaeere
2397 3256 2619 3310 Ciceroni

1599 3355 1679 3387 eae
1706 3355 1883 3387 vocum
1905 3341 2333 3398 commutationes,
2345 3355 2458 3402 quse
2477 3353 2620 3402 gram-

1598 3419 1786 3467 maticis
1820 3419 2018 3468 auribus
2048 3421 2215 3467 forsan
2244 3435 2349 3467 non
2374 3418 2619 3482 placeant,

1598 3499 1685 3546 aed
1696 3498 1961 3548 novitatem
1976 3498 2187 3546 dictioni
2200 3512 2258 3546 ae
2273 3496 2619 3546 admirabilita-

1600 3590 1695 3624 tem
1720 3577 2001 3624 concilient.
2020 3576 2142 3624 Inde
2162 3579 2290 3624 enim
2310 3578 2385 3622 vis
2400 3577 2553 3636 major
2570 3584 2617 3620 et

1599 3656 1821 3720 quiedam
1848 3655 2101 3704 colorandi
2138 3654 2353 3704 efficacia
2396 3671 2425 3702 a
2476 3651 2619 3701 bonis

1600 3735 1875 3783 oratoribus
1917 3751 2021 3782 non
2068 3734 2229 3781 minus
2268 3751 2415 3797 quam
2460 3732 2617 3798 poetis

1598 3816 1775 3878 saepius
1798 3825 2050 3879 usurpata.
2082 3839 2149 3847 —
2174 3818 2308 3862 Loco
2335 3815 2543 3878 perlitus
2566 3813 2615 3857 in

1598 3907 1716 3942 vett.
1742 3894 1853 3942 edd.
1872 3895 2126 3958 preditus.
2146 3895 2373 3941 Pessime.

1669 3976 1722 4024 3.
1770 3975 2029 4022 Reservate'.
2066 3976 2139 4022 Ex
2187 3973 2425 4022 nobilium
2438 4009 2453 4032 ,
2496 3986 2616 4034 quos

1596 4055 1783 4102 Marius
1821 4054 2109 4111 trucidavit,
2150 4052 2284 4100 eaede
2324 4052 2516 4100 servati.
2550 4075 2617 4085 -·

1598 4133 1796 4180 Delecci.
1833 4137 1864 4182 J
1868 4133 2035 4182 udices
2060 4131 2335 4180 constituti.
