2984 4684
785 375 898 447 IN
945 375 1371 447 VERREM
1404 375 1640 446 ‘ACT.
1696 377 1806 464 ΙΙ,
1856 377 2048 447 LIB.
2096 381 2152 447 I.
2401 375 2537 474 377

400 498 733 572 machina
768 501 941 571 sua4
972 525 989 568 ε
1026 523 1193 569 nam
1220 499 1347 569 illo
1369 524 1524 570 non
1547 522 1825 584 saxum,
1855 523 2007 570 non
2045 501 2383 571 materies
2413 501 2542 571 ad-

397 625 602 682 vecta
623 624 752 682 est.
770 614 1085 680 Tantum
1100 610 1339 707 operis
1363 613 1441 680 in
1466 610 1601 680 ista
1623 608 1985 681 locatione
2006 607 2164 694 fuit,
2184 625 2544 707 quantum

398 745 647 819 paucae
683 743 923 817 operae
958 706 1335 792 fabrorum
1379 719 1734 792 mercedis
1770 719 2133 807 tulerunt,
2174 735 2246 792 et
2285 729 2548 793 manus

400 827 767 931 pretium⁵
802 830 1167 902 machinae.
1224 835 1488 902 Utrum
1553 831 1970 902 existimatis
2019 835 2262 903 minus
2306 834 2550 930 operis

400 965 585 1030 esse,
607 965 829 1011 unam
857 941 1271 1013 columnam
1302 939 1593 1014 efficere
1624 940 1716 1012 ab
1736 942 2023 1038 integro
2049 967 2310 1014 novam
2342 943 2548 1015 nullo

399 1048 638 1148 lapide
657 1048 982 1121 redivivo
996 1046 1055 1140 ⁶,
1084 1075 1177 1122 an
1207 1066 1522 1149 quatuor
1552 1051 1712 1123 illas
1738 1055 2148 1150 reponere?
2181 1077 2398 1125 nemo
2421 1053 2550 1124 du-

396 1156 617 1248 bitat,
643 1161 823 1257 quin
861 1159 1095 1232 multo
1133 1162 1367 1257 majus
1401 1165 1493 1232 sit
1531 1186 1798 1234 novam
1824 1158 2085 1233 facere.
2114 1162 2549 1250 Ostendam,

402 1272 479 1340 in
499 1270 786 1343 aedibus
795 1273 1122 1370 privatis,
1140 1272 1355 1370 longa
1382 1271 1808 1371 difficilique
1829 1287 2155 1359 vectura,
2173 1273 2552 1345 columnas

400 1382 718 1479 singulas
764 1383 853 1454 ad
896 1383 1361 1483 impluvium,
1414 1387 1556 1454 H-S
1599 1382 2145 1480 ‘quadragenis7
2189 1381 2549 1468 millibus,

400 1517 552 1565 non
596 1494 838 1566 minus
879 1518 1210 1592 magnaS,
1249 1493 1536 1566 locatas.
1572 1495 1710 1566 Sed
1747 1497 2082 1592 ineptum
2120 1508 2230 1566 est
2271 1493 2364 1564 de
2397 1508 2546 1565 tam

399 1605 781 1702 perspicua
810 1606 1015 1678 istius
1038 1604 1497 1703 impudentia
1520 1603 1856 1703 pluribus
1885 1603 2128 1675 verbis
2146 1604 2549 1703 disputare,

400 1717 801 1813 praesertim
834 1739 1065 1813 quum
1093 1718 1228 1788 iste
1261 1730 1510 1815 aperte
1537 1727 1690 1786 tota
1721 1715 1882 1811 lege
1915 1716 2248 1798 omnium
2280 1739 2551 1787 sermo-

400 1849 573 1896 nem
618 1839 840 1922 atque
895 1827 1498 1898 existimationem
1541 1827 2093 1923 contempserit,
2141 1827 2272 1921 qui
2328 1826 2549 1896 etiam

402 1933 495 2006 ad
526 1949 930 2007 extremum
948 1935 1440 2035 adscripserit,
1463 1961 1806 2007 mzmvlvA
1822 1960 1954 2007 s1131
1979 1961 2306 2008 numo:
2344 1939 2552 2034 quasi

402 2045 807 2144 quidquam
840 2046 1142 2119 redivivi
1174 2072 1265 2120 ex
1300 2069 1522 2145 opere
1559 2045 1686 2117 illo
1711 2045 2118 2132 tolleretur,
2153 2069 2238 2117 ac
2269 2069 2422 2116 non
2455 2060 2551 2116 to-

402 2171 561 2228 tum
593 2180 781 2255 opus
814 2183 905 2229 ex
936 2157 1273 2230 redivivis
1306 2159 1893 2229 constitueretur.
1933 2157 2026 2226 At
2060 2151 2298 2225 enim8
2333 2155 2392 2226 si
2420 2180 2552 2254 pu-

403 2266 579 2366 pillo
600 2267 859 2339 redimi
883 2292 1033 2339 non
1058 2267 1357 2358 licebat,
1375 2291 1526 2338 non
1547 2290 1837 2338 necesse
1858 2279 2010 2337 erat
2028 2290 2182 2338 rem
2201 2266 2289 2338 ad
2312 2268 2551 2366 ipsum

402 2381 782 2476 pervenire
816 2405 833 2449 :
868 2393 1154 2476 poterat
1188 2378 1445 2474 aliquis
1482 2376 1575 2447 ad
1616 2375 1691 2447 id
1733 2380 2113 2472 negotium
2143 2375 2236 2447 de
2273 2377 2552 2476 populo
2588 2369 2596 2376 ’

404 2488 765 2561 accedere.
800 2493 1073 2560 Omnes
1102 2488 1374 2560 exclusi
1399 2500 1572 2558 sunt
1596 2509 1748 2556 non
1773 2489 2016 2557 minus
2035 2501 2313 2585 aperte,
2329 2512 2552 2584 quam

403 2599 729 2698 pupillus
776 2624 793 2668 t
843 2597 1035 2669 diem
1089 2599 1475 2696 praestituit
1526 2596 1734 2692 operi
1780 2593 2165 2684 faciundo,
2209 2594 2554 2668 kalendas

408 2707 863 2799 decembres;
901 2707 1093 2780 locat
1139 2708 1423 2783 circiter
1462 2706 1627 2777 idus
1673 2701 2157 2806 septembres;
2207 2706 2552 2804 angustiis

410 2825 759 2919 temporis
800 2819 1294 2894 excluduntur
1328 2843 1606 2891 omnes.

1597 3016 1648 3065 6.
1684 3013 1929 3064 Redivivo.
1954 3015 2134 3064 Vetere
2167 3025 2218 3064 et
2264 3015 2326 3063 de
2363 3014 2557 3079 integro

1525 3110 1670 3146 σεῦε).
1702 3097 1782 3145 sic
1819 3095 1946 3143 infra
1983 3094 2198 3144 rediviva
2231 3105 2416 3143 veteres
2455 3111 2554 3142 ma-

408 3016 662 3082 proprium
688 3030 763 3068 eet
785 3018 964 3083 cuique
986 3017 1217 3078 materh,
1231 3028 1291 3066 ut
1304 3017 1435 3065 bona

408 3097 489 3145 eit.
525 3098 709 3147 Omnes
744 3099 957 3148 mteriae
998 3100 1055 3146 in
1094 3115 1149 3146 ee
1187 3096 1398 3146 habeant
1414 3134 1430 3160 ,

408 3176 547 3239 quod
581 3177 873 3242 requiritur,
902 3188 961 3226 nt
992 3177 1139 3226 bona
1180 3187 1233 3225 et
1266 3175 1437 3242 probae

411 3255 527 3304 sint.

481 3341 532 3389 4.
568 3333 807 3384 Machina
834 3353 946 3386 sua.
985 3339 1087 3386 Has
1120 3351 1266 3385 voces
1305 3335 1437 3384 delet

411 3411 611 3462 Sohiitz.
632 3413 849 3464 Temere.
870 3419 1054 3465 Totum
1072 3415 1287 3464 Rabonii
1308 3431 1435 3480 opus

411 3490 464 3538 in
491 3507 553 3540 eo
578 3491 673 3542 suit
688 3527 703 3554 ,
728 3504 787 3543 nt
813 3494 1113 3543 caederentur
1132 3494 1322 3560 lapides
1345 3495 1436 3542 ali-

411 3581 559 3634 quot,
592 3583 641 3620 et
665 3573 719 3620 in
744 3589 888 3620 sunm
910 3573 1075 3621 locum
1098 3572 1437 3622 attollerentur

412 3649 644 3699 maehina
668 3668 786 3708 sua,
824 3652 862 3702 i.
898 3669 941 3700 e.
980 3653 1305 3702 convenienti.
1342 3653 1436 3701 Illo

412 3731 543 3779 enim
576 3747 692 3780 san
718 3732 899 3794 majora
917 3731 1051 3780 nulla
1076 3731 1279 3782 advecta
1298 3744 1433 3784 sunt.

413 3811 585 3876 Itaque
601 3822 823 3877 sumptus
842 3811 1079 3859 duntaxat
1108 3813 1266 3860 sactus
1286 3824 1363 3862 eet
1386 3815 1437 3861 in

412 3905 681 3956 perpaucae
702 3890 949 3940 fabrorum
970 3906 1143 3956 opem
1171 3900 1222 3939 et
1254 3893 1309 3940 in
1332 3909 1438 3941 ma·

416 3985 509 4018 nus
532 3972 745 4036 pretium
780 3971 1031 4020 machine.
1108 4031 1117 4038 .

492 4052 543 4100 5.
571 4051 790 4112 Desjnrd.
818 4067 882 4099 ex
908 4053 1095 4100 Ancon.
1120 4073 1145 4092 e·
1164 4067 1438 4118 manu-pre-

420 4128 539 4177 tium
558 4152 601 4180 ιο.
626 4131 739 4181 Sch.
764 4152 787 4174 α
806 4131 1096 4197 manupretii
1116 4154 1156 4178 a.

1527 3176 1681 3224 teriae.

1600 3272 1645 3318 7.
1673 3255 1780 3303 H·S
1798 3254 2150 3320 quadragenis,
2187 3265 2281 3302 etc.
2313 3257 2423 3303 Hoc
2452 3263 2556 3316 est,

1523 3333 1649 3392 cire.
1672 3335 1828 3393 8,2oo
1857 3333 1918 3381 fr.

1597 3415 1646 3462 8.
1675 3417 1746 3462 Ae
1770 3413 1919 3463 enim.
1945 3413 2041 3462 Sed
2057 3448 2072 3473 ‚
2103 3411 2267 3476 inquit
2281 3412 2449 3460 Verris
2471 3409 2556 3459 de-

1525 3493 1717 3554 fensor,
1753 3495 1976 3556 quamvis
2003 3495 2171 3541 Verria
2205 3493 2313 3556 lege
2340 3491 2558 3556 pupillus

1525 3573 1762 3621 redimere
1779 3589 1884 3620 non
1903 3585 2084 3638 posset,
2106 3588 2209 3620 non
2231 3571 2346 3620 ideo
2363 3587 2558 3620 necesse

1524 3652 1822 3701 locationem
1840 3653 1906 3700 ad
1921 3654 2126 3700 Verrem
2149 3651 2340 3715 ipsum,
2361 3648 2415 3697 h.
2434 3666 2478 3697 e.
2492 3649 2557 3697 ad

1525 3731 1774 3780 hominem
1807 3748 1837 3780 a
1870 3732 2024 3779 Verre
2058 3729 2380 3779 subornatum
2421 3727 2549 3777 redi-

1527 3826 1603 3870 re;
1637 3821 1686 3858 et
1727 3808 1919 3874 poterat
1961 3809 2122 3875 quivis
2156 3809 2280 3858 nlius
2307 3825 2334 3856 e
2368 3809 2556 3874 populo

1528 3891 1594 3940 ad
1637 3889 1972 3938 redimendum
2007 3890 2104 3939 hoc
2148 3906 2275 3955 opus
2309 3889 2558 3940 accedere.

1527 3969 1818 4035 Respondet
1839 3969 2042 4032 Cicero,
2065 3986 2168 4019 non
2194 3971 2287 4028 ita3
2307 3987 2421 4018 nam
2449 3985 2556 4018 om-

1529 4068 1616 4100 nes
1634 4065 1739 4098 non
1754 4049 2004 4097 manifeste
2023 4051 2212 4113 minus,
2230 4049 2422 4100 definiti
2441 4061 2562 4099 tem-

1527 4132 1662 4196 poris
1694 4129 1929 4178 brevitate
1957 4141 2073 4180 sunt
2105 4131 2308 4180 exclusi.
