2984 4684
734 363 839 432 IN
886 363 1311 432 VERREM
1363 366 1583 434 ACT.
1635 367 1746 450 ΙΙ,
1793 365 1975 432 LIB.
2028 366 2125 433 11.
2351 360 2490 447 433

374 507 545 556 nem
586 481 965 556 fraudandi
1004 507 1215 554 causa
1252 483 1698 584 discessisse3
1743 485 2148 587 postulant,
2183 499 2265 554 ut
2299 485 2496 556 bona

344 658 350 664 .
374 593 743 692 possidere
764 592 992 666 liceat.
1020 592 1348 664 Debebat
1372 597 1735 693 Epicrates
1761 593 2040 664 nullum
2066 589 2096 636 ⁵
2113 618 2495 664 nummum

375 705 685 776 nemini:
719 705 961 792 amici,
998 706 1057 776 si
1086 705 1251 801 quis
1278 704 1457 802 quid
1484 719 1802 803 peteret,
1833 703 2186 798 judicium
2229 729 2304 776 se
2342 730 2498 803 pas·

372 839 619 900 sui-053
650 813 1051 908 judicatum
1092 813 1273 890 solvi
1309 814 1778 886 satisdaturos
1811 838 1964 885 esse
1994 813 2355 886 dicebant.

470 929 690 998 XXV.
750 927 997 1016 Quum
1034 925 1276 996 omnia
1315 925 1609 996 consilia
1638 937 1657 968 ¹
1710 923 2088 1022 frigerent3
2125 924 2499 996 admonitu

374 1038 579 1108 istius
604 1034 1018 1106 insimulare
1042 1049 1421 1131 coeperunt
1438 1088 1459 1121 ,
1484 1036 1888 1133 Epicratem
1908 1033 2148 1105 literas
2179 1033 2504 1130 publicas

374 1149 829 1245 corrupisse:
871 1169 911 1216 a
956 1169 1102 1242 qua
1154 1145 1562 1242 suspicione
1616 1144 1736 1215 ille
1783 1142 2032 1214 aberat
2083 1145 2501 1243 plurimum.

377 1258 749 1327 Actionem
787 1254 943 1349 ejus
963 1257 1069 1326 rei
1098 1249 1487 1352 postulant.
1520 1255 1748 1323 Amici
1771 1270 2138 1348 recusare,
2178 1279 2270 1325 ne
2306 1253 2508 1351 quod

377 1390 651 1437 novum
662 1363 1051 1460 judicium,
1078 1389 1169 1434 ne
1200 1388 1345 1461 qua
1368 1363 1636 1460 ipsius²
1658 1366 2003 1460 cognitio,
2021 1363 2147 1433 illo
2176 1363 2503 1448 absente,

380 1476 470 1546 de
506 1475 1030 1547 existimatione
1077 1475 1233 1568 ejus
1285 1473 1898 1545 constitueretur:
1944 1487 2018 1542 et
2055 1473 2272 1544 simul
2315 1473 2506 1544 idem

378 1589 559 1662 illud
594 1590 957 1688 postulare
1006 1614 1157 1660 non
1197 1586 1670 1676 desistebant,
1729 1602 1811 1658 ut
1856 1610 1932 1658 se
1969 1588 2060 1658 ad
2106 1587 2297 1685 leges
2347 1613 2512 1660 suas

380 1699 730 1796 rejiceret.
772 1703 913 1770 Iste
956 1698 1269 1796 amplam
1306 1701 1758 1769 occasionem
1801 1696 2172 1768 calumniae
2219 1713 2509 1784 nactus,

380 1809 511 1882 ubi
539 1808 741 1898 ,videt
764 1833 919 1880 esse
942 1808 1250 1906 aliquid,
1287 1805 1488 1906 quod
1529 1808 1739 1878 amici
1769 1807 2143 1880 absentem
2165 1806 2195 1852 3
2227 1810 2508 1907 Epicra-

380 1936 529 1992 tem
560 1917 839 1990 nollent
873 1915 1305 2006 defendere3
1340 1932 1695 1989 asseverat
1727 1943 1804 1989 se
1839 1919 1994 2012 ejus
2021 1921 2124 1989 rei
2155 1920 2232 1988 in
2261 1921 2512 2018 primis

382 2031 737 2102 actionem
788 2051 939 2100 esse
979 2029 1341 2100 daturum.
1394 2031 1642 2118 Quum
1687 2052 1943 2099 omnes
1987 2031 2512 2127 perspicerent,

364 2125 475 2212 'ad
522 2143 743 2211 istum
790 2165 945 2212 non
983 2138 1205 2211 modo
1247 2139 1408 2210 illos
1444 2162 1825 2225 nummos,
1879 2141 2005 2234 qui
2043 2163 2177 2236 per
2221 2141 2513 2210 simula·

385 2252 661 2322 tionem
692 2247 787 2320 ab
821 2253 961 2322 isto
1002 2253 1363 2334 exierant,
1406 2251 1823 2330 revertisse3
1870 2248 1998 2320 sed
2032 2250 2264 2320 multo
2299 2254 2516 2322 etiam

386 2359 629 2459 plures
668 2383 835 2430 eum
880 2374 1129 2457 postea
1170 2382 1510 2437 nummos
1531 2363 1563 2410 4
1607 2358 1984 2430 abstulisse
2019 2386 2035 2426 :
2088 2361 2296 2430 amici
2341 2364 2514 2457 Epi-

388 2484 656 2542 cratem
685 2466 1073 2540 defendere
1106 2468 1575 2555 destiterunt3
1613 2467 1747 2537 iste
1771 2470 2114 2564 Epicratis
2133 2465 2162 2509 ⁵
2182 2467 2380 2538 bona
2409 2472 2519 2538 Bi-

386 2579 599 2652 dinos
634 2581 881 2649 omnia
923 2577 1291 2674 possidere
1342 2590 1415 2648 et
1466 2566 1604 2647 sibi
1641 2575 1908 2646 habere
1956 2577 2184 2672 jussit.
2235 2577 2344 2648 Ad
2397 2579 2518 2648 illa

389 2694 539 2762 H-s
581 2714 649 2760 ιο
702 2687 923 2758 millia
960 2685 1392 2756 hereditaria
1428 2686 1725 2757 accessit
1773 2687 1994 2783 ipsius
2032 2689 2328 2784 antiqua
2370 2691 2519 2758 H-S

389 2794 841 2898 quindecies⁶
864 2798 1181 2894 pecunia.
1199 2801 1494 2867 Utrum⁷
1515 2821 1630 2868 res
1655 2795 1745 2866 ab
1775 2798 1978 2867 initio
2004 2797 2102 2866 ita
2128 2796 2343 2869 ducta
2371 2799 2522 2868 est?

394 2935 484 2981 an
530 2909 621 2980 ad
664 2922 1065 2982 extremum
1114 2910 1213 2978 ita
1260 2904 1608 3005 perducta
1651 2907 1804 2977 est?
1863 2931 1955 2976 an
1998 2909 2094 2976 ita
2139 2931 2356 3006 parva
2413 2925 2521 2978 est

396 3019 741 3117 pecunia?
774 3043 863 3088 an
894 3019 953 3088 is
981 3017 1204 3089 homo
1224 3021 1483 3088 Verres
1507 3071 1526 3104 ‚
1559 3031 1640 3087 ut
1675 3015 1826 3087 haec
1845 3071 1864 3104 ,
1893 3041 2056 3112 quae
2086 3017 2270 3106 dixi,
2307 3021 2524 3115 gratis

396 3127 581 3201 facta
618 3153 771 3200 esse
804 3126 1230 3199 videantur?

474 3362 522 3409 5.
554 3363 714 3410 Graev.
745 3373 793 3409 et
830 3365 1018 3411 Erneet.
1054 3379 1083 3411 e
1114 3362 1231 3412 cod.
1260 3363 1421 3412 Nunn-
1508 3363 1626 3422 nio,
1677 3384 1699 3406 ι
1731 3361 1926 3410 absente
1967 3363 2191 3426 Epicrate
2209 3383 2252 3410 a.
2293 3364 2342 3410 J.
2367 3363 2450 3428 V..
2475 3364 2530 3408 L.

398 3439 593 3488 «ullum
619 3455 868 3486 nummum
894 3441 1077 3488 nemini
1090 3463 1131 3489 ιο.
1144 3441 1313 3490 Paullo
1332 3441 1421 3489 inf.
1582 3447 1635 3497 4.
1656 3443 1900 3490 Posterius
1918 3457 2216 3492 «nummos»
2237 3443 2428 3490 Erunt.
2445 3441 2530 3489 vix

402 3519 521 3567 olim
562 3527 665 3566 erat
704 3538 725 3559 ι
738 3517 928 3578 judicio
958 3535 1121 3568 secum
1152 3519 1232 3582 agi
1259 3536 1422 3583 passu·
1509 3519 1664 3568 eredit
1685 3537 1788 3568 esse
1811 3536 1839 3567 a
1867 3521 2121 3569 Cicerone.
2147 3519 2248 3568 Cur
2281 3536 2385 3568 non
2421 3535 2527 3566 ere-

402 3613 487 3646 ros
503 3618 553 3656 ι,
589 3595 727 3660 quod
746 3613 773 3643 e
800 3599 1077 3659 conjectura
1104 3597 1321 3647 ediderat
1337 3599 1421 3646 'Vi-
1510 3597 1629 3646 dat?
1655 3601 1782 3648 J.v.
1807 3601 1860 3646 1..

404 3675 602 3724 etot-ius.
624 3676 849 3724 Correxit
874 3678 1063 3725 Emest.
1084 3691 1144 3724 ex
1164 3688 1421 3726 consuetu·
1581 3677 1629 3724 5.
1661 3676 1922 3742 Epicratis.
1957 3677 2108 3742 Quasi
2143 3677 2403 3737 latitantis,
2441 3694 2532 3726 nec

404 3755 518 3804 dine
538 3755 883 3816 Ciceroniana,
900 3767 955 3804 ut
972 3759 1111 3804 Verr.
1130 3759 1204 3804 111
1219 3791 1235 3818 ,
1264 3759 1347 3804 28.
1511 3755 1716 3804 defensi.

475 3835 641 3882 XXV.
670 3851 715 3882 1.
742 3834 887 3899 Vulg.
914 3857 939 3876 α
952 3831 1193 3895 judicias».
1220 3838 1267 3884 J.
1281 3837 1345 3884 V.
1366 3837 1423 3884 L.
1583 3835 1632 3882 6.
1655 3835 1758 3881 Η-ὁ·
1771 3833 2046 3897 quindecies
2071 3831 2316 3897 (3075oe
2337 3835 2426 3902 fr.)

480 3930 527 3962 α.
546 3914 654 3962 'Viri
684 3914 819 3962 docti
852 3913 1039 3964 malunt
1062 3914 1221 3968 istius.
1251 3930 1425 3980 nempe
1589 3930 1636 3974 7.
1670 3916 1855 3963 Uerum.
1882 3916 2060 3964 Utrum
2086 3926 2242 3964 totum
2265 3916 2388 3966 iuud
2417 3917 2534 3982 Epi-

406 3979 597 4056 Verrii,
620 4008 725 4041 non
748 3994 852 4042 siue
877 4009 1037 4042 eam.
1055 3995 1088 4042 J
1093 4029 1105 4041 .
1124 3994 1189 4042 V.
1216 3993 1271 4043 Ι...
1430 4051 1437 4060 ,
1515 3994 1659 4042 eratis
1675 3995 1930 4058 negotium
1945 3992 2013 4043 ita
2036 4011 2242 4045 exorem
2258 4007 2334 4046 ent
2342 3997 2536 4052 Verres.

482 4073 531 4120 3.
558 4074 781 4122 Gra-vius
811 4073 997 4137 profert
1022 4088 1049 4119 e
1093 4071 1266 4120 codice
1294 4072 1425 4124 Nan-
1517 4073 1582 4119 ita
1607 4072 1669 4121 ad
1695 4071 1842 4122 finem
1869 4073 2131 4138 perduxit,
2151 4077 2220 4124 ita
2254 4091 2452 4140 parvam
2477 4089 2538 4124 ex

602 4159 659 4224 Ῐ.
701 4173 792 4217 Cic.
820 4187 931 4233 pars
957 4171 1165 4218 secundo.
2262 4160 2349 4228 28
