2984 4684
725 365 836 433 IN
888 363 1340 433 VERREM
1391 365 1613 433 ACT.
1660 363 1776 448 11,
1824 364 2021 431 LIB.
2074 363 2175 432 ΙΙ.

2377 359 2516 457 509

386 485 991 581 εἰηε“οιι]”υ5ςυειῐη
1015 484 1230 555 malo,
1254 485 1437 574 Quis
1457 481 1830 555 acerbior?
1864 485 2029 580 quis
2063 484 2516 558 insidiosior?

389 595 552 691 quis
590 594 948 668 crudelior
987 618 1336 692 umquam
1377 592 1575 666 fuit?
1614 597 1700 665 In
1735 593 1878 665 hoc
1914 593 2254 684 homine,
2298 611 2519 694 atque

389 705 464 774 in
497 704 854 798 ejusmodi
884 729 1096 777 causa
1131 702 1309 803 quid
1343 702 1663 776 facerent
1699 729 1953 774 omnes
1989 708 2225 778 Crassi
2271 722 2344 779 et
2367 712 2518 779 An-

389 817 619 886 tonii?
657 820 966 888 Tantum
991 869 1011 905 ,
1063 809 1394 913 opinorss,
1437 815 1815 899 Hortensi,
1866 812 1957 885 ad
2005 813 2192 887 hanc
2235 841 2519 888 causam

392 951 543 997 non
576 925 1036 1014 accederent,
1088 951 1178 997 ne
1215 926 1294 996 in
1335 924 1630 997 alterius
1667 925 2117 1023 impudentia
2144 929 2253 997 sui
2282 927 2518 1025 pudo·-

391 1040 486 1106 ris
511 1037 1106 1108 existimationem
1143 1037 1577 1107 amitterent.
1609 1033 1897 1105 Liberi9
1930 1038 2122 1105 enim
2154 1036 2243 1107 ad
2276 1061 2522 1110 causas

309 1179 314 1184 ·
393 1145 760 1245 solutique
797 1145 1209 1233 veniebant,
1243 1170 1484 1243 neque
1524 1142 2076 1216 committebant
2098 1198 2117 1233 ‚
2152 1161 2271 1233 ut,
2298 1147 2359 1217 si
2382 1149 2517 1216 im-

393 1254 752 1355 pudentes
799 1260 871 1326 in
923 1253 1384 1328 defendendo
1433 1278 1587 1327 esse
1634 1253 2035 1326 noluissent
2056 1307 2076 1340 ‚
2125 1255 2389 1352 ingrati
2446 1258 2519 1325 in

394 1364 795 1437 deserendo
829 1368 1431 1469 existimarentur.

395 1546 595 1604 Verres,
637 1544 822 1609 poteris
864 1545 1032 1593 forsan
1046 1582 1061 1607 ,
1105 1559 1266 1592 mores
1309 1543 1412 1604 ejus

394 1624 534 1672 mites
549 1635 600 1672 et
613 1623 678 1672 ad
698 1625 856 1672 omni·
872 1623 1182 1672 humanitatis
1201 1623 1410 1688 speciem

395 1703 694 1766 compositu
707 1702 920 1752 laudare.

467 1783 515 1828 8.
543 1783 773 1837 Tamum,
815 1781 1002 1846 opinor.
1036 1783 1246 1831 Tantum
1275 1780 1412 1830 abest

391 1872 455 1908 nt
481 1860 793 1910 defenderent
820 1877 1015 1910 causam
1033 1861 1150 1909 hale
1168 1859 1374 1908 similem
1393 1895 1410 1920 ,

399 1948 454 1986 ut
479 1951 650 1988 eontra
673 1956 736 1988 ne
754 1939 806 1987 id
833 1929 1033 2004 quidem
1055 1950 1324 2001 tentarent3
1354 1956 1415 1989 ne

397 2016 644 2066 hominem
694 2029 865 2083 aperte
909 2019 1187 2084 improbum
1249 2017 1414 2068 defen·

397 2095 562 2146 dendo
587 2098 682 2162 ipsi
710 2097 1021 2162 impudentes
1046 2099 1342 2148 viderentur.

470 2191 518 2239 9³
549 2176 716 2224 Liberi
739 2178 883 2226 enim.
909 2179 1028 2227 Non
1063 2187 1262 2243 accepta
1288 2193 1414 2226 mer-

401 2253 518 2302 cede
540 2254 864 2320 fingebantur,
885 2274 1044 2322 neque
1072 2257 1126 2305 id
1151 2258 1418 2305 committe-

400 2332 548 2392 bant,
603 2334 740 2398 qnod
799 2337 1043 2384 commisit
1093 2335 1384 2384 Hortensius
1399 2369 1414 2392 ‚

401 2412 517 2474 qni,
555 2413 598 2460 si
635 2412 850 2462 defendit
881 2417 1084 2463 Verrem
1104 2447 1120 2472 ,
1157 2413 1416 2478 impudens

401 2500 502 2549 αις
546 2491 588 2539 ei
623 2491 827 2552 deserit,
871 2507 1024 2557 quum
1063 2493 1214 2540 multa
1256 2491 1319 2539 ab
1357 2507 1416 2538 eo

1500 1542 1739 1606 acceperit
1752 1575 1767 1600 ‚
1790 1541 2005 1604 ingratus
2031 1541 2403 1591 existimabitur.
2424 1545 2523 1592 Ac-

1502 1631 1695 1685 ceperat
1720 1621 2012 1669 Hortensius
2036 1632 2199 1668 antem
2234 1633 2411 1686 praeter
2442 1640 2523 1672 ee-

1500 1711 1619 1760 tera‚
1626 1701 1881 1765 sphingem
1895 1715 2075 1748 teneam
2088 1715 2273 1763 magnae
2284 1705 2523 1766 pecnniae.

1498 1779 1643 1828 Unde
1686 1779 1935 1829 Ciceronis
1986 1779 2040 1827 in
2093 1795 2205 1826 enm
2242 1779 2387 1840 jocus
2427 1795 2523 1832 est.

1502 1859 1629 1908 Nam
1642 1875 1797 1924 quum
1813 1859 1886 1906 ini
1906 1868 2077 1906 testem
2094 1857 2345 1918 injudicio
2356 1863 2523 1910 Verris

1503 1939 1694 2002 roganti
1730 1937 1931 1986 dixisset
1958 1939 2277 1987 Hortensius:
2312 1955 2415 1988 non
2448 1941 2525 1988 in-

1505 2019 1674 2083 telligo
1708 2019 1815 2066 hoec
1852 2020 2132 2084 enigmata:
2169 2021 2305 2084 atqui
2346 2020 2491 2069 debes
2508 2055 2523 2080 ‚

1505 2099 1664 2162 inquit
1684 2131 1700 2157 ,
1730 2114 1883 2161 quum
1908 2099 2161 2163 sphingem
2186 2097 2321 2146 domi
2336 2097 2527 2152 habeas.

1505 2177 1647 2226 Conf.
1668 2177 1977 2241 Quintil.V1,
1995 2179 2045 2226 3.
2077 2179 2197 2226 Plin.
2216 2181 2459 2240 xxxw,
2480 2182 2528 2229 8.

1506 2257 1749 2306 Plutarch.
1782 2259 1835 2305 in
1885 2257 1989 2308 Cic.
2030 2273 2092 2305 xo
2114 2293 2128 2316 ,
2170 2267 2219 2305 et
2254 2258 2434 2306 Sallier
2472 2261 2527 2308 in

1507 2335 1748 2384 dissertat.
1774 2335 1835 2383 de
1861 2337 1926 2398 Q.
1954 2323 2217 2385 Hortensio
2234 2372 2249 2396 ‚
2270 2337 2527 2386 Mdmoae'rrs

1506 2413 1568 2460 de
1594 2413 1895 2461 l'Acade‘mie
1913 2414 1997 2462 des
2013 2415 2329 2480 Inscriptiom
2351 2427 2401 2463 ee
2420 2417 2528 2464 1301-

1505 2489 1786 2548 les-Ieecres,
1819 2502 1856 2539 t.
1880 2493 1971 2540 lx.
