2984 4684
521 369 663 442 380
1162 379 1260 448 M.
1313 380 1392 448 T.
1447 375 2007 446 CICERONIS

515 491 703 589 ipso,
729 506 804 564 et
827 496 1176 566 memoria
1202 497 1461 594 patris,
1485 497 1765 567 animos
1790 493 2145 600 imperitae
2176 491 2667 565 multitudinis

515 604 978 676 concitarem.
1029 609 1104 676 P.
1129 608 1328 678 Iunii
1363 622 1551 696 erat,
1592 606 1911 679 hominis
1952 603 2045 676 de
2080 601 2295 703 plebe
2328 627 2669 690 romana,

519 708 714 784 filius
747 741 763 783 :
801 737 1024 812 quem
1065 729 1274 815 pater
1307 721 1632 790 moriens
1659 732 1817 788 tum
1846 712 2213 788 tutoribus
2248 728 2323 784 et
2363 714 2665 811 propin·

515 823 720 918 quis„
757 837 916 894 tum
957 825 1242 923 legibus
1262 882 1283 917 ‚
1331 843 1488 900 tum
1519 829 1837 925 aequitati
1876 827 2425 923 magistratuum
2446 879 2468 914 ‚
2502 838 2665 894 tum

509 931 802 1025 judiciis
825 939 1078 1010 vestris
1105 938 1772 1010 commendandum
1799 939 2099 1037 putavit.
2119 938 2255 1006 Hic
2282 937 2485 1005 istius
2512 958 2671 1004 sce-

515 1041 736 1114 lerata
773 1043 1170 1136 locatione,
1225 1047 1653 1147 nefarioque
1692 1047 2069 1120 latrocinio
2090 1103 2111 1136 ‚
2152 1045 2367 1116 bonis
2410 1045 2666 1143 patriis

511 1149 971 1253 fortunisque
1006 1159 1348 1233 omnibus
1383 1159 1775 1259 spoliatus,
1805 1160 2003 1230 venit
2040 1157 2118 1228 in
2155 1153 2511 1252 judicium
2544 1181 2561 1224 ε
2604 1155 2667 1226 si

515 1263 702 1336 nihil
733 1266 932 1339 aliud
953 1323 974 1358 ‚
1003 1270 1256 1342 saltem
1279 1324 1298 1358 ,
1333 1285 1419 1342 ut
1454 1295 1665 1356 eum,
1702 1267 1914 1365 cujus
1952 1291 2177 1365 opera
2202 1267 2361 1363 ipse
2392 1263 2667 1335 multos

515 1398 747 1447 annos
773 1379 984 1449 estin
1009 1378 1382 1468 sordibus,
1417 1379 1662 1479 paullo
1690 1393 1933 1450 tamen
1964 1371 2413 1450 obsoletius³
2436 1378 2667 1464 ,vesti-

518 1497 674 1555 tum
707 1485 1000 1560 videret.
1031 1493 1287 1588 Itaque
1313 1489 1473 1579 tibi,
1496 1491 1862 1576 Hortensi,
1890 1513 2047 1558 non
2072 1485 2265 1557 illius
2288 1499 2455 1556 aetas
2472 1538 2493 1573 ‚
2534 1484 2666 1556 sed

517 1617 769 1683 causa3
799 1622 954 1668 non
983 1602 1282 1672 vestitus
1299 1655 1320 1690 ,
1343 1601 1468 1672 sed
1504 1597 1823 1686 fortuna,
1851 1597 2226 1696 popularis
2256 1593 2667 1681 videbatur3

511 1729 758 1802 neque
793 1720 863 1778 te
899 1722 1048 1780 tam
1082 1709 1629 1798 commovebat,
1680 1709 1886 1806 quod
1922 1708 2041 1780 ille
2070 1730 2239 1779 cum
2278 1720 2446 1802 toga
2482 1731 2663 1802 prae-

515 1828 746 1900 texta‚
789 1842 1011 1914 quam
1053 1821 1256 1918 quod
1299 1825 1455 1893 sine
1508 1819 1711 1892 bulla
1752 1832 2092 1891 venerat:
2128 1819 2429 1888 vestitus
2466 1817 2665 1888 enim

517 1929 888 1998 neminem
923 1931 1429 2003 commovebat
1465 1934 1561 2017 is,
1618 1955 1836 2028 quem
1886 1928 1992 2000 illi
2040 1952 2239 2016 moe,
2284 1942 2360 1999 et
2384 1927 2503 2021 jus
2546 1928 2665 1996 in-

517 2040 908 2130 genuitatis
958 2037 1217 2129 dabat3
1269 2040 1476 2140 quod
1520 2054 2031 2122 ornamentum
2082 2039 2407 2137 pueritiae
2461 2051 2669 2134 pater

519 2144 818 2217 dederat
835 2201 855 2237 ,
883 2148 1234 2221 indiciu'm
1261 2166 1480 2250 atque
1520 2154 1801 2250 insigne
1827 2148 2135 2222 fortunae
2154 2154 2213 2238 ⁴,
2238 2149 2383 2220 hoc
2404 2147 2497 2218 ab
2526 2149 2671 2218 isto

521 2256 866 2354 praedone
900 2276 1230 2358 ereptum
1266 2286 1419 2335 esse
1437 2316 1458 2350 ,
1486 2264 1797 2360 graviter
1823 2275 1898 2332 et
1922 2258 2182 2332 acerbe
2203 2258 2535 2330 homines
2566 2254 2671 2328 fe-

519 2367 803 2440 rebant.
857 2373 1116 2469 Neque
1169 2389 1376 2445 erant
1423 2374 1534 2444 hae
1587 2374 1915 2469 lacrymae
1961 2371 2347 2471 populares
2406 2369 2667 2466 magis,

519 2507 737 2580 quam
777 2502 1081 2574 nostrae‚
1117 2514 1338 2585 quam
1373 2503 1558 2576 tuae,
1592 2490 1679 2580 Q.
1703 2481 2079 2574 Hortensi,
2108 2509 2333 2583 quam
2359 2483 2626 2557 horum
2647 2541 2668 2571 ,

517 2597 648 2692 qui
679 2601 1115 2671 sententiam
1149 2601 1362 2671 laturi
1389 2615 1607 2672 sunt:
1642 2599 1845 2687 iden,
1890 2596 2094 2695 quod
2122 2597 2531 2668 communis
2557 2609 2670 2666 est

515 2729 765 2796 causa,
803 2733 1194 2782 commune
1229 2711 1671 2810 periculum3
1718 2709 2091 2781 communi
2128 2705 2463 2805 praesidio
2504 2703 2667 2777 talis

515 2816 971 2914 improbitaS‚
991 2835 1362 2919 tamquam
1383 2819 1679 2919 aliquod
1699 2816 2667 2916 incendium‚restinguenda

515 2940 646 2998 est.
664 2927 1030 3004 Habemus
1055 2935 1250 3010 enim
1277 2931 1548 3004 liberos
1566 2955 1867 3030 parvos:
1894 2935 2255 3002 incertum
2292 2943 2425 3016 est,
2442 2936 2667 3026 quam

519 3036 736 3136 longa
763 3057 1098 3114 nostrum
1129 3046 1486 3142 cujusque
1508 3045 1655 3114 vita
1678 3040 1923 3114 futura
1946 3041 2039 3112 sit
2069 3067 2085 3109 :
2116 3037 2497 3110 consulere
2522 3039 2669 3108 vivi

519 3173 604 3221 ac
621 3153 1040 3250 prospicere
1074 3153 1424 3226 debemus
1442 3209 1462 3240 ‚
1486 3168 1571 3225 ut
1590 3153 1881 3225 illorum
1905 3148 2227 3222 solitudo
2256 3163 2331 3220 et
2355 3149 2669 3246 pueritia

419 3349 436 3369 .
516 3285 738 3357 quam
775 3260 1190 3336 firmissimo
1227 3265 1565 3362 praesidio
1604 3265 1887 3335 munita
1920 3265 2033 3333 sit.
2067 3260 2250 3352 Quis
2288 3273 2397 3332 est
2432 3259 2665 3344 enim,

515 3374 645 3470 qui
693 3375 883 3445 tueri
919 3378 1148 3474 possit
1185 3374 1497 3447 liberum
1533 3390 1953 3448 nostrorum
1984 3373 2369 3471 pueritiam
2410 3383 2669 3440 contra

519 3484 1059 3583 improbitatem
1124 3487 1727 3584 magistratuum?
1772 3488 2027 3571 Mater,
2083 3479 2324 3554 credo.
2380 3479 2673 3551 Scilicet

523 3620 790 3694 magno
843 3596 1179 3696 praesidio
1230 3595 1366 3670 fuit
1423 3597 1677 3674 Anniae
1736 3595 2030 3695 pupillae
2088 3605 2343 3678 mater,
2398 3586 2673 3661 femina

597 3871 645 3918 3.
671 3869 958 3920 obsoletius.
979 3873 1148 3934 Quum
1165 3872 1218 3920 in
1245 3867 1473 3920 sordibus
1488 3885 1547 3917 ac
1709 3875 1739 3923 4
1750 3904 1762 3916 .
1786 3863 2123 3930 Ins.fhrtunae.
2142 3862 2243 3926 Qui
2260 3859 2391 3910 enim
2409 3875 2513 3908 nou
2532 3869 2675 3908 eraut

521 3949 710 3998 miseria
736 3949 800 3996 sit
825 3950 966 3999 Junii
991 3951 1327 4012 fflffisaolust
1343 3952 1548 3999 Verrem
1636 3946 1867 4012 ingenui,
1915 3944 2079 3993 lorum
2126 3953 2315 3992 tautum
2372 3957 2487 3988 cum
2536 3939 2676 3986 nodo

521 4044 746 4092 quoqne,
765 4045 963 4077 reorum
975 4030 1038 4081 de
1055 4049 1215 4092 more,
1241 4030 1547 4080 sordidatum
1637 4028 1743 4074 sine
1770 4025 1903 4074 bulla
1932 4023 2201 4090 gestabam.
2233 4019 2365 4068 Vide
2400 4035 2512 4085 sup.
2554 4033 2671 4083 up.

515 4109 570 4158 in
592 4107 786 4172 judicio
805 4107 984 4157 videre.
1640 4117 1705 4164 44
1723 4143 1737 4166 ,
1770 4109 1821 4154 in
1852 4118 1955 4155 not.

1742 4339 1777 4364 1..
