2984 4684
569 405 663 476 62
1215 409 1326 518 M.⁸
1364 409 1442 476 T.
1496 411 2065 479 CICERONIS

571 551 792 626 quam
817 527 1078 598 ceteri?
1099 529 1208 598 Ne
1230 531 1434 600 istius
1460 529 1763 627 quidem
1795 531 2027 602 laudis
2054 535 2155 602 ita
2181 557 2343 603 sum
2368 534 2704 633 cupidus,

571 655 655 709 ut
671 640 826 709 aliis
850 661 1006 708 earn
1033 661 1306 738 praerep
1316 653 1458 710 tam
1481 641 1719 712 velim.
1740 643 1917 731 Quae
1932 665 2049 711 me
2067 644 2289 738 igitur
2316 667 2427 712 res
2445 660 2707 741 praeter

571 763 848 820 ceteros
892 747 1217 845 impulit,
1249 764 1333 820 ut
1377 775 1665 822 causam
1712 755 1867 822 Sex.
1920 754 2160 822 Roscii
2207 751 2707 852 reciperemfi?

565 863 787 952 Quia,
829 863 888 930 si
917 862 1081 957 quis
1107 861 1410 931 istorum
1446 860 1776 949 dixisset,
1801 887 1989 960 quos
2014 862 2273 936 videtis
2304 861 2558 936 adesse
2578 920 2596 953 ,
2624 868 2701 936 in

566 969 838 1066 quibus
865 993 1146 1056 summa
1175 973 1565 1044 auctoritas
1596 986 1705 1043 est
1734 985 1953 1069 atque
1984 971 2428 1070 amplitud03
2460 976 2519 1044 si
2550 999 2709 1044 ver-

567 1081 748 1152 bum
777 1081 872 1153 ,de
902 1080 1274 1180 republica
1299 1079 1618 1169 fecisset,
1650 1079 1727 1152 id
1752 1079 1999 1178 quod⁷
2038 1084 2116 1150 in
2139 1080 2277 1151 hac
2304 1105 2518 1151 causa
2547 1078 2701 1152 fieri

570 1217 859 1263 necesse
893 1207 1001 1263 est
1021 1248 1040 1280 ,
1084 1192 1315 1262 multo
1349 1190 1560 1288 plura
1590 1189 1854 1261 dixisse
1874 1243 1895 1279 ,
1940 1213 2163 1288 quam
2198 1189 2535 1278 dixisset,
2572 1215 2707 1288 pu-

567 1316 860 1373 taretur.
897 1307 1048 1398 Ego
1081 1303 1360 1372 etiamsi
1395 1303 1673 1389 omnia,
1700 1325 1863 1400 quae
1900 1299 2209 1371 dicenda
2242 1313 2452 1387 sunt,
2478 1299 2703 1371 libere

566 1410 851 1500 dixero,
895 1435 1359 1510 nequaquam
1389 1427 1631 1483 tamen
1664 1411 1993 1482 similiter
2024 1414 2255 1482 oratio
2283 1435 2445 1482 mea
2476 1413 2705 1496 exire,

561 1537 782 1620 atque
814 1526 890 1592 in
921 1523 1179 1620 vulgus
1210 1547 1546 1595 emanare
1578 1524 1868 1620 poterit.
1917 1519 2239 1609 Deinde,
2270 1519 2475 1619 quod
2520 1535 2706 1591 cete·

564 1658 816 1704 rorum
856 1656 1096 1728 neque
1139 1631 1414 1704 dictum
1448 1631 1847 1703 obscurum
1882 1646 2124 1730 potest
2168 1657 2359 1714 esse,
2407 1645 2705 1730 propter

566 1743 1018 1814 nobilitatem
1046 1759 1119 1814 et
1134 1744 1727 1842 amplitudinem3
1753 1768 1994 1841 neque
2020 1758 2287 1814 temere
2312 1741 2511 1814 dicto
2537 1767 2707 1812 con-

567 1849 795 1942 cediss,
823 1869 1122 1952 propter
1147 1869 1424 1926 aetatem
1459 1870 1535 1926 et
1557 1852 2023 1953 prudentiam
2054 1881 2069 1922 ε
2104 1878 2239 1952 ego
2258 1907 2279 1942 ,
2310 1858 2369 1924 si
2406 1852 2589 1951 quid
2616 1853 2701 1922 li-

563 1963 811 2035 berius
836 1963 1112 2052 dixem,
1145 1965 1258 2038 vel
1277 1966 1649 2038 occultum
1679 1990 1859 2052 esse,
1880 1979 2269 2064 propterea
2292 1963 2497 2062 quod
2524 1989 2706 2034 non-

564 2073 742 2145 dum
763 2073 854 2145 ad
880 2073 1402 2171 rempublicam
1425 2078 1729 2162 accessi,
1755 2075 1870 2145 vel
1900 2077 2173 2171 ignosci
2206 2073 2703 2146 adolescentiae

565 2207 743 2254 meoe
770 2186 1040 2281 poterit
1070 2209 1085 2251 :
1120 2187 1400 2256 tametsi
1431 2209 1583 2253 non
1618 2182 1841 2255 modo
1869 2183 2299 2280 ignoscendi
2330 2187 2553 2272 ratiO,
2587 2209 2705 2254 ve-

566 2319 731 2365 rum
773 2296 988 2362 etiam
1035 2293 1575 2389 cognoscendis·
1610 2292 2067 2364 consuetudo
2102 2295 2251 2389 jam
2290 2292 2380 2363 de
2420 2297 2703 2364 civitate

565 2404 848 2495 sublata
879 2417 1008 2474 est.
1045 2403 1340 2474 Accedit
1377 2404 1497 2474 illa
1538 2427 1842 2500 quoque
1868 2425 2113 2515 causa,
2146 2402 2349 2499 quod
2382 2427 2425 2473 a
2452 2408 2705 2474 ceteris

563 2511 861 2584 forsitan
881 2515 981 2582 ita
1002 2515 1316 2610 petitum
1341 2515 1434 2583 sit
1460 2527 1545 2582 ut
1562 2511 1911 2599 dicerent,
1938 2527 2023 2582 ut
2048 2515 2487 2584 utrumvis¹⁰
2512 2513 2701 2584 salvo

561 2619 809 2692 officio
856 2645 932 2692 se
983 2621 1216 2692 facere
1267 2646 1479 2720 posse
1529 2621 2090 2709 arbitrarentur3
2128 2645 2171 2693 a
2215 2649 2331 2694 me
2376 2639 2619 2694 autem
2654 2627 2703 2696 ii

561 2732 1138 2821 contenderunt,
1171 2737 1299 2830 qui
1333 2732 1531 2832 apud
1564 2759 1682 2804 me
1708 2747 1783 2802 et
1808 2734 2155 2820 amicitia,
2190 2747 2267 2804 et
2295 2732 2702 2822 beneficiiS,

563 2858 637 2913 et
679 2842 1028 2939 dignitate
1079 2843 1480 2941 plurimum
1532 2855 1879 2941 possunt:
1916 2867 2233 2939 quorum
2276 2867 2413 2939 ego
2465 2867 2700 2941 neque

559 2953 1128 3023 benivolentiam
1183 2979 1352 3050 erga
1409 2979 1527 3024 me
1584 2955 1918 3050 ignorare
1940 3007 1959 3039 ,
2018 2976 2154 3023 nec
2198 2957 2698 3026 auctoritatem

559 3066 965 3162 aspernari,
1003 3087 1138 3134 nec
1171 3065 1617 3134 voluntatem
1654 3062 2015 3158 negligere
2054 3059 2382 3134 debeam.

661 3178 751 3246 ΙΙ.
800 3177 926 3244 His
975 3173 1067 3245 de
1111 3177 1344 3245 causis
1391 3198 1526 3270 ego
1573 3172 1745 3242 huic
1784 3195 2013 3242 causae
2044 3185 2397 3270 patronus
2428 3175 2701 3256 exstiti,

631 3364 680 3413 ὃ.
712 3362 1004 3428 Reciperem.
1029 3363 1277 3428 Suscipere
1302 3375 1352 3412 et
1379 3363 1588 3428 recipere
1676 3373 1780 3422 tur,
1824 3379 1914 3411 nec
1948 3362 2039 3410 iste
2070 3365 2291 3411 accusari
2315 3364 2421 3412 sine
2449 3365 2601 3414 Sullae
2628 3365 2698 3413 of·

560 3443 830 3494 differunt:
859 3443 1146 3508 suscipimus
1183 3453 1383 3506 spontin
1419 3441 1586 3508 recipe-
1674 3442 1915 3494 sensione-

561 3541 666 3572 mus
692 3523 864 3588 rogati.
885 3522 1108 3572 Adnotat
1125 3521 1353 3586 Lakoi-pe
1383 3521 1588 3572 Cicero·-

561 3619 674 3650 nem
699 3618 887 3666 semper
909 3601 1148 3662 subjicere
1173 3601 1354 3664 quibus
1387 3601 1589 3650 rationi-

561 3681 654 3727 bus
671 3679 734 3726 ed
759 3696 948 3728 eausam
961 3681 1243 3742 accesserim
1263 3696 1438 3745 nempe
1449 3679 1587 3744 quod

556 3759 814 3826 publicum
865 3777 1043 3808 munus
1087 3773 1187 3808 erat
1233 3771 1282 3808 et
1337 3759 1587 3824 quoddam

558 3839 864 3903 magistratus
885 3857 1064 3904 genus,
1096 3841 1452 3906 patrocinum,
1475 3855 1587 3902 quae

559 3918 830 3968 secundnm
883 3919 1132 3983 publicam
1181 3919 1589 3972 existimationem

557 4010 662 4048 erat
688 3996 928 4046 habenda.

632 4097 680 4138 7.
717 4077 783 4124 Id
805 4076 954 4141 qnod.
981 4077 1192 4126 nefandi
1217 4079 1348 4124 enim
1377 4077 1590 4126 Roscius

557 4173 658 4206 non
685 4167 876 4220 potest,
903 4157 997 4204 nisi
1020 4157 1372 4221 Chrysogonus
1394 4174 1589 4206 accuse-

1746 3523 1794 3570 8.
1812 3521 2039 3572 Οοησεᾶἰ.
2062 3521 2114 3570 Si
2132 3521 2254 3586 quid
2274 3533 2453 3577 temere
2474 3523 2700 3579 dixerint,

1674 3601 1863 3666 ignosci
1892 3616 1995 3649 nou
2018 3612 2202 3666 potest.

1746 3695 1795 3744 9.
1820 3679 2164 3744 cognoscendi.
2180 3680 2297 3730 Non
2306 3681 2581 3732 inauditum
2592 3695 2701 3730 con-

1674 3759 1958 3810 demmndi.

1752 3856 1831 3890 so.
1868 3839 2127 3894 Uerumvis.
2158 3843 2228 3892 Ut
2268 3837 2503 3888 Roscium
2542 3837 2699 3886 desen·

1678 3920 1874 3978 dorent,
1902 3919 1971 3968 ita
1996 3921 2155 3984 rogati
2179 3930 2297 3968 sunt
2310 3954 2327 3980 ,
2362 3929 2421 3967 ut
2454 3929 2611 3966 tamen
2646 3915 2700 3964 iis

1675 3997 1885 4047 liberum
1916 4011 2043 4048 esset
2064 4011 2150 4048 aut
2183 3999 2350 4063 loqui,
2390 4010 2475 4048 eut
2511 4010 2692 4052 ηοω-ος

1678 4078 1815 4141 quod
1832 4078 1894 4126 ab
1918 4077 2013 4126 illis
2034 4079 2195 4143 rogati
2216 4089 2331 4128 sunt
2358 4077 2540 4142 quibus
2572 4085 2699 4126 erant

1676 4158 1837 4206 mium
1864 4156 2082 4219 obligati.
