2984 4684
18 4208 32 4241 Ψ
18 4100 35 4133 c,-
18 3990 35 4033 ’Ἦ
18 3885 37 3927 ‘Q
20 3832 23 3845 ⁷
18 3798 37 3827 *C
18 3777 36 3794 Ἷι

632 389 771 456 DE
818 388 1327 456 PRAETORE
1377 388 2139 460 PROVINCIALI.
2323 386 2460 460 525

312 509 627 577 reddendi
661 506 843 597 quod
878 508 1129 598 legibus
1158 509 1644 590 contineretur,
1675 507 1762 572 de
1783 510 2044 597 privatis
2078 526 2460 575 controver-

315 618 455 699 siis,
490 632 556 681 et
586 615 969 680 criminibus
996 615 1273 702 publicis
1294 664 1312 697 ,
1361 631 1475 678 aut
1506 615 2010 710 provincialibus
2045 616 2423 682 hominibus
2444 666 2462 699 ,

313 739 428 788 aut
478 722 729 786 civibus
794 721 1077 785 romanis
1158 722 1227 784 in
1283 721 1618 809 provincia
1671 721 2082 785 versantibus
2102 770 2121 804 ‚
2199 723 2458 811 quoties

314 829 648 892 exsisteret
680 827 795 915 qui
827 825 991 890 illud
1027 841 1342 914 posceret.
1389 825 1659 889 Privatae
1691 829 2142 891 controversiae
2158 875 2178 909 ,
2207 829 2276 890 in
2315 829 2464 916 qui-

314 935 439 998 bus
464 931 879 1022 potissimum
912 931 1223 996 collocata
1254 928 1622 1009 jurisdictio
1650 930 1814 1012 fuit,
1852 947 1968 995 aut
1999 931 2081 995 ad
2115 955 2423 1020 personas
2445 983 2464 1015 ,

312 1056 428 1104 aut
478 1037 563 1103 ad
613 1060 750 1118 res,
808 1053 873 1118 et
918 1059 1142 1100 earum
1192 1036 1700 1125 acquisitiones3
1749 1052 1865 1101 aut
1909 1035 1994 1102 ad
2037 1038 2462 1128 obligationes

310 1144 745 1234 pertinebant.

400 1255 634 1342 Leges,
671 1251 911 1338 quibus
930 1252 1037 1330 jus
1064 1248 1475 1315 reddendum
1511 1250 1994 1334 continebatur,
2023 1253 2319 1334 fuerunt,
2348 1269 2462 1316 aut

312 1381 473 1446 quas
509 1357 883 1446 imperator,
916 1378 1124 1444 quum
1159 1356 1333 1420 bello
1360 1356 1742 1444 acquisitam
1782 1357 2184 1446 provinciam
2215 1362 2462 1424 consti·

312 1479 558 1545 tueret,
610 1485 691 1528 ex
721 1461 951 1527 decem
982 1462 1347 1550 legatorum
1384 1462 1706 1526 sententia
1745 1460 2049 1546 dederat,
2098 1481 2174 1528 ut
2205 1467 2462 1554 Rupilia

311 1570 415 1634 lex
444 1569 533 1634 de
561 1568 823 1649 judiciis
856 1567 1033 1655 apud
1054 1567 1336 1649 Siculos,
1369 1569 1439 1632 in
1458 1569 1645 1632 Verr.
1679 1567 1790 1632 lib.
1821 1570 1919 1652 11,
1945 1593 2002 1634 c.
2038 1593 2140 1655 12,
2165 1588 2281 1637 aut
2301 1596 2462 1662 quas

311 1692 539 1764 postea
574 1698 611 1740 e
644 1697 717 1738 re
760 1690 905 1738 nata
943 1674 1243 1740 consules
1278 1691 1393 1738 aut
1436 1673 1688 1737 tribuni
1719 1673 1924 1762 plebis
1961 1675 2280 1759 tulerant,
2319 1679 2464 1766 qui-

314 1781 436 1846 bus
472 1783 669 1846 etiam
704 1777 1045 1846 attexenda
1092 1782 1656 1844 senatusconsulta
1691 1798 1884 1864 sunt,
1920 1799 1999 1847 ut
2029 1783 2133 1847 lex
2159 1784 2460 1850 Terentia

315 1888 531 1952 Cassia
584 1887 667 1952 de
704 1885 986 1952 emendo
1034 1887 1101 1950 in
1148 1885 1361 1950 Sicilia
1406 1889 1778 1963 frumento,
1836 1887 1906 1952 in
1934 1888 2116 1955 Verr.
2160 1890 2274 1956 lib.
2314 1893 2414 1957 III
2437 1945 2456 1977 ,

313 2017 371 2058 c.
401 1995 523 2081 69,
556 2012 624 2058 et
658 1994 1301 2058 senatusconsultum
1334 1991 1534 2075 illud,
1571 2009 1677 2076 ut,
1713 1995 1830 2082 qui
1869 1996 2160 2060 Ciliciam
2196 1997 2461 2064 obtine-

313 2117 446 2184 ret,
492 2103 600 2182 jus
634 2099 714 2164 de
756 2100 1125 2164 centesimis
1159 2101 1375 2164 usuris
1403 2121 1483 2163 ex
1513 2101 1882 2190 syngrapha
1916 2101 2180 2169 diceret.
2223 2104 2458 2188 Lib.V‚

313 2206 395 2272 ad
425 2210 556 2272 Att.
586 2208 773 2296 epist.
802 2204 919 2271 ult.

400 2315 701 2378 Personoe
722 2363 741 2396 ,
794 2313 1035 2400 quibus
1058 2311 1165 2391 jus
1192 2310 1607 2394 reddebatur,
1649 2314 1954 2401 fuerunt,
2000 2333 2076 2380 ut
2108 2316 2270 2400 dixi,
2317 2339 2465 2408 pro-

311 2419 613 2483 vinciales
646 2418 945 2482 homines
1006 2415 1127 2502 [ex
1163 2439 1449 2503 quorum
1494 2441 1772 2482 numero
1810 2420 2003 2483 eximi
2051 2421 2287 2502 liberos
2335 2448 2460 2512 po·

310 2526 503 2614 pulos
535 2537 827 2611 oportet,
856 2521 1099 2609 quibus
1116 2519 1223 2599 jus
1247 2520 1376 2584 dici
1410 2543 1548 2584 non
1569 2521 1774 2585 licuit.
1799 2524 1934 2586 Cic.
1957 2522 2038 2588 de
2058 2525 2248 2590 Prov.
2275 2550 2458 2594 cons.

311 2655 367 2694 c.
411 2631 485 2720 2]
514 2655 532 2713 3
579 2645 648 2693 et
680 2629 849 2692 cives
882 2627 1135 2690 romani
1175 2647 1342 2713 quos
1378 2625 1447 2688 in
1480 2625 1832 2712 provinciis
1864 2645 2149 2694 versatos
2183 2630 2313 2696 dixi
2342 2656 2357 2697 :
2415 2636 2458 2698 ii

310 2737 449 2800 fere
484 2752 599 2800 aut
630 2750 912 2798 aratores
934 2781 954 2813 ,
994 2746 1108 2794 aut
1140 2730 1509 2819 publicani,
1547 2747 1661 2794 aut
1693 2733 2127 2820 negotiatores
2156 2738 2461 2824 fuerunt,

314 2843 554 2930 quibus
592 2864 727 2905 non
764 2839 983 2902 minus
1004 2884 1023 2919 ,
1058 2858 1257 2923 quam
1294 2835 1485 2900 sociis
1523 2836 1712 2924 ipsis,
1763 2838 1870 2932 jus
1913 2837 2183 2906 dictum.
2225 2845 2356 2910 Cic.
2391 2847 2458 2910 in

314 2949 495 3014 Verr.
519 2949 633 3014 lib.
659 2949 789 3028 ΙΙΙ,
838 2969 895 3010 c.
929 2948 1028 3024 14.

399 3056 625 3139 Quum
653 3050 1014 3134 jurisdictio
1040 3047 1357 3114 reddendi
1383 3049 1547 3130 juris
1575 3066 1856 3139 potestas
1882 3052 2082 3119 fuerit
2108 3056 2290 3142 quod
2315 3059 2464 3148 legi·

312 3165 437 3227 bus
472 3162 937 3240 contineretur,
974 3158 1229 3246 legibus
1265 3173 1485 3222 autem
1534 3159 1754 3222 omnia
1807 3161 2276 3250 comprehendi
2322 3189 2457 3230 non
2557 3179 2560 3182 ’

312 3269 709 3358 potuissent,
738 3266 984 3331 sactum
1014 3281 1146 3346 est,
1187 3280 1266 3328 ut
1290 3265 1493 3327 multa
1529 3263 1756 3329 edictis
1793 3266 1948 3354 ipsis
1980 3271 2296 3356 praetoriis
2329 3273 2462 3340 sint

313 3376 640 3462 permissa.
695 3373 925 3459 Itaque
959 3370 1056 3434 uti
1110 3385 1417 3457 proetores
1466 3370 1702 3434 urbani
1751 3373 1974 3435 Romae
2017 3377 2458 3463 magistratum

312 3482 613 3545 ineuntes
655 3477 865 3542 edicta
906 3492 1429 3565 proposuerunt,
1482 3500 1562 3540 ex
1604 3479 1848 3565 q'uibus
1895 3477 2001 3558 jus
2053 3503 2123 3544 se
2174 3481 2462 3551 dicturos

315 3609 455 3653 esse
485 3584 760 3675 professi
789 3597 977 3663 sunt3
1008 3583 1099 3648 sic
1121 3581 1422 3670 praesides
1451 3585 1520 3646 in
1541 3585 1904 3672 provincias
1936 3587 2206 3675 ingressi
2243 3606 2308 3653 et
2337 3592 2463 3681 ipsi

312 3718 431 3760 sua
461 3693 667 3758 edicta
696 3689 965 3780 singulis
992 3687 1075 3752 de
1108 3689 1307 3753 rebus
1334 3688 1677 3779 diligenter
1704 3692 1940 3780 scripta
1965 3693 2346 3780 ediderunt3
2375 3700 2458 3763 ad

314 3821 520 3888 eaque
562 3813 787 3886 postea
832 3810 1037 3861 totam
1067 3791 1588 3874 jurisdictionem
1640 3817 1825 3859 suam
1862 3799 2459 3871 accommodarunt.

314 3909 528 3995 Atque
554 3905 693 3968 haec
724 3901 988 3991 quidem
1036 3901 1086 3964 si
1130 3923 1207 3964 ex
1248 3900 1516 3964 urbanis
1551 3917 1665 3964 aut
1696 3902 2198 3989 provincialibus
2235 3908 2460 3976 edictis

316 4011 773 4101 sumpsissent,
811 4005 1224 4087 translatitia3
1257 4010 1357 4068 sin
1387 4005 1605 4069 minus
1627 4053 1645 4087 ,
1679 4029 1844 4070 nova
1878 4006 2280 4077 dicebantur.
2316 4015 2460 4080 Hoc

319 4119 626 4183 nimirum
658 4116 885 4182 Cicero
919 4127 1195 4178 testatur
1220 4111 1299 4176 ad
1327 4113 1586 4195 Att.V1‚
1621 4136 1720 4202 ep.
1747 4137 1812 4199 13
1843 4113 1925 4180 ad
1951 4115 2092 4184 Div.
2116 4119 2240 4198 111,
2268 4143 2368 4209 ep.
2395 4123 2456 4187 8.
