2984 4684
426 368 570 442 386
1208 368 1774 439 EXCURSUS

424 496 497 570 4⁰
524 491 707 580 quod
742 507 821 556 ex
846 492 993 573 jure
1028 491 1325 582 gentium
1344 537 1365 574 ,
1401 491 1532 555 hoc
1577 503 1706 572 est,
1757 487 2094 552 communi
2129 487 2428 551 omnium
2450 486 2568 550 ho-

426 597 713 680 minum,
746 598 805 662 ei
836 617 1059 662 causas
1088 596 1381 678 judicare
1406 597 1659 679 liceret,
1677 611 1938 684 ‘praetor
1963 615 2118 659 vero
2149 594 2440 659 urbanus
2458 595 2568 674 jus

426 703 649 786 civile,
689 702 759 768 id
782 719 911 786 est,
948 703 1291 792 proprium
1332 701 1582 768 civibus
1607 699 1931 784 romanis,
1965 722 2223 790 semper
2245 697 2568 789 applicare

426 808 729 874 deberet:
768 807 1150 897 ceteroquin
1205 831 1323 898 par
1366 822 1504 872 erat
1535 807 1882 895 utriusque
1921 821 2243 896 potesta-13
2285 804 2450 870 adeo
2493 820 2570 869 ut

422 933 663 1004 praetor
690 915 1071 1006 peregrinus
1100 914 1498 998 rescindere,
1537 924 1604 979 et
1632 915 1894 980 abolere
1929 911 2280 1002 aliquando
2317 924 2568 1000 posset,

425 1022 607 1110 quod
639 1021 931 1088 urbanus
970 1023 1416 1088 constituerat.
1464 1021 1774 1110 Exempla
1805 1035 2200 1113 suggerunt,
2233 1020 2364 1085 Cic.
2389 1019 2502 1085 lib.
2533 1021 2566 1082 1

424 1129 491 1192 in
524 1127 705 1193 Verr.
734 1150 873 1216 cap.
902 1127 1010 1206 46.
1040 1129 1271 1212 Caesar,
1309 1126 1393 1193 de
1424 1127 1604 1193 Bello
1640 1126 1776 1192 Civ.
1805 1126 1920 1193 lib.
1947 1127 2044 1191 111
2064 1174 2084 1209 ,
2137 1117 2278 1214 αρ’.
2300 1147 2405 1192 20.

512 1235 848 1300 Remansit
874 1233 1163 1300 duorum
1190 1241 1548 1324 proetorum
1579 1251 1896 1299 numerus
1933 1228 2250 1322 quamdiu
2283 1233 2348 1296 in
2389 1231 2573 1296 Italia

426 1340 772 1428 imperium
806 1340 1035 1429 populi
1068 1341 1325 1404 romani
1358 1361 1427 1404 se
1458 1339 1808 1404 continuit.
1837 1335 2086 1403 Verum
2131 1337 2342 1403 Sicilia
2377 1351 2576 1425 atque

426 1445 721 1512 Sardinia
749 1445 819 1508 in
853 1445 1339 1533 provinciarum
1374 1446 1658 1510 formam
1691 1443 1967 1509 redactis
2001 1465 2178 1509 anno
2215 1441 2372 1526 526,
2408 1465 2576 1532 prae·

429 1569 653 1617 torum
688 1571 1007 1615 numerus
1039 1551 1384 1638 ampliatus
1410 1567 1542 1633 est,
1564 1563 1640 1614 ut
1671 1562 1886 1616 essent
1913 1567 2215 1638 quatuor.
2239 1547 2372 1615 Liv.
2401 1549 2576 1638 Epit.

434 1682 539 1726 ao·
584 1661 858 1738 Causam
893 1676 1013 1720 cur
1044 1653 1491 1746 duplicaretur
1516 1657 1688 1721 hanc
1721 1657 1984 1738 subjicit
2017 1657 2425 1746 Pomponius
2443 1704 2462 1739 ,
2494 1655 2579 1721 de

438 1761 825 1854 Orig.juris',
862 1779 940 1826 ut
972 1753 1211 1852 nenipe
1244 1774 1463 1827 essent
1492 1763 1608 1852 qui
1638 1763 1709 1826 in
1741 1779 1957 1852 captas
1986 1783 2200 1854 nuper
2219 1763 2580 1829 Sardiniam

438 1887 503 1936 et
524 1870 803 1936 Siciliam
834 1867 1079 1933 insulas
1104 1881 1388 1940 rectores
1408 1868 1761 1957 quotannis
1781 1869 2216 1934 mitterentur.
2237 1873 2584 1936 Crescente

436 1975 923 2065 provintiarum
956 1992 1268 2056 numero,
1300 1989 1369 2039 et
1401 1976 1594 2039 latius
1631 1990 2002 2064 patescente
2037 1975 2318 2065 imperio
2339 2025 2358 2058 ,
2389 1974 2586 2040 creati

440 2097 599 2146 sunt
632 2101 745 2146 sex
773 2091 1082 2169 praetores
1112 2101 1289 2144 anno
1330 2079 1457 2145 556
1484 2080 1646 2168 (Liv.
1671 2077 1966 2166 XXXII,
1993 2103 2130 2171 cap.
2153 2081 2300 2172 27):
2335 2096 2411 2146 ut
2436 2081 2590 2146 sub-

442 2204 585 2252 acta
614 2186 923 2275 Hispania
939 2232 959 2267 ,
996 2202 1066 2250 et
1096 2189 1164 2248 in
1202 2183 1363 2250 duas
1395 2171 1760 2276 provincias
1795 2189 2174 2272 distributa,
2221 2188 2587 2254 citeriorem

406 2381 419 2388 ·
445 2293 757 2360 nimirum
790 2307 858 2356 et
882 2292 1260 2366 ulteriorem
1278 2339 1297 2374 ,
1334 2291 1505 2358 duos
1538 2293 1731 2358 etiam
1765 2309 2072 2386 praetores
2103 2295 2395 2360 haberet.

533 2401 604 2464 L.
622 2395 797 2464 Sulla
819 2396 1097 2463 dictator
1119 2399 1329 2463 factus
1355 2387 1538 2464 anno
1551 2387 1704 2488 6‘72,
1724 2398 1988 2466 duobus
2012 2400 2295 2487 adjectis,
2311 2400 2596 2466 instituit

450 2521 527 2598 ut
559 2521 711 2569 octo
749 2515 1059 2591 praetores
1096 2503 1447 2591 quotannis
1480 2522 1875 2570 crearentur.
1891 2506 2118 2572 Victor
2141 2507 2363 2596 praelio
2389 2507 2594 2572 Phar-

452 2613 646 2678 salico
690 2612 904 2676 Caesar
948 2609 1171 2675 decem
1226 2611 1428 2676 creari
1475 2612 1716 2694 voluit3
1745 2697 1750 2702 ἱ
1779 2609 2018 2678 deinde
2063 2611 2592 2702 quatuordecim3

452 2733 675 2806 postea
705 2709 1049 2782 sexdecim.
1074 2715 1323 2781 Caesare
1356 2717 1574 2781 occiso
1605 2717 1689 2781 ad
1719 2733 2006 2783 Veterem
2031 2719 2438 2785 octonarium
2473 2743 2599 2784 nu-

456 2845 711 2888 merum
746 2839 1053 2911 praetores
1088 2821 1357 2887 rediere.
1394 2817 1581 2912 Pigh.
1614 2823 1774 2888 ibid.

546 2929 776 3011 Initio,
810 2929 1189 3018 praetorium
1218 2952 1462 2994 munus
1487 2953 1714 2994 annuo
1753 2933 1963 3020 spatio
1998 2931 2480 2999 continebatur.
2515 2935 2602 2998 At

457 3035 627 3101 circa
656 3056 904 3100 annum
944 3034 1139 3100 Urbis
1184 3035 1345 3123 609,
1400 3037 1469 3100 in
1524 3059 1772 3102 annum
1827 3055 2208 3127 sequentem
2262 3039 2624 3132 prorogari-

460 3140 692 3230 coepit,
728 3139 985 3206 duabus
1018 3138 1100 3204 de
1130 3141 1375 3223 causis,
1420 3139 1488 3205 1⁰
1515 3141 1758 3225 Africa,
1799 3143 2075 3227 Achaia,
2117 3159 2182 3209 et
2203 3144 2352 3210 Asia
2388 3167 2603 3234 nuper

464 3247 777 3328 subactis,
810 3247 1155 3337 provinciae
1190 3248 1409 3337 plures
1454 3268 1653 3338 quam
1702 3264 1889 3316 antea
1906 3301 1924 3334 ,
1962 3253 2234 3316 fuerunt
2264 3252 2600 3343 regendae3

466 3362 537 3418 2⁰
564 3352 950 3418 criminibus
992 3375 1073 3418 ex
1104 3353 1343 3420 divitiis
1383 3370 1449 3420 et
1490 3357 1629 3421 otio
1677 3358 1851 3422 inter
1887 3359 2056 3423 cives
2093 3381 2290 3446 quam
2325 3361 2602 3424 maxime

462 3461 528 3523 in
564 3458 701 3524 dies
742 3459 1316 3546 invalescentibus,
1363 3461 1624 3550 publica
1671 3461 1753 3528 de
1798 3461 1874 3527 iis
1897 3513 1914 3542 ,
1973 3477 2041 3529 et
2076 3461 2330 3530 assidua
2359 3465 2598 3550 judicia

460 3565 837 3647 instituere,
882 3579 949 3630 et
978 3565 1323 3631 tribunalia
1350 3567 1417 3632 in
1452 3569 1634 3635 Urbe
1668 3571 1856 3659 plura
1887 3571 2132 3660 erigere
2165 3574 2600 3639 necessarium

464 3673 605 3736 fuit.
643 3672 1061 3760 Quapropter
1094 3674 1468 3739 institutum
1503 3693 1603 3741 est
1636 3694 1709 3742 ut
1747 3699 1860 3742 sex
1892 3692 2202 3767 praetores
2237 3701 2465 3744 omnes
2497 3679 2602 3744 in-

462 3795 647 3866 tegro
690 3779 793 3842 sui
838 3780 1248 3870 magistratus
1286 3803 1462 3847 anno
1497 3783 1804 3873 deinceps
1838 3785 1905 3848 in
1935 3785 2110 3851 Urbe
2139 3785 2306 3868 juris
2342 3785 2602 3853 dicendi

464 3905 657 3948 causa
686 3899 1065 3952 manerent:
1095 3909 1133 3951 e
1170 3888 1411 3976 quibus
1446 3886 1581 3954 duo
1613 3889 1930 3956 urbanam
1966 3909 2033 3956 et
2063 3893 2474 3982 peregrinam
2499 3893 2607 3975 ju-

462 3983 905 4056 risdictionem
928 3991 1011 4058 de
1032 4017 1215 4059 more
1240 3995 1519 4082 obirent,
1536 4013 1601 4061 et
1623 4021 1844 4064 causas
1865 3999 2080 4065 civiles
2099 4019 2602 4091 cognoscerent3

464 4097 693 4186 reliqui
748 4115 1031 4184 quatuor
1074 4100 1368 4189 publicas
1414 4103 1760 4169 criminum
1811 4103 2180 4194 capitalium
2214 4105 2604 4194 quaestiones
