<?xml version="1.0" encoding="UTF-8"?>
<!DOCTYPE html PUBLIC "-//W3C//DTD XHTML 1.0 Transitional//EN"
    "http://www.w3.org/TR/xhtml1/DTD/xhtml1-transitional.dtd">
<html xmlns="http://www.w3.org/1999/xhtml" xml:lang="en" lang="en">
 <head>
  <title>
</title>
<meta http-equiv="Content-Type" content="text/html;charset=utf-8" />
  <meta name='ocr-system' content='tesseract 3.04.00' />
  <meta name='ocr-capabilities' content='ocr_page ocr_carea ocr_par ocr_line ocrx_word'/>
</head>
<body>
  <div class='ocr_page' id='page_1' title='image "./mtciceronisquae03lemagoog_0427.png"; bbox 0 0 2984 4684; ppageno 0'>
   <div class='ocr_carea' id='block_1_1' title="bbox 870 391 2544 524">
    <p class='ocr_par' dir='ltr' id='par_1_1' title="bbox 870 391 2544 524">
     <span class='ocr_line' id='line_1_1' title="bbox 870 391 2544 524; baseline 0.005 -35"><span class='ocrx_word' id='word_1_1' title='bbox 870 391 1007 489; x_wconf 69' lang='lat' dir='ltr'><strong>im</strong></span> <span class='ocrx_word' id='word_1_2' title='bbox 1051 419 1570 489; x_wconf 81' lang='lat' dir='ltr'><strong>PRAETORE</strong></span> <span class='ocrx_word' id='word_1_3' title='bbox 1620 421 2079 493; x_wconf 84' lang='lat' dir='ltr'><strong>URBANO.</strong></span> <span class='ocrx_word' id='word_1_4' title='bbox 2407 423 2544 524; x_wconf 82' lang='lat'><strong>387</strong></span> 
     </span>
    </p>
   </div>
   <div class='ocr_carea' id='block_1_2' title="bbox 409 540 2556 1488">
    <p class='ocr_par' dir='ltr' id='par_1_2' title="bbox 409 540 2556 1162">
     <span class='ocr_line' id='line_1_2' title="bbox 414 540 2556 634; baseline 0.004 -25"><span class='ocrx_word' id='word_1_5' title='bbox 414 568 531 610; x_wconf 84' lang='lat' dir='ltr'><strong>seu</strong></span> <span class='ocrx_word' id='word_1_6' title='bbox 566 564 791 608; x_wconf 85' lang='lat' dir='ltr'><strong>causas</strong></span> <span class='ocrx_word' id='word_1_7' title='bbox 823 542 1222 626; x_wconf 69' lang='lat' dir='ltr'><strong>criminales„</strong></span> <span class='ocrx_word' id='word_1_8' title='bbox 1256 540 1339 607; x_wconf 89' lang='lat' dir='ltr'><strong>de</strong></span> <span class='ocrx_word' id='word_1_9' title='bbox 1371 543 1778 632; x_wconf 71' lang='lat' dir='ltr'><strong>repetundis„</strong></span> <span class='ocrx_word' id='word_1_10' title='bbox 1813 544 1896 609; x_wconf 89' lang='lat' dir='ltr'><strong>de</strong></span> <span class='ocrx_word' id='word_1_11' title='bbox 1922 545 2170 610; x_wconf 88' lang='lat' dir='ltr'><strong>ambitu</strong></span> <span class='ocrx_word' id='word_1_12' title='bbox 2193 594 2212 630; x_wconf 87' lang='lat'>,</span> <span class='ocrx_word' id='word_1_13' title='bbox 2247 545 2332 612; x_wconf 89' lang='lat' dir='ltr'><strong>de</strong></span> <span class='ocrx_word' id='word_1_14' title='bbox 2359 551 2556 634; x_wconf 86' lang='lat' dir='ltr'><strong>maje-</strong></span> 
     </span>
     <span class='ocr_line' id='line_1_3' title="bbox 410 637 2548 746; baseline 0.002 -31"><span class='ocrx_word' id='word_1_15' title='bbox 410 637 607 730; x_wconf 77' lang='lat' dir='ltr'><strong>state,</strong></span> <span class='ocrx_word' id='word_1_16' title='bbox 640 648 723 713; x_wconf 89' lang='lat' dir='ltr'><strong>de</strong></span> <span class='ocrx_word' id='word_1_17' title='bbox 761 647 1096 737; x_wconf 81' lang='lat' dir='ltr'>peculatu,</span> <span class='ocrx_word' id='word_1_18' title='bbox 1124 648 1229 713; x_wconf 78' lang='lat' dir='ltr'><strong>vel</strong></span> <span class='ocrx_word' id='word_1_19' title='bbox 1261 648 1491 736; x_wconf 81' lang='lat' dir='ltr'><strong>quovis</strong></span> <span class='ocrx_word' id='word_1_20' title='bbox 1532 649 1658 712; x_wconf 82' lang='lat' dir='ltr'><strong>alio</strong></span> <span class='ocrx_word' id='word_1_21' title='bbox 1699 649 1974 713; x_wconf 83' lang='lat' dir='ltr'><strong>crimine</strong></span> <span class='ocrx_word' id='word_1_22' title='bbox 2018 665 2390 718; x_wconf 78' lang='lat' dir='ltr'><strong>exercerent</strong></span> <span class='ocrx_word' id='word_1_23' title='bbox 2413 655 2548 746; x_wconf 73' lang='lat'>(1)‘:</span> 
     </span>
     <span class='ocr_line' id='line_1_4' title="bbox 409 753 2548 847; baseline 0.003 -26"><span class='ocrx_word' id='word_1_24' title='bbox 409 773 553 821; x_wconf 90' lang='lat' dir='ltr'><strong>tum</strong></span> <span class='ocrx_word' id='word_1_25' title='bbox 589 754 855 818; x_wconf 88' lang='lat' dir='ltr'><strong>demum</strong></span> <span class='ocrx_word' id='word_1_26' title='bbox 896 753 1082 820; x_wconf 87' lang='lat' dir='ltr'><strong>finito</strong></span> <span class='ocrx_word' id='word_1_27' title='bbox 1126 776 1339 835; x_wconf 86' lang='lat' dir='ltr'><strong>anno,</strong></span> <span class='ocrx_word' id='word_1_28' title='bbox 1396 768 1462 818; x_wconf 88' lang='lat' dir='ltr'><strong>et</strong></span> <span class='ocrx_word' id='word_1_29' title='bbox 1511 769 1730 819; x_wconf 82' lang='lat' dir='ltr'><strong>exacta</strong></span> <span class='ocrx_word' id='word_1_30' title='bbox 1773 754 2022 820; x_wconf 83' lang='lat' dir='ltr'><strong>urbana</strong></span> <span class='ocrx_word' id='word_1_31' title='bbox 2065 755 2548 847; x_wconf 84' lang='lat' dir='ltr'><strong>jurisdictione,</strong></span> 
     </span>
     <span class='ocr_line' id='line_1_5' title="bbox 410 857 2550 949; baseline 0.004 -25"><span class='ocrx_word' id='word_1_32' title='bbox 410 883 519 926; x_wconf 81' lang='lat' dir='ltr'><strong>sex</strong></span> <span class='ocrx_word' id='word_1_33' title='bbox 530 861 622 924; x_wconf 85' lang='lat' dir='ltr'><strong>ini</strong></span> <span class='ocrx_word' id='word_1_34' title='bbox 640 859 723 924; x_wconf 89' lang='lat' dir='ltr'><strong>ad</strong></span> <span class='ocrx_word' id='word_1_35' title='bbox 739 859 1126 949; x_wconf 84' lang='lat' dir='ltr'><strong>provincias,</strong></span> <span class='ocrx_word' id='word_1_36' title='bbox 1144 881 1305 947; x_wconf 87' lang='lat' dir='ltr'><strong>quas</strong></span> <span class='ocrx_word' id='word_1_37' title='bbox 1327 875 1503 924; x_wconf 82' lang='lat' dir='ltr'><strong>sorte</strong></span> <span class='ocrx_word' id='word_1_38' title='bbox 1527 859 1986 944; x_wconf 78' lang='lat' dir='ltr'><strong>obtinuissent,</strong></span> <span class='ocrx_word' id='word_1_39' title='bbox 2011 857 2550 948; x_wconf 84' lang='lat' dir='ltr'><strong>administrandas</strong></span> 
     </span>
     <span class='ocr_line' id='line_1_6' title="bbox 410 963 2550 1057; baseline 0.005 -27"><span class='ocrx_word' id='word_1_40' title='bbox 410 969 477 1030; x_wconf 91' lang='lat' dir='ltr'><strong>in</strong></span> <span class='ocrx_word' id='word_1_41' title='bbox 511 989 762 1031; x_wconf 90' lang='lat' dir='ltr'><strong>annum</strong></span> <span class='ocrx_word' id='word_1_42' title='bbox 793 966 1070 1033; x_wconf 85' lang='lat' dir='ltr'><strong>alterum</strong></span> <span class='ocrx_word' id='word_1_43' title='bbox 1110 965 1697 1054; x_wconf 83' lang='lat' dir='ltr'><strong>proficiscerentur.</strong></span> <span class='ocrx_word' id='word_1_44' title='bbox 1735 963 1921 1057; x_wconf 83' lang='lat' dir='ltr'><strong>Pigh.</strong></span> <span class='ocrx_word' id='word_1_45' title='bbox 1965 965 2198 1034; x_wconf 81' lang='lat' dir='ltr'><strong>Annal.</strong></span> <span class='ocrx_word' id='word_1_46' title='bbox 2245 985 2406 1038; x_wconf 88' lang='lat' dir='ltr'><strong>tom.</strong></span> <span class='ocrx_word' id='word_1_47' title='bbox 2450 975 2550 1057; x_wconf 89' lang='lat'><strong>11,</strong></span> 
     </span>
     <span class='ocr_line' id='line_1_7' title="bbox 409 1073 731 1162; baseline 0.003 -26"><span class='ocrx_word' id='word_1_48' title='bbox 409 1095 554 1162; x_wconf 82' lang='lat' dir='ltr'><strong>pag.</strong></span> <span class='ocrx_word' id='word_1_49' title='bbox 582 1073 731 1160; x_wconf 73' lang='lat'><strong><em>467.</em></strong></span> 
     </span>
    </p>

    <p class='ocr_par' dir='ltr' id='par_1_3' title="bbox 410 1175 2554 1488">
     <span class='ocr_line' id='line_1_8' title="bbox 496 1175 2551 1272; baseline 0.005 -29"><span class='ocrx_word' id='word_1_50' title='bbox 496 1177 737 1244; x_wconf 86' lang='lat' dir='ltr'><strong>Iisdem</strong></span> <span class='ocrx_word' id='word_1_51' title='bbox 772 1177 1175 1266; x_wconf 83' lang='lat' dir='ltr'>temporibus</span> <span class='ocrx_word' id='word_1_52' title='bbox 1198 1200 1365 1242; x_wconf 82' lang='lat' dir='ltr'><strong>nova</strong></span> <span class='ocrx_word' id='word_1_53' title='bbox 1385 1176 1856 1258; x_wconf 81' lang='lat' dir='ltr'><strong>jurisdictionis</strong></span> <span class='ocrx_word' id='word_1_54' title='bbox 1881 1177 2092 1244; x_wconf 83' lang='lat' dir='ltr'><strong>forma</strong></span> <span class='ocrx_word' id='word_1_55' title='bbox 2113 1175 2397 1272; x_wconf 70' lang='lat' dir='ltr'><strong>adducta</strong></span> <span class='ocrx_word' id='word_1_56' title='bbox 2423 1203 2551 1272; x_wconf 84' lang='lat' dir='ltr'><strong>est,</strong></span> 
     </span>
     <span class='ocr_line' id='line_1_9' title="bbox 410 1283 2554 1374; baseline 0.004 -25"><span class='ocrx_word' id='word_1_57' title='bbox 410 1299 475 1350; x_wconf 90' lang='lat' dir='ltr'><strong>et</strong></span> <span class='ocrx_word' id='word_1_58' title='bbox 503 1283 889 1372; x_wconf 71' lang='lat' dir='ltr'><strong>quaestiones</strong></span> <span class='ocrx_word' id='word_1_59' title='bbox 920 1283 1105 1349; x_wconf 74' lang='lat' dir='ltr'><strong>factus</strong></span> <span class='ocrx_word' id='word_1_60' title='bbox 1142 1300 1300 1348; x_wconf 80' lang='lat' dir='ltr'><strong>sunt</strong></span> <span class='ocrx_word' id='word_1_61' title='bbox 1331 1300 1698 1374; x_wconf 66' lang='lat' dir='ltr'><strong>perpetuae:</strong></span> <span class='ocrx_word' id='word_1_62' title='bbox 1730 1283 2106 1350; x_wconf 77' lang='lat' dir='ltr'><strong>institutum</strong></span> <span class='ocrx_word' id='word_1_63' title='bbox 2139 1283 2238 1352; x_wconf 82' lang='lat' dir='ltr'><strong>est</strong></span> <span class='ocrx_word' id='word_1_64' title='bbox 2264 1291 2440 1355; x_wconf 88' lang='lat' dir='ltr'><strong>enim</strong></span> <span class='ocrx_word' id='word_1_65' title='bbox 2476 1311 2554 1358; x_wconf 91' lang='lat' dir='ltr'><strong>ut</strong></span> 
     </span>
     <span class='ocr_line' id='line_1_10' title="bbox 410 1385 2554 1488; baseline 0.004 -34"><span class='ocrx_word' id='word_1_66' title='bbox 410 1391 796 1478; x_wconf 79' lang='lat' dir='ltr'><strong>quaestiones</strong></span> <span class='ocrx_word' id='word_1_67' title='bbox 834 1389 956 1479; x_wconf 79' lang='lat' dir='ltr'><strong>(sic</strong></span> <span class='ocrx_word' id='word_1_68' title='bbox 988 1389 1427 1478; x_wconf 62' lang='lat' dir='ltr'><strong>appellantur,</strong></span> <span class='ocrx_word' id='word_1_69' title='bbox 1456 1390 1638 1477; x_wconf 81' lang='lat' dir='ltr'><strong>quasi</strong></span> <span class='ocrx_word' id='word_1_70' title='bbox 1671 1385 2120 1480; x_wconf 66' lang='lat' dir='ltr'><strong>quaesitiones,</strong></span> <span class='ocrx_word' id='word_1_71' title='bbox 2160 1393 2403 1474; x_wconf 83' lang='lat' dir='ltr'><strong>judicia</strong></span> <span class='ocrx_word' id='word_1_72' title='bbox 2437 1421 2554 1488; x_wconf 87' lang='lat' dir='ltr'><strong>pu-</strong></span> 
     </span>
    </p>
   </div>
   <div class='ocr_carea' id='block_1_3' title="bbox 407 1495 2662 1594">
    <p class='ocr_par' dir='ltr' id='par_1_4' title="bbox 407 1495 2662 1594">
     <span class='ocr_line' id='line_1_11' title="bbox 407 1495 2662 1594; baseline 0.005 -33"><span class='ocrx_word' id='word_1_73' title='bbox 407 1497 573 1562; x_wconf 82' lang='lat' dir='ltr'><strong>blica</strong></span> <span class='ocrx_word' id='word_1_74' title='bbox 607 1496 849 1586; x_wconf 81' lang='lat' dir='ltr'><strong>quibus</strong></span> <span class='ocrx_word' id='word_1_75' title='bbox 874 1496 1228 1584; x_wconf 77' lang='lat' dir='ltr'><strong>inquiritur</strong></span> <span class='ocrx_word' id='word_1_76' title='bbox 1254 1495 1338 1560; x_wconf 89' lang='lat' dir='ltr'><strong>de</strong></span> <span class='ocrx_word' id='word_1_77' title='bbox 1363 1497 1510 1577; x_wconf 88' lang='lat' dir='ltr'><strong>jure</strong></span> <span class='ocrx_word' id='word_1_78' title='bbox 1527 1543 1546 1579; x_wconf 90' lang='lat'>‚</span> <span class='ocrx_word' id='word_1_79' title='bbox 1569 1515 1685 1562; x_wconf 89' lang='lat' dir='ltr'><strong>aut</strong></span> <span class='ocrx_word' id='word_1_80' title='bbox 1713 1497 1913 1586; x_wconf 83' lang='lat' dir='ltr'><strong>facto)</strong></span> <span class='ocrx_word' id='word_1_81' title='bbox 1943 1499 2244 1589; x_wconf 80' lang='lat' dir='ltr'><strong>singulae,</strong></span> <span class='ocrx_word' id='word_1_82' title='bbox 2268 1524 2328 1567; x_wconf 84' lang='lat' dir='ltr'><strong>v.</strong></span> <span class='ocrx_word' id='word_1_83' title='bbox 2350 1527 2443 1594; x_wconf 84' lang='lat' dir='ltr'><strong>gr.</strong></span> <span class='ocrx_word' id='word_1_84' title='bbox 2465 1507 2548 1572; x_wconf 88' lang='lat' dir='ltr'><strong>de</strong></span> <span class='ocrx_word' id='word_1_85' title='bbox 2659 1509 2662 1514; x_wconf 76' lang='grc'><strong>’</strong></span> 
     </span>
    </p>
   </div>
   <div class='ocr_carea' id='block_1_4' title="bbox 406 1600 2556 3810">
    <p class='ocr_par' dir='ltr' id='par_1_5' title="bbox 406 1600 2552 2015">
     <span class='ocr_line' id='line_1_12' title="bbox 406 1600 2552 1691; baseline 0.005 -25"><span class='ocrx_word' id='word_1_86' title='bbox 406 1600 816 1690; x_wconf 74' lang='lat' dir='ltr'><strong>repetundis,</strong></span> <span class='ocrx_word' id='word_1_87' title='bbox 842 1600 926 1666; x_wconf 90' lang='lat' dir='ltr'><strong>de</strong></span> <span class='ocrx_word' id='word_1_88' title='bbox 953 1602 1317 1683; x_wconf 82' lang='lat' dir='ltr'><strong>majestate,</strong></span> <span class='ocrx_word' id='word_1_89' title='bbox 1347 1617 1469 1666; x_wconf 91' lang='lat' dir='ltr'><strong>etc.</strong></span> <span class='ocrx_word' id='word_1_90' title='bbox 1497 1622 1634 1667; x_wconf 88' lang='lat' dir='ltr'><strong>non</strong></span> <span class='ocrx_word' id='word_1_91' title='bbox 1659 1603 1793 1684; x_wconf 84' lang='lat' dir='ltr'><strong>jam</strong></span> <span class='ocrx_word' id='word_1_92' title='bbox 1829 1619 1908 1668; x_wconf 92' lang='lat' dir='ltr'><strong>ut</strong></span> <span class='ocrx_word' id='word_1_93' title='bbox 1932 1601 2091 1670; x_wconf 89' lang='lat' dir='ltr'><strong>olim</strong></span> <span class='ocrx_word' id='word_1_94' title='bbox 2119 1605 2296 1691; x_wconf 90' lang='lat' dir='ltr'><strong>huic,</strong></span> <span class='ocrx_word' id='word_1_95' title='bbox 2322 1625 2437 1675; x_wconf 86' lang='lat' dir='ltr'><strong>aut</strong></span> <span class='ocrx_word' id='word_1_96' title='bbox 2460 1612 2552 1676; x_wconf 92' lang='lat' dir='ltr'><strong>illi</strong></span> 
     </span>
     <span class='ocr_line' id='line_1_13' title="bbox 407 1708 2550 1804; baseline 0.004 -30"><span class='ocrx_word' id='word_1_97' title='bbox 407 1709 666 1796; x_wconf 78' lang='lat' dir='ltr'><strong>proetori</strong></span> <span class='ocrx_word' id='word_1_98' title='bbox 698 1708 783 1773; x_wconf 89' lang='lat' dir='ltr'><strong>ad</strong></span> <span class='ocrx_word' id='word_1_99' title='bbox 810 1708 1153 1773; x_wconf 85' lang='lat' dir='ltr'><strong>arbitrium</strong></span> <span class='ocrx_word' id='word_1_100' title='bbox 1202 1725 1467 1774; x_wconf 84' lang='lat' dir='ltr'><strong>senatus</strong></span> <span class='ocrx_word' id='word_1_101' title='bbox 1518 1709 2006 1794; x_wconf 86' lang='lat' dir='ltr'><strong>mandarentur,</strong></span> <span class='ocrx_word' id='word_1_102' title='bbox 2053 1712 2168 1777; x_wconf 85' lang='lat' dir='ltr'><strong>sed</strong></span> <span class='ocrx_word' id='word_1_103' title='bbox 2207 1719 2550 1804; x_wconf 86' lang='lat' dir='ltr'><strong>proprium</strong></span> 
     </span>
     <span class='ocr_line' id='line_1_14' title="bbox 410 1815 2546 1912; baseline 0.004 -32"><span class='ocrx_word' id='word_1_104' title='bbox 410 1815 711 1905; x_wconf 81' lang='lat' dir='ltr'><strong>deinceps</strong></span> <span class='ocrx_word' id='word_1_105' title='bbox 734 1817 1052 1882; x_wconf 89' lang='lat' dir='ltr'><strong>haberent</strong></span> <span class='ocrx_word' id='word_1_106' title='bbox 1078 1815 1359 1881; x_wconf 86' lang='lat' dir='ltr'><strong>tribunal</strong></span> <span class='ocrx_word' id='word_1_107' title='bbox 1376 1864 1395 1894; x_wconf 89' lang='lat'>,</span> <span class='ocrx_word' id='word_1_108' title='bbox 1422 1834 1489 1882; x_wconf 87' lang='lat' dir='ltr'><strong>et</strong></span> <span class='ocrx_word' id='word_1_109' title='bbox 1513 1819 1774 1906; x_wconf 82' lang='lat' dir='ltr'><strong>praetori</strong></span> <span class='ocrx_word' id='word_1_110' title='bbox 1805 1820 2112 1909; x_wconf 80' lang='lat' dir='ltr'><strong>peculiari</strong></span> <span class='ocrx_word' id='word_1_111' title='bbox 2147 1821 2218 1885; x_wconf 90' lang='lat' dir='ltr'><strong>in</strong></span> <span class='ocrx_word' id='word_1_112' title='bbox 2255 1822 2546 1912; x_wconf 84' lang='lat' dir='ltr'><strong>singulos</strong></span> 
     </span>
     <span class='ocr_line' id='line_1_15' title="bbox 412 1923 1149 2015; baseline 0 -27"><span class='ocrx_word' id='word_1_113' title='bbox 412 1945 619 1988; x_wconf 87' lang='lat' dir='ltr'><strong>annos</strong></span> <span class='ocrx_word' id='word_1_114' title='bbox 648 1923 1149 2015; x_wconf 74' lang='lat' dir='ltr'><strong>assignarentur.</strong></span> 
     </span>
    </p>

    <p class='ocr_par' dir='ltr' id='par_1_6' title="bbox 410 2025 2556 2229">
     <span class='ocr_line' id='line_1_16' title="bbox 499 2025 2556 2119; baseline 0.004 -25"><span class='ocrx_word' id='word_1_115' title='bbox 499 2029 953 2113; x_wconf 81' lang='lat' dir='ltr'><strong>Q&#39;uaestionum</strong></span> <span class='ocrx_word' id='word_1_116' title='bbox 996 2045 1458 2119; x_wconf 84' lang='lat' dir='ltr'><strong>perpetuarum</strong></span> <span class='ocrx_word' id='word_1_117' title='bbox 1497 2025 1839 2094; x_wconf 82' lang='lat' dir='ltr'><strong>exordium</strong></span> <span class='ocrx_word' id='word_1_118' title='bbox 1881 2031 2200 2119; x_wconf 84' lang='lat' dir='ltr'><strong>repetitur</strong></span> <span class='ocrx_word' id='word_1_119' title='bbox 2244 2033 2327 2098; x_wconf 87' lang='lat' dir='ltr'><strong>ab</strong></span> <span class='ocrx_word' id='word_1_120' title='bbox 2381 2055 2556 2102; x_wconf 90' lang='lat' dir='ltr'><strong>anno</strong></span> 
     </span>
     <span class='ocr_line' id='line_1_17' title="bbox 410 2115 2384 2229; baseline 0.003 -31"><span class='ocrx_word' id='word_1_121' title='bbox 410 2133 601 2199; x_wconf 87' lang='lat' dir='ltr'><strong>Urbis</strong></span> <span class='ocrx_word' id='word_1_122' title='bbox 633 2133 887 2198; x_wconf 87' lang='lat' dir='ltr'><strong>circiter</strong></span> <span class='ocrx_word' id='word_1_123' title='bbox 916 2133 1079 2220; x_wconf 89' lang='lat'><strong>609,</strong></span> <span class='ocrx_word' id='word_1_124' title='bbox 1115 2133 1197 2198; x_wconf 88' lang='lat' dir='ltr'><strong>ad</strong></span> <span class='ocrx_word' id='word_1_125' title='bbox 1230 2155 1429 2221; x_wconf 88' lang='lat' dir='ltr'><strong>quem</strong></span> <span class='ocrx_word' id='word_1_126' title='bbox 1462 2152 1710 2197; x_wconf 90' lang='lat' dir='ltr'><strong>annum</strong></span> <span class='ocrx_word' id='word_1_127' title='bbox 1743 2133 1892 2198; x_wconf 82' lang='lat' dir='ltr'><strong>vide</strong></span> <span class='ocrx_word' id='word_1_128' title='bbox 1925 2150 2143 2200; x_wconf 87' lang='lat' dir='ltr'><strong>tamen</strong></span> <span class='ocrx_word' id='word_1_129' title='bbox 2177 2115 2384 2229; x_wconf 62' lang='grc' dir='ltr'><strong>Ρίςὶι.ι</strong></span> 
     </span>
    </p>

    <p class='ocr_par' dir='ltr' id='par_1_7' title="bbox 410 2237 2554 2749">
     <span class='ocr_line' id='line_1_18' title="bbox 497 2237 2548 2331; baseline 0.004 -27"><span class='ocrx_word' id='word_1_130' title='bbox 497 2239 794 2304; x_wconf 78' lang='lat' dir='ltr'><strong>Proetoris</strong></span> <span class='ocrx_word' id='word_1_131' title='bbox 830 2238 1062 2304; x_wconf 87' lang='lat' dir='ltr'><strong>urbani</strong></span> <span class='ocrx_word' id='word_1_132' title='bbox 1098 2257 1343 2303; x_wconf 81' lang='lat' dir='ltr'><strong>munus</strong></span> <span class='ocrx_word' id='word_1_133' title='bbox 1394 2254 1531 2302; x_wconf 88' lang='lat' dir='ltr'><strong>erat</strong></span> <span class='ocrx_word' id='word_1_134' title='bbox 1575 2254 1652 2301; x_wconf 89' lang='lat' dir='ltr'><strong>ut</strong></span> <span class='ocrx_word' id='word_1_135' title='bbox 1683 2237 1792 2319; x_wconf 84' lang='lat' dir='ltr'><strong>jus</strong></span> <span class='ocrx_word' id='word_1_136' title='bbox 1838 2237 2011 2304; x_wconf 87' lang='lat' dir='ltr'><strong>inter</strong></span> <span class='ocrx_word' id='word_1_137' title='bbox 2059 2241 2228 2306; x_wconf 81' lang='lat' dir='ltr'><strong>cives</strong></span> <span class='ocrx_word' id='word_1_138' title='bbox 2270 2243 2548 2331; x_wconf 78' lang='lat' dir='ltr'><strong>diceret3</strong></span> 
     </span>
     <span class='ocr_line' id='line_1_19' title="bbox 410 2342 2554 2434; baseline 0.004 -25"><span class='ocrx_word' id='word_1_139' title='bbox 410 2345 633 2411; x_wconf 83' lang='lat' dir='ltr'><strong>viduas</strong></span> <span class='ocrx_word' id='word_1_140' title='bbox 678 2345 1093 2434; x_wconf 82' lang='lat' dir='ltr'><strong>pupillosque</strong></span> <span class='ocrx_word' id='word_1_141' title='bbox 1136 2343 1558 2422; x_wconf 53' lang='lat' dir='ltr'><strong>defenderem</strong></span> <span class='ocrx_word' id='word_1_142' title='bbox 1623 2342 1816 2408; x_wconf 87' lang='lat' dir='ltr'><strong>ludos</strong></span> <span class='ocrx_word' id='word_1_143' title='bbox 1855 2346 2207 2432; x_wconf 81' lang='lat' dir='ltr'><strong>solemnes,</strong></span> <span class='ocrx_word' id='word_1_144' title='bbox 2255 2366 2324 2414; x_wconf 89' lang='lat' dir='ltr'><strong>et</strong></span> <span class='ocrx_word' id='word_1_145' title='bbox 2375 2372 2554 2418; x_wconf 87' lang='lat' dir='ltr'><strong>sacra</strong></span> 
     </span>
     <span class='ocr_line' id='line_1_20' title="bbox 412 2451 2551 2544; baseline 0.002 -28"><span class='ocrx_word' id='word_1_146' title='bbox 412 2451 707 2540; x_wconf 77' lang='lat' dir='ltr'><strong>quaedam</strong></span> <span class='ocrx_word' id='word_1_147' title='bbox 753 2451 1035 2529; x_wconf 82' lang='lat' dir='ltr'><strong>faceret3</strong></span> <span class='ocrx_word' id='word_1_148' title='bbox 1093 2463 1263 2512; x_wconf 86' lang='lat' dir='ltr'><strong>sarta</strong></span> <span class='ocrx_word' id='word_1_149' title='bbox 1308 2463 1506 2527; x_wconf 82' lang='lat' dir='ltr'><strong>tecta,</strong></span> <span class='ocrx_word' id='word_1_150' title='bbox 1555 2465 1822 2512; x_wconf 82' lang='lat' dir='ltr'><strong>vacante</strong></span> <span class='ocrx_word' id='word_1_151' title='bbox 1867 2470 2142 2516; x_wconf 83' lang='lat' dir='ltr'><strong>censura</strong></span> <span class='ocrx_word' id='word_1_152' title='bbox 2161 2499 2180 2534; x_wconf 93' lang='lat'>,</span> <span class='ocrx_word' id='word_1_153' title='bbox 2232 2455 2551 2544; x_wconf 80' lang='lat' dir='ltr'><strong>exigeret3</strong></span> 
     </span>
     <span class='ocr_line' id='line_1_21' title="bbox 411 2551 2554 2640; baseline 0.002 -18"><span class='ocrx_word' id='word_1_154' title='bbox 411 2574 705 2624; x_wconf 84' lang='lat' dir='ltr'><strong>senatum</strong></span> <span class='ocrx_word' id='word_1_155' title='bbox 736 2553 1115 2620; x_wconf 73' lang='lat' dir='ltr'><strong>absentibus</strong></span> <span class='ocrx_word' id='word_1_156' title='bbox 1146 2551 1527 2617; x_wconf 86' lang='lat' dir='ltr'><strong>consulibus</strong></span> <span class='ocrx_word' id='word_1_157' title='bbox 1563 2568 1856 2640; x_wconf 85' lang='lat' dir='ltr'><strong>rogaret;</strong></span> <span class='ocrx_word' id='word_1_158' title='bbox 1895 2555 2156 2619; x_wconf 86' lang='lat' dir='ltr'><strong>comitia</strong></span> <span class='ocrx_word' id='word_1_159' title='bbox 2188 2573 2253 2622; x_wconf 90' lang='lat' dir='ltr'><strong>et</strong></span> <span class='ocrx_word' id='word_1_160' title='bbox 2291 2561 2554 2626; x_wconf 88' lang='lat' dir='ltr'><strong>concio-</strong></span> 
     </span>
     <span class='ocr_line' id='line_1_22' title="bbox 415 2655 1632 2749; baseline -0.009 -19"><span class='ocrx_word' id='word_1_161' title='bbox 415 2687 528 2730; x_wconf 85' lang='lat' dir='ltr'><strong>nes</strong></span> <span class='ocrx_word' id='word_1_162' title='bbox 558 2663 847 2728; x_wconf 83' lang='lat' dir='ltr'><strong>haberet.</strong></span> <span class='ocrx_word' id='word_1_163' title='bbox 878 2658 1064 2749; x_wconf 84' lang='lat' dir='ltr'><strong>Pigh.</strong></span> <span class='ocrx_word' id='word_1_164' title='bbox 1093 2657 1177 2723; x_wconf 88' lang='lat' dir='ltr'><strong>ad</strong></span> <span class='ocrx_word' id='word_1_165' title='bbox 1202 2679 1453 2721; x_wconf 89' lang='lat' dir='ltr'><strong>annum</strong></span> <span class='ocrx_word' id='word_1_166' title='bbox 1482 2655 1632 2744; x_wconf 85' lang='lat'><strong>387.</strong></span> 
     </span>
    </p>

    <p class='ocr_par' dir='ltr' id='par_1_8' title="bbox 414 2762 2556 2966">
     <span class='ocr_line' id='line_1_23' title="bbox 497 2762 2556 2856; baseline 0.001 -22"><span class='ocrx_word' id='word_1_167' title='bbox 497 2771 531 2834; x_wconf 90' lang='lat' dir='ltr'>J</span> <span class='ocrx_word' id='word_1_168' title='bbox 536 2768 869 2836; x_wconf 87' lang='lat' dir='ltr'><strong>urisdictio</strong></span> <span class='ocrx_word' id='word_1_169' title='bbox 904 2779 1259 2856; x_wconf 82' lang='lat' dir='ltr'><strong>praetorum</strong></span> <span class='ocrx_word' id='word_1_170' title='bbox 1292 2763 1624 2851; x_wconf 79' lang='lat' dir='ltr'><strong>spectabat</strong></span> <span class='ocrx_word' id='word_1_171' title='bbox 1641 2812 1661 2846; x_wconf 88' lang='lat'>,</span> <span class='ocrx_word' id='word_1_172' title='bbox 1699 2779 1773 2828; x_wconf 88' lang='lat' dir='ltr'><strong>ut</strong></span> <span class='ocrx_word' id='word_1_173' title='bbox 1804 2763 1938 2846; x_wconf 85' lang='lat' dir='ltr'><strong>jam</strong></span> <span class='ocrx_word' id='word_1_174' title='bbox 1981 2762 2150 2850; x_wconf 77' lang='lat' dir='ltr'><strong>dixi,</strong></span> <span class='ocrx_word' id='word_1_175' title='bbox 2192 2767 2276 2833; x_wconf 89' lang='lat' dir='ltr'><strong>ad</strong></span> <span class='ocrx_word' id='word_1_176' title='bbox 2312 2771 2556 2851; x_wconf 83' lang='lat' dir='ltr'><strong>judicia</strong></span> 
     </span>
     <span class='ocr_line' id='line_1_24' title="bbox 414 2867 2515 2966; baseline 0.002 -25"><span class='ocrx_word' id='word_1_177' title='bbox 414 2893 547 2942; x_wconf 85' lang='lat' dir='ltr'><strong>tam</strong></span> <span class='ocrx_word' id='word_1_178' title='bbox 582 2875 864 2966; x_wconf 82' lang='lat' dir='ltr'><strong>privata,</strong></span> <span class='ocrx_word' id='word_1_179' title='bbox 897 2895 1095 2961; x_wconf 88' lang='lat' dir='ltr'><strong>quam</strong></span> <span class='ocrx_word' id='word_1_180' title='bbox 1123 2867 1403 2959; x_wconf 87' lang='lat' dir='ltr'><strong>publica.</strong></span> <span class='ocrx_word' id='word_1_181' title='bbox 1456 2869 1556 2934; x_wconf 93' lang='lat' dir='ltr'><strong>De</strong></span> <span class='ocrx_word' id='word_1_182' title='bbox 1589 2867 1694 2934; x_wconf 88' lang='lat' dir='ltr'><strong>his</strong></span> <span class='ocrx_word' id='word_1_183' title='bbox 1723 2868 1893 2933; x_wconf 78' lang='lat' dir='ltr'><strong>infra</strong></span> <span class='ocrx_word' id='word_1_184' title='bbox 1923 2869 2008 2934; x_wconf 89' lang='lat' dir='ltr'><strong>ad</strong></span> <span class='ocrx_word' id='word_1_185' title='bbox 2041 2870 2237 2938; x_wconf 84' lang='lat' dir='ltr'><strong>finem</strong></span> <span class='ocrx_word' id='word_1_186' title='bbox 2269 2878 2515 2946; x_wconf 80' lang='lat' dir='ltr'><strong>volum.</strong></span> 
     </span>
    </p>

    <p class='ocr_par' dir='ltr' id='par_1_9' title="bbox 408 2973 2552 3683">
     <span class='ocr_line' id='line_1_25' title="bbox 500 2973 2550 3071; baseline 0.001 -24"><span class='ocrx_word' id='word_1_187' title='bbox 500 2981 752 3047; x_wconf 90' lang='lat' dir='ltr'><strong>Judicia</strong></span> <span class='ocrx_word' id='word_1_188' title='bbox 778 2981 1021 3071; x_wconf 81' lang='lat' dir='ltr'><strong>privata</strong></span> <span class='ocrx_word' id='word_1_189' title='bbox 1051 2974 1469 3067; x_wconf 86' lang='lat' dir='ltr'><strong>pertinebant</strong></span> <span class='ocrx_word' id='word_1_190' title='bbox 1499 2973 1584 3039; x_wconf 89' lang='lat' dir='ltr'><strong>ad</strong></span> <span class='ocrx_word' id='word_1_191' title='bbox 1629 2975 1906 3063; x_wconf 79' lang='lat' dir='ltr'><strong>privatas</strong></span> <span class='ocrx_word' id='word_1_192' title='bbox 1947 2983 2448 3067; x_wconf 76' lang='lat' dir='ltr'><strong>controversiaS,</strong></span> <span class='ocrx_word' id='word_1_193' title='bbox 2485 3004 2550 3051; x_wconf 87' lang='lat' dir='ltr'><strong>et</strong></span> 
     </span>
     <span class='ocr_line' id='line_1_26' title="bbox 414 3078 2552 3171; baseline 0.001 -18"><span class='ocrx_word' id='word_1_194' title='bbox 414 3086 497 3153; x_wconf 86' lang='lat' dir='ltr'><strong>ad</strong></span> <span class='ocrx_word' id='word_1_195' title='bbox 522 3087 627 3168; x_wconf 87' lang='lat' dir='ltr'><strong>jus</strong></span> <span class='ocrx_word' id='word_1_196' title='bbox 673 3109 871 3153; x_wconf 89' lang='lat' dir='ltr'><strong>omne</strong></span> <span class='ocrx_word' id='word_1_197' title='bbox 910 3083 1267 3170; x_wconf 87' lang='lat' dir='ltr'><strong>Quiritium</strong></span> <span class='ocrx_word' id='word_1_198' title='bbox 1301 3078 1644 3145; x_wconf 89' lang='lat' dir='ltr'><strong>tuendum.</strong></span> <span class='ocrx_word' id='word_1_199' title='bbox 1676 3081 1772 3145; x_wconf 90' lang='lat' dir='ltr'><strong>Ea</strong></span> <span class='ocrx_word' id='word_1_200' title='bbox 1812 3097 2051 3171; x_wconf 78' lang='lat' dir='ltr'><strong>proetor</strong></span> <span class='ocrx_word' id='word_1_201' title='bbox 2084 3086 2376 3153; x_wconf 87' lang='lat' dir='ltr'><strong>urbanus</strong></span> <span class='ocrx_word' id='word_1_202' title='bbox 2419 3105 2552 3156; x_wconf 83' lang='lat' dir='ltr'><strong>tra·</strong></span> 
     </span>
     <span class='ocr_line' id='line_1_27' title="bbox 413 3183 2552 3282; baseline 0.001 -22"><span class='ocrx_word' id='word_1_203' title='bbox 413 3195 645 3262; x_wconf 82' lang='lat' dir='ltr'><strong>ctabat.</strong></span> <span class='ocrx_word' id='word_1_204' title='bbox 671 3197 828 3277; x_wconf 87' lang='lat' dir='ltr'><strong>Ejus</strong></span> <span class='ocrx_word' id='word_1_205' title='bbox 850 3183 1319 3276; x_wconf 81' lang='lat' dir='ltr'><strong>jurisdictionis</strong></span> <span class='ocrx_word' id='word_1_206' title='bbox 1349 3203 1534 3253; x_wconf 86' lang='lat' dir='ltr'><strong>erant</strong></span> <span class='ocrx_word' id='word_1_207' title='bbox 1559 3204 1773 3277; x_wconf 85' lang='lat' dir='ltr'><strong>partes</strong></span> <span class='ocrx_word' id='word_1_208' title='bbox 1791 3235 1810 3270; x_wconf 90' lang='lat'>,</span> <span class='ocrx_word' id='word_1_209' title='bbox 1861 3207 1997 3255; x_wconf 89' lang='lat' dir='ltr'><strong>non</strong></span> <span class='ocrx_word' id='word_1_210' title='bbox 2034 3209 2112 3256; x_wconf 90' lang='lat' dir='ltr'><strong>ut</strong></span> <span class='ocrx_word' id='word_1_211' title='bbox 2141 3193 2278 3282; x_wconf 87' lang='lat' dir='ltr'><strong>ipse</strong></span> <span class='ocrx_word' id='word_1_212' title='bbox 2307 3194 2552 3276; x_wconf 85' lang='lat' dir='ltr'><strong>judica-</strong></span> 
     </span>
     <span class='ocr_line' id='line_1_28' title="bbox 413 3297 2551 3390; baseline 0.003 -26"><span class='ocrx_word' id='word_1_213' title='bbox 413 3316 514 3364; x_wconf 89' lang='lat' dir='ltr'><strong>ret</strong></span> <span class='ocrx_word' id='word_1_214' title='bbox 532 3347 551 3381; x_wconf 87' lang='lat'><strong>,</strong></span> <span class='ocrx_word' id='word_1_215' title='bbox 582 3301 711 3366; x_wconf 90' lang='lat' dir='ltr'><strong>hoc</strong></span> <span class='ocrx_word' id='word_1_216' title='bbox 743 3323 1055 3390; x_wconf 75' lang='lat' dir='ltr'><strong>perquam</strong></span> <span class='ocrx_word' id='word_1_217' title='bbox 1092 3297 1369 3363; x_wconf 89' lang='lat' dir='ltr'><strong>dubium</strong></span> <span class='ocrx_word' id='word_1_218' title='bbox 1402 3311 1502 3360; x_wconf 89' lang='lat' dir='ltr'><strong>est</strong></span> <span class='ocrx_word' id='word_1_219' title='bbox 1532 3318 1614 3359; x_wconf 88' lang='lat' dir='ltr'><strong>an</strong></span> <span class='ocrx_word' id='word_1_220' title='bbox 1651 3311 1888 3384; x_wconf 81' lang='lat' dir='ltr'><strong>proetor</strong></span> <span class='ocrx_word' id='word_1_221' title='bbox 1909 3317 2225 3386; x_wconf 88' lang='lat' dir='ltr'><strong>umquam</strong></span> <span class='ocrx_word' id='word_1_222' title='bbox 2253 3301 2336 3366; x_wconf 90' lang='lat' dir='ltr'><strong>de</strong></span> <span class='ocrx_word' id='word_1_223' title='bbox 2361 3325 2551 3369; x_wconf 80' lang='lat' dir='ltr'><strong>causa</strong></span> 
     </span>
     <span class='ocr_line' id='line_1_29' title="bbox 416 3401 2548 3494; baseline 0.002 -24"><span class='ocrx_word' id='word_1_224' title='bbox 416 3420 838 3494; x_wconf 82' lang='lat' dir='ltr'><strong>cognosceret</strong></span> <span class='ocrx_word' id='word_1_225' title='bbox 870 3404 1043 3492; x_wconf 84' lang='lat' dir='ltr'><strong>(vide</strong></span> <span class='ocrx_word' id='word_1_226' title='bbox 1060 3407 1423 3471; x_wconf 84' lang='lat' dir='ltr'><strong>Excursum</strong></span> <span class='ocrx_word' id='word_1_227' title='bbox 1447 3423 1645 3490; x_wconf 86' lang='lat' dir='ltr'><strong>supra</strong></span> <span class='ocrx_word' id='word_1_228' title='bbox 1680 3401 2009 3492; x_wconf 86' lang='lat' dir='ltr'><strong>citatum);</strong></span> <span class='ocrx_word' id='word_1_229' title='bbox 2037 3403 2154 3468; x_wconf 84' lang='lat' dir='ltr'><strong>sed</strong></span> <span class='ocrx_word' id='word_1_230' title='bbox 2179 3422 2256 3471; x_wconf 87' lang='lat' dir='ltr'><strong>ut</strong></span> <span class='ocrx_word' id='word_1_231' title='bbox 2277 3408 2548 3475; x_wconf 88' lang='lat' dir='ltr'><strong>alterum</strong></span> 
     </span>
     <span class='ocr_line' id='line_1_30' title="bbox 408 3505 2546 3592; baseline 0.003 -18"><span class='ocrx_word' id='word_1_232' title='bbox 408 3509 697 3592; x_wconf 85' lang='lat' dir='ltr'><strong>judicare</strong></span> <span class='ocrx_word' id='word_1_233' title='bbox 722 3510 979 3592; x_wconf 85' lang='lat' dir='ltr'><strong>juberet</strong></span> <span class='ocrx_word' id='word_1_234' title='bbox 996 3557 1017 3592; x_wconf 92' lang='lat'>,</span> <span class='ocrx_word' id='word_1_235' title='bbox 1054 3525 1122 3574; x_wconf 86' lang='lat' dir='ltr'><strong>et</strong></span> <span class='ocrx_word' id='word_1_236' title='bbox 1162 3526 1305 3574; x_wconf 89' lang='lat' dir='ltr'><strong>tum</strong></span> <span class='ocrx_word' id='word_1_237' title='bbox 1330 3505 1586 3589; x_wconf 82' lang='lat' dir='ltr'><strong>judices</strong></span> <span class='ocrx_word' id='word_1_238' title='bbox 1606 3505 2044 3592; x_wconf 81' lang='lat' dir='ltr'><strong>judiciumve,</strong></span> <span class='ocrx_word' id='word_1_239' title='bbox 2079 3528 2195 3576; x_wconf 84' lang='lat' dir='ltr'><strong>aut</strong></span> <span class='ocrx_word' id='word_1_240' title='bbox 2222 3509 2546 3582; x_wconf 87' lang='lat' dir='ltr'><strong>actionem</strong></span> 
     </span>
     <span class='ocr_line' id='line_1_31' title="bbox 417 3615 1055 3683; baseline 0 -1"><span class='ocrx_word' id='word_1_241' title='bbox 417 3615 668 3683; x_wconf 82' lang='lat' dir='ltr'><strong>dedisse</strong></span> <span class='ocrx_word' id='word_1_242' title='bbox 696 3615 1055 3682; x_wconf 86' lang='lat' dir='ltr'><strong>dicebatur.</strong></span> 
     </span>
    </p>

    <p class='ocr_par' dir='ltr' id='par_1_10' title="bbox 502 3717 2547 3810">
     <span class='ocr_line' id='line_1_32' title="bbox 502 3717 2547 3810; baseline 0.003 -22"><span class='ocrx_word' id='word_1_243' title='bbox 502 3725 813 3788; x_wconf 66' lang='lat' dir='ltr'><strong>Praetores</strong></span> <span class='ocrx_word' id='word_1_244' title='bbox 849 3721 1041 3788; x_wconf 83' lang='lat' dir='ltr'><strong>certis</strong></span> <span class='ocrx_word' id='word_1_245' title='bbox 1089 3717 1456 3810; x_wconf 83' lang='lat' dir='ltr'><strong>insignibus</strong></span> <span class='ocrx_word' id='word_1_246' title='bbox 1509 3721 1756 3803; x_wconf 86' lang='lat' dir='ltr'><strong>ornati,</strong></span> <span class='ocrx_word' id='word_1_247' title='bbox 1799 3736 1979 3786; x_wconf 90' lang='lat' dir='ltr'><strong>certo</strong></span> <span class='ocrx_word' id='word_1_248' title='bbox 2021 3723 2088 3786; x_wconf 89' lang='lat' dir='ltr'><strong>in</strong></span> <span class='ocrx_word' id='word_1_249' title='bbox 2131 3720 2310 3808; x_wconf 81' lang='lat' dir='ltr'><strong>loco,</strong></span> <span class='ocrx_word' id='word_1_250' title='bbox 2345 3731 2547 3795; x_wconf 78' lang='lat' dir='ltr'><strong>certis</strong></span> 
     </span>
    </p>
   </div>
   <div class='ocr_carea' id='block_1_5' title="bbox 417 3823 2548 4025">
    <p class='ocr_par' dir='ltr' id='par_1_11' title="bbox 417 3823 2548 4025">
     <span class='ocr_line' id='line_1_33' title="bbox 417 3823 1676 3914; baseline -0.006 -18"><span class='ocrx_word' id='word_1_251' title='bbox 417 3830 677 3914; x_wconf 88' lang='lat' dir='ltr'><strong>diebus,</strong></span> <span class='ocrx_word' id='word_1_252' title='bbox 701 3845 769 3895; x_wconf 87' lang='lat' dir='ltr'><strong>et</strong></span> <span class='ocrx_word' id='word_1_253' title='bbox 794 3828 981 3895; x_wconf 85' lang='lat' dir='ltr'><strong>certis</strong></span> <span class='ocrx_word' id='word_1_254' title='bbox 1010 3827 1189 3892; x_wconf 88' lang='lat' dir='ltr'><strong>horis</strong></span> <span class='ocrx_word' id='word_1_255' title='bbox 1213 3827 1321 3907; x_wconf 87' lang='lat' dir='ltr'><strong>jus</strong></span> <span class='ocrx_word' id='word_1_256' title='bbox 1353 3823 1676 3890; x_wconf 77' lang='lat' dir='ltr'><strong>dixerunt.</strong></span> 
     </span>
     <span class='ocr_line' id='line_1_34' title="bbox 503 3929 2548 4025; baseline -0.002 -22"><span class='ocrx_word' id='word_1_257' title='bbox 503 3935 765 4003; x_wconf 86' lang='lat' dir='ltr'><strong>Sedenti</strong></span> <span class='ocrx_word' id='word_1_258' title='bbox 799 3933 1061 4025; x_wconf 77' lang='lat' dir='ltr'><strong>praetori</strong></span> <span class='ocrx_word' id='word_1_259' title='bbox 1083 3931 1166 3997; x_wconf 88' lang='lat' dir='ltr'><strong>ad</strong></span> <span class='ocrx_word' id='word_1_260' title='bbox 1183 3930 1701 4012; x_wconf 87' lang='lat' dir='ltr'><strong>jurisdictionem</strong></span> <span class='ocrx_word' id='word_1_261' title='bbox 1725 3929 2066 3996; x_wconf 76' lang='lat' dir='ltr'><strong>adstabant</strong></span> <span class='ocrx_word' id='word_1_262' title='bbox 2091 3933 2347 4001; x_wconf 88' lang='lat' dir='ltr'><strong>lictores</strong></span> <span class='ocrx_word' id='word_1_263' title='bbox 2373 3937 2548 4007; x_wconf 79' lang='lat' dir='ltr'><strong>duo:</strong></span> 
     </span>
    </p>
   </div>
   <div class='ocr_carea' id='block_1_6' title="bbox 488 4143 2142 4215">
    <p class='ocr_par' dir='ltr' id='par_1_12' title="bbox 488 4143 2142 4215">
     <span class='ocr_line' id='line_1_35' title="bbox 488 4143 2142 4215; baseline 0 -19"><span class='ocrx_word' id='word_1_264' title='bbox 488 4145 569 4215; x_wconf 83' lang='lat'><strong>(1)</strong></span> <span class='ocrx_word' id='word_1_265' title='bbox 584 4149 711 4198; x_wconf 75' lang='lat' dir='ltr'><strong>vide</strong></span> <span class='ocrx_word' id='word_1_266' title='bbox 726 4148 791 4198; x_wconf 82' lang='lat' dir='ltr'><strong>ad</strong></span> <span class='ocrx_word' id='word_1_267' title='bbox 816 4149 999 4198; x_wconf 78' lang='lat' dir='ltr'><strong>calcem</strong></span> <span class='ocrx_word' id='word_1_268' title='bbox 1020 4147 1166 4210; x_wconf 70' lang='lat' dir='ltr'><strong>hujus</strong></span> <span class='ocrx_word' id='word_1_269' title='bbox 1189 4145 1372 4196; x_wconf 78' lang='lat' dir='ltr'><strong>volum&#39;.</strong></span> <span class='ocrx_word' id='word_1_270' title='bbox 1390 4145 1595 4196; x_wconf 79' lang='lat' dir='ltr'><strong>Excurs.</strong></span> <span class='ocrx_word' id='word_1_271' title='bbox 1623 4143 1685 4194; x_wconf 82' lang='lat' dir='ltr'><strong>dc</strong></span> <span class='ocrx_word' id='word_1_272' title='bbox 1702 4143 1915 4210; x_wconf 75' lang='lat' dir='ltr'><strong>publicis</strong></span> <span class='ocrx_word' id='word_1_273' title='bbox 1927 4144 2142 4208; x_wconf 77' lang='lat' dir='ltr'><strong>judiciis.</strong></span> 
     </span>
    </p>
   </div>
   <div class='ocr_carea' id='block_1_7' title="bbox 2195 4233 2306 4306">
    <p class='ocr_par' dir='ltr' id='par_1_13' title="bbox 2195 4233 2306 4306">
     <span class='ocr_line' id='line_1_36' title="bbox 2195 4233 2306 4306; baseline 0 -1"><span class='ocrx_word' id='word_1_274' title='bbox 2195 4233 2306 4306; x_wconf 81' lang='lat'><strong>25.</strong></span> 
     </span>
    </p>
   </div>
   <div class='ocr_carea' id='block_1_8' title="bbox 558 4303 587 4336">
    <p class='ocr_par' dir='ltr' id='par_1_14' title="bbox 558 4303 587 4336">
     <span class='ocr_line' id='line_1_37' title="bbox 558 4303 587 4336; baseline 0 0"><span class='ocrx_word' id='word_1_275' title='bbox 558 4303 587 4336; x_wconf 74' lang='grc' dir='ltr'><strong><em>Ι</em></strong></span> 
     </span>
    </p>
   </div>
  </div>
 </body>
</html>
