2984 4684
701 340 826 409 ,ΙΝ
877 341 1310 412 VERREM
1363 343 1583 412 Aer.
1641 343 1756 428 11,
1809 343 2008 412 ΜΒ.
2066 343 2168 410 11.
2368 343 2501 434 [⁸7¹

377 481 634 556 sesque
677 481 1078 555 congruere
1107 461 1364 534 volunt
1395 486 1565 534 cum
1610 460 1783 536 solis
1818 461 2157 559 lunaeque
2196 466 2475 536 ratione
2493 516 2513 550 ‚

379 583 462 640 ut
499 593 1058 667 nonnumquam
1077 623 1102 656 ,
1131 573 1190 642 si
1229 570 1412 668 quid
1453 571 1815 669 discrepet
1834 625 1855 658 ,
1890 572 2250 648 eximant⁴
2284 595 2521 644 unum

376 677 698 776 aliquem
750 677 982 766 diem,
1047 695 1174 754 aut
1227 705 1599 754 summum
1620 735 1641 766 ‚
1691 679 2003 756 biduum
2066 707 2159 757 ex
2224 705 2514 768 mense3

380 809 568 881 quos
607 784 712 856 illi
755 782 1168 886 ἐξαιρεσίμους
1211 786 1368 860 dies
1421 791 1809 862 nominant
1845 814 1861 856 ε
1919 788 2093 858 item
2146 812 2523 860 nonnum-

377 920 602 991 quam
633 921 782 968 uno
811 896 928 968 die
965 896 1374 995 longiorem
1411 923 1739 972 mensem
1774 895 2085 984 faciunt,
2118 911 2245 968 aut
2267 895 2521 969 biduo.

379 1008 560 1096 Quae
614 1009 750 1079 iste
800 1033 1033 1105 quum
1084 1011 1583 1107 cognovisset,
1629 1031 1863 1080 novus
1905 1006 2345 1104 astrologus»,
2392 1009 2525 1105 qui

380 1113 576 1186 uon⁵
613 1130 760 1188 tam
792 1118 944 1190 caeli
981 1121 1368 1208 rationem,
1388 1145 1611 1219 quam
1636 1119 1863 1194 caelati
1892 1120 2169 1216 argenti
2197 1117 2552 1208 ducerets

379 1231 597 1304 eximi
627 1230 842 1326 jubet
876 1259 1032 1306 non
1074 1233 1267 1308 diem
1307 1261 1396 1308 ex
1437 1260 1725 1323 mense,
1766 1232 1895 1306 sed
1928 1258 2017 1304 ex
2052 1257 2249 1304 anno
2285 1257 2523 1304 unum

376 1339 982 1441 dimidiatumque
1028 1369 1390 1434 mensem3
1439 1345 1585 1420 hoc
1638 1342 1897 1431 mod0,
1954 1356 2075 1428 ut,
2143 1365 2297 1439 quo
2362 1339 2479 1414 die
2502 1395 2522 1429 ‚

377 1451 582 1526 verbi
625 1477 873 1541 causa,
899 1462 1056 1528 esse
1093 1471 1468 1554 oporteret
1494 1455 1659 1534 idus
1683 1455 2084 1551 januarias,
2118 1477 2209 1524 eo
2241 1451 2361 1524 die
2392 1452 2517 1524 ka-

377 1559 628 1634 lendas
655 1564 948 1638 martias
975 1563 1531 1664 proscriberet⁶.
1572 1572 1827 1663 Itaque
1868 1562 1987 1652 fit,
2022 1561 2367 1636 omnibus
2404 1587 2521 1634 re·-

376 1672 804 1752 cusantibus
861 1690 936 1748 et
999 1675 1456 1774 plorantibus
1477 1689 1528 1748 ⁷.
1591 1678 1763 1750 Dies
1819 1679 1881 1748 is
1942 1689 2097 1750 erat
2160 1673 2523 1771 legitimus

376 1785 690 1856 comitiis
723 1784 1099 1860 habendis.
1149 1793 1254 1864 Eo
1291 1787 1519 1863 modo
1559 1787 1895 1864 sacerdos
1934 1785 2367 1858 Climachias
2406 1809 2521 1856 re-

377 1898 755 1970 nuntiatus
785 1913 912 1972 est.
953 1899 1368 1976 Herodotus
1399 1927 1635 1999 quum
1670 1906 1901 1974 Roma
1930 1896 2339 1984 revertitur,
2369 1894 2521 1968 die·

377 2003 518 2078 bus
533 2001 590 2094 ⁸,
623 2022 708 2080 ut
743 2012 900 2108 ipse
933 2010 1270 2110 putabat,
1297 2012 1721 2111 quindecim
1742 2026 1911 2084 ante
1935 2009 2259 2096 comitia,
2288 2005 2521 2078 offen-

378 2114 485 2188 dit
533 2142 704 2190 eum
751 2144 1112 2206 mensem,
1147 2124 1274 2222 qui
1318 2123 1791 2220 consequitur
1836 2143 2161 2198 mensem
2202 2119 2528 2192 comitia·-

379 2225 559 2313 lem,
596 2230 906 2303 comitiis
933 2232 1084 2327 jam
1116 2232 1384 2306 abhinc
1411 2234 1703 2330 triginta
1734 2229 1992 2306 diebus
2020 2226 2303 2298 habitis.
2319 2230 2527 2297 Tunc

379 2337 955 2435 Cephaloeditani
1011 2341 1488 2416 decreverunt
1555 2337 2091 2414 intercalarium
2160 2359 2299 2404 va
2375 2331 2529 2402 dies

380 2446 682 2544 longum
705 2503 726 2538 ‚
767 2465 849 2524 ut
885 2450 1145 2548 reliqui
1183 2475 1468 2524 menses
1510 2452 1591 2522 in
1634 2473 1839 2524 suam
1892 2447 2247 2520 rationem
2290 2457 2527 2514 rever-

381 2570 729 2631 terentur.
767 2563 924 2632 Hoc
963 2563 1024 2632 si
1060 2565 1308 2648 Rom&
1326 2573 1358 2620 9
1391 2559 1547 2634 fieri
1584 2571 1831 2657 posset
1847 2613 1869 2643 ‚
1907 2567 2101 2629 certe
2137 2554 2381 2651 aliqua
2418 2575 2528 2622 ra·

451 2793 499 2842 4.
522 2783 778 2834 Eximat.
803 2786 970 2836 Greci
1001 2796 1098 2834 tres
1129 2787 1186 2866 in
1209 2797 1400 2852 perses,

1489 2798 1636 2847 qmm
1662 2779 1931 2846 colligendi
1957 2776 2147 2842 argenti
2175 2775 2415 2822 rationem
2441 2773 2526 2822 hs-

379 2879 466 2911 sen
496 2855 746 2922 δεκάδας,
789 2881 1000 2913 mensem
1039 2875 1200 2913 totum
1234 2881 1402 2923 mum,
1487 2863 1643 2912 beret.
1660 2861 1847 2910 Festive
1862 2857 1994 2907 ludit
2013 2867 2179 2905 orator
2200 2854 2254 2903 in
2272 2852 2521 2918 ambiguo.

380 2943 468 3006 qui
491 2941 674 2992 lunaris
701 2954 832 3006 erat,
849 2943 1168 3004 dividebam3
1196 2960 1400 3010 quarum

379 3021 536 3086 prims
570 3033 620 3071 et
649 3023 862 3072 secunda
903 3023 1072 3074 decem
1099 3023 1272 3078 diebus
1302 3024 1402 3072 sin-

381 3100 507 3164 gnlae
549 3102 868 3162 constabant3
915 3103 1057 3152 tertia
1090 3092 1252 3154 alitem
1265 3137 1280 3160 ‚
1322 3102 1402 3150 die

382 3195 482 3230 uno
503 3192 590 3230 snt
611 3182 678 3231 ad
702 3199 944 3232 summum
966 3183 1124 3232 altero
1149 3199 1282 3234 nnnc
1299 3183 1405 3231 lon·

380 3260 506 3322 gior,
533 3277 666 3310 nune
699 3263 897 3312 brevior
923 3275 1026 3314 erat
1042 3298 1060 3323 ,
1109 3274 1260 3330 prout
1287 3263 1404 3312 luna

379 3339 535 3388 serius
571 3351 658 3388 sut
695 3341 899 3392 celerius
931 3356 1202 3408 appareret.
1238 3345 1407 3394 Exem-

381 3429 499 3482 ptos
521 3429 682 3467 sutem
703 3419 807 3468 dies
833 3416 1179 3489 δξαιρισίμους,
1201 3424 1404 3472 interca-

378 3497 506 3548 lstos
533 3492 812 3566 ὶμὸολίμους
839 3501 1096 3550 vocabant.
1115 3505 1292 3551 Verres
1315 3519 1405 3552 nu-

382 3589 481 3628 tem
503 3577 704 3628 immani
721 3577 920 3628 licentia
941 3595 1036 3630 xm
1065 3580 1170 3630 dies
1194 3583 1375 3633 exemit
1389 3616 1406 3638 ‚

378 3656 768 3724 significavitque
799 3675 846 3710 v.
879 3673 932 3722 g.
965 3675 1026 3708 eo
1060 3660 1142 3709 die
1171 3661 1275 3712 fore
1305 3662 1406 3710 kal.

379 3749 518 3788 mart.
537 3755 638 3805 quo
662 3738 743 3787 die
768 3754 872 3786 esse
899 3749 1154 3804 oporteret
1179 3741 1290 3790 idus
1301 3742 1404 3804 jan.

381 3819 456 3866 De
469 3817 548 3868 his
565 3818 668 3867 vid.
683 3818 787 3869 Jnl.
801 3819 1088 3880 Pontedera,
1101 3821 1274 3886 Antiq.
1296 3823 1404 3870 Lst.

381 3907 430 3944 et
454 3897 617 3949 Grac.
636 3910 852 3958 enarrat,
873 3915 926 3965 p.
951 3901 1072 3948 322.
1093 3902 1200 3950 Jos.
1231 3901 1406 3966 scalig.

381 3977 542 4026 Peuv.
563 3991 660 4028 etz.
688 3991 738 4028 et
763 3978 919 4028 lodic.

457 4057 504 4104 5.
547 4059 644 4121 Qui
679 4074 794 4106 non.
840 4060 940 4122 Qui
987 4059 1146 4109 minus
1193 4060 1410 4110 siderum

1564 2943 1612 2990 6.
1649 2939 1779 2992 Cod.
1805 2939 1973 2989 Nann.
2009 2958 2031 2980 ι
2052 2934 2357 3002 proscribere
2377 2931 2521 2994 jube-

1489 3033 1565 3070 ret
1579 3044 1620 3070 »-
1638 3023 1687 3071 J.
1705 3023 1772 3070 V.
1795 3020 1847 3066 L.

1566 3121 1617 3164 7.
1648 3104 1782 3150 Vett.
1842 3097 1956 3148 edd.
2023 3119 2048 3139 α
2074 3091 2447 3160 implorantibus
2477 3111 2521 3139 ι.

1493 3181 1641 3232 Unde
1666 3179 1890 3230 Nunnius
1917 3175 2147 3238 conjicit,
2175 3197 2200 3217 α
2220 3173 2341 3223 deos
2366 3171 2525 3219 homi-

1493 3277 1677 3328 nesque
1708 3255 2089 3324 implorantibus
2102 3277 2145 3304 n.
2180 3254 2343 3304 Nimia
2358 3287 2373 3312 ,
2412 3251 2525 3316 opi·

1496 3359 1606 3400 nor,
1629 3339 1851 3390 audacis.
1884 3337 2009 3387 J.v.
2038 3338 2094 3384 L.

1567 3423 1617 3470 8.
1643 3419 1841 3468 Diebus.
1862 3415 2149 3467 Herodotus
2174 3413 2385 3462 redierat
2410 3429 2455 3461 v.
2473 3429 2525 3476 g.

1493 3502 1575 3552 die
1610 3516 1699 3548 xxv
1741 3499 1864 3548 febr.
1901 3495 2187 3564 quindecim
2212 3491 2385 3541 diebus
2412 3502 2525 3542 ante

1491 3579 1589 3629 kal.
1622 3589 1765 3628 mart.
1811 3579 1978 3642 Quum
2016 3586 2183 3624 autem
2212 3575 2388 3620 Verres
2422 3589 2523 3620 xnv

1496 3659 1601 3708 dies
1652 3659 1940 3718 exemisset,
1988 3672 2073 3706 xxv
2120 3651 2242 3702 febr.
2278 3653 2381 3714 jam
2424 3664 2527 3702 erat

1496 3737 1910 3802 Cephsloeditauis
1936 3751 2065 3786 xxxx
2094 3732 2287 3792 Martii,
2308 3744 2358 3781 et
2375 3735 2527 3782 comi-
2629 3736 2635 3742 “

1496 3818 1561 3868 tin
1582 3818 1765 3866 abhinc
1779 3817 1977 3881 triginta
1996 3813 2169 3864 diebus
2184 3823 2322 3862 ersnt
2338 3813 2522 3863 habits.

1569 3901 1731 3964 9.Hoc
1741 3898 1787 3948 si
1794 3894 2270 3964 Romaefien‘pouee,
2278 3904 2419 3950 ceree,
2433 3905 2529 3943 etc.

1498 3978 1689 4027 Deinde
1714 3989 1873 4028 tamen
1894 3977 1991 4026 hoc
2012 3978 2207 4032 Romae,
2232 3975 2320 4024 sed
2344 3974 2435 4022 alia
2466 3973 2527 4022 de

1500 4074 1645 4108 causa
1662 4093 1677 4120 ,
1714 4059 1895 4108 factum
1924 4069 2015 4106 est.
2044 4059 2207 4124 Quum
2237 4053 2529 4120 negligentia
