2984 4684
481 320 619 407 342
1108 326 1206 393 Μ.
1256 325 1335 392 Τ.
1387 324 1974 395 CICERONIS

474 444 860 517 hominum
894 444 1325 516 existimatio
1360 468 1514 517 nou
1553 442 1934 533 movebat;
1966 466 2061 515 ne
2095 442 2278 515 illud
2317 444 2622 545 quidem

474 552 871 653 cogitabas,
906 553 1123 650 hujus
1148 552 1670 653 improbissimi
1701 552 1878 625 furti
1893 609 1916 643 ‚
1943 554 2096 626 sive
2121 553 2306 625 adeo
2331 552 2624 627 nefariae

472 665 762 765 praedae‚
789 681 939 738 tam
962 665 1317 738 illustrem
1334 690 1419 738 ac
1444 680 1596 736 tam
1619 663 1946 737 nobilem
1965 664 2328 737 civitatem
2358 678 2620 737 testem

474 774 835 849 futuram?
868 780 1017 865 An,
1052 778 1227 875 quia
1260 792 1420 849 tum
1448 780 1584 849 Cu.
1619 774 2002 849 Dolabella
2035 776 2112 847 in
2145 800 2356 860 eum,
2395 778 2524 873 qui
2553 778 2622 846 ei

476 888 907 987 myoparoni
940 885 1358 986 praefuerat,
1384 887 1826 985 Milesiisque
1857 909 2014 957 rem
2041 900 2317 983 gestam
2345 909 2622 957 renun-

476 1000 719 1087 tiarat,
746 998 1317 1073 animadvertere
1359 1014 1492 1071 tuo
1523 1012 1790 1096 rogatu
1829 1010 2138 1069 conatus
2181 1010 2325 1086 est,
2349 1018 2626 1067 renun-

472 1110 997 1206 tiationemque
1034 1108 1222 1205 ejus,
1264 1134 1429 1208 quae
1467 1123 1624 1181 erat
1651 1109 1728 1179 in
1773 1104 2102 1206 publicas
2131 1106 2374 1179 literas
2397 1105 2626 1191 relata

474 1218 767 1292 illorum
810 1220 1093 1319 legibus
1112 1274 1133 1309 ‚
1190 1218 1345 1294 tolli
1374 1221 1684 1317 jusserat
1713 1246 1732 1291 z
1771 1217 2042 1291 idcirco
2075 1232 2148 1291 te
2179 1243 2272 1290 ex
2309 1216 2454 1289 hoe
2485 1220 2625 1289 cri·

474 1334 675 1402 mine
708 1330 1125 1429 elapsurum
1156 1356 1313 1405 esse
1348 1326 1883 1404 arbitrabaress?
2637 1414 2650 1421 ,

570 1446 859 1515 XXXV.
912 1442 1231 1517 Multum
1276 1458 1351 1515 te
1390 1444 1531 1515 ista
1573 1442 1830 1515 fefellit
1871 1442 2127 1541 opinio
2146 1495 2167 1531 ‚
2213 1456 2290 1512 et
2322 1439 2628 1539 quidem

474 1553 722 1626 multis
754 1556 835 1625 in
870 1550 1069 1625 locis,
1114 1557 1418 1653 Semper
1452 1558 1650 1627 enim
1687 1554 2114 1627 existimasti
2132 1608 2152 1642 ‚
2203 1567 2279 1625 et
2314 1555 2630 1623 maxime

480 1670 556 1736 in
592 1662 869 1751 Sicilia,
923 1667 1092 1737 satis
1124 1680 1421 1737 cautum
1456 1665 1594 1738 tibi
1637 1665 1732 1738 ad
1767 1662 2269 1738 defensionem
2305 1662 2530 1751 fore¹,
2567 1667 2626 1735 si

478 1789 608 1847 aut
658 1771 913 1846 referri
954 1774 1229 1873 aliquid
1267 1778 1347 1848 in
1386 1776 1633 1850 literas
1675 1776 2008 1875 publicas
2038 1778 2428 1865 vetuisses,
2465 1791 2589 1847 aut
2608 1830 2630 1861 ‚

479 1884 687 1995 quod
734 1885 1043 1958 relatum
1084 1901 1307 1977 esset,
1363 1888 1520 1959 tolli
1567 1892 1945 1987 coegisses.
1991 1894 2150 1960 Hoc
2189 1912 2412 1985 quam
2448 1884 2630 1957 nihil

480 1996 610 2081 sit,
639 1998 923 2069 tametsi
952 2020 1043 2067 ex
1068 1997 1323 2069 multis
1346 1999 1604 2071 siciliae
1635 1998 2050 2071 civitatibus
2075 2000 2318 2098 priore
2347 1997 2634 2069 actione

430 2138 437 2147 ·
482 2104 823 2191 didicisti,
872 2120 1117 2178 tamen
1163 2109 1381 2180 etiam
1422 2110 1502 2179 in
1542 2108 1682 2181 hac
1719 2112 1877 2208 ipsa
1915 2111 2206 2180 civitate
2247 2130 2627 2205 cognosce.

482 2220 711 2287 Sunt²
738 2215 840 2286 illi
862 2217 1165 2314 quidem
1193 2216 1392 2292 dicto
1410 2218 1821 2308 audientes,
1846 2216 2202 2318 quamdiu
2223 2216 2490 2289 adsunt
2511 2211 2636 2299 55³,

482 2328 615 2424 qui
640 2326 1003 2423 imperant
1028 2356 1046 2399 ι
1074 2330 1402 2403 simulac
1430 2330 1952 2419 discesserunt,
1987 2355 2140 2401 non
2177 2329 2414 2401 solum
2451 2324 2634 2398 illud

482 2435 981 2535 perscribunt,
1012 2439 1218 2538 quod
1240 2456 1403 2545 ‘tum
1426 2442 1784 2541 prohibiti
1811 2455 1982 2515 sunt
2001 2496 2022 2530 ‚
2061 2440 2188 2513 sed
2219 2442 2436 2513 etiam
2461 2462 2632 2511 cau-

412 2586 421 2599 .
484 2570 637 2618 sam
676 2545 1132 2640 adscribunt,
1188 2577 1321 2624 cur
1362 2579 1520 2624 non
1560 2568 1720 2623 tum
1759 2556 1834 2623 in
1878 2552 2124 2625 literas
2169 2551 2482 2623 relatum
2515 2552 2629 2620 sit.

482 2660 784 2731 Manent
820 2660 970 2733 istae
1002 2662 1227 2735 literae
1254 2664 1530 2752 Mileti,
1585 2676 1925 2751 manent,
1971 2679 2086 2752 et,
2129 2663 2308 2734 dum
2345 2664 2484 2734 erit
2515 2658 2636 2731 illa

482 2768 728 2841 civitas
747 2823 769 2857 ‚
812 2770 1237 2844 manebunt.
1286 2777 1563 2846 Decem
1603 2775 1800 2844 enim
1841 2798 2060 2846 naves
2097 2774 2308 2869 jussu
2345 2775 2425 2843 L.
2469 2775 2634 2844 Mu-

483 2902 677 2949 renae
700 2882 733 2930 4
769 2880 1091 2977 populus
1122 2884 1445 2955 Milesius
1488 2909 1576 2955 ex
1621 2888 1938 2982 pecunia
1967 2884 2301 2981 vectigali
2321 2880 2352 2925 ⁵
2383 2880 2634 2981 populi

483 2991 769 3059 romani
806 2985 1073 3062 fecerat
1096 3044 1117 3078 ‚
1154 2992 1343 3063 sicut
1369 3017 1506 3090 pro
1543 3016 1674 3065 sua
1711 3017 2021 3090 quaeque
2064 3006 2269 3091 parte
2309 2995 2492 3063 Asiae
2527 3014 2638 3061 ce-

484 3110 659 3167 terae
685 3100 1028 3171 civitates.
1060 3100 1561 3191 Quamobrem
1597 3128 1822 3175 unam
1841 3130 1931 3175 ex
1954 3101 2206 3174 decem
2226 3159 2246 3192 ‚
2273 3127 2428 3174 non
2452 3125 2636 3201 prae·

486 3204 767 3278 donum
799 3212 1191 3309 repentino
1228 3210 1584 3303 adventu,
1609 3212 1738 3287 sed
1773 3213 1988 3313 legati
2021 3212 2452 3301 latrocini03
2485 3236 2636 3283 non
2673 3305 2682 3313 ο

554 3414 608 3463 6.
634 3411 762 3472 Alii,
791 3413 1109 3465 arbitrabere.
1138 3418 1239 3467 Sed
1273 3420 1339 3471 cf.
1367 3417 1518 3469 finem
1681 3428 1733 3476 4.
1755 3424 1814 3469 L.
1835 3422 2070 3471 Murenoe.
2092 3423 2248 3471 Patris
2267 3423 2400 3484 ejus,
2425 3437 2520 3488 pro
2537 3438 2639 3486 quo

484 3507 594 3557 cap.
622 3492 709 3555 39.
733 3491 859 3544 J.v.
878 3496 934 3542 L.
1607 3510 1770 3551 exstat
1813 3501 2070 3551 Ciceronis
2111 3504 2288 3552 oratio.
2331 3504 2454 3552 Post
2491 3502 2640 3551 Suna-

556 3572 781 3622 XXXV.
822 3588 867 3621 κ.
906 3574 997 3621 Ad
1026 3573 1356 3639 defensionem
1379 3576 1519 3642 fine,
1607 3579 1902 3642 discentum
1925 3582 2066 3642 cujus
2089 3583 2278 3647 legatus
2305 3584 2358 3630 in
2379 3583 2493 3631 Ani·
2518 3582 2640 3639 fuit,

484 3652 647 3697 Voces
680 3652 769 3699 han
802 3653 1013 3717 glossam
1056 3670 1235 3719 capere—
1260 3656 1520 3707 contendit
1607 3670 1786 3723 sponte
1833 3676 1922 3709 sua
1963 3662 2150 3710 bellum
2193 3663 2484 3713 instauravit
2525 3680 2639 3713 cum

488 3728 713 3779 hmbin·
1606 3739 1924 3801 Mithridate,
1947 3753 2000 3792 et
2025 3742 2158 3791 Asin
2183 3742 2391 3791 urbibus
2417 3744 2470 3791 in
2490 3740 2638 3790 fidem

560 3822 609 3855 a.
628 3810 727 3859 1111:
750 3812 1095 3865 Provincialeo.
1607 3818 1785 3885 populi
1811 3823 2002 3870 romani
2027 3824 2236 3887 receptis
2252 3858 2267 3883 ‚
2303 3822 2367 3872 de
2387 3839 2449 3873 eo
2467 3856 2485 3885 ,
2509 3838 2640 3871 anno

564 3890 612 3937 3.
640 3887 705 3937 Εἰ
746 3888 1006 3955 legendum
1042 3895 1175 3955 conj.
1202 3895 1432 3946 (ἶφι-ειη.
1455 3896 1521 3947 ad
1607 3900 1732 3961 678,
1751 3900 2091 3965 triumphavit.

486 3965 775 4017 (Beer-onem
820 3970 911 4021 lib.
958 3972 1019 4023 de
1058 3972 1288 4035 Finibus,
1316 3978 1391 4037 11,
1430 3978 1515 4035 34.
1677 3979 1730 4027 5.
1775 3980 2034 4045 Veceu'gala’.
2081 3983 2240 4044 Quam
2283 3981 2472 4047 populo
2517 3996 2636 4029 rom.

483 4046 533 4095 J.
554 4047 618 4094 V.
648 4046 700 4095 1..
1609 4056 1818 4107 debebat
1861 4076 1926 4108 ex
1971 4059 2168 4110 soedere.
2207 4088 2276 4099 -—
2311 4061 2458 4110 Multi
2492 4059 2640 4109 codd.
