2984 4684
598 359 735 433 500
1241 359 1338 427 M.
1388 347 1467 426 Τ.
1521 337 2069 428 CICERONIS

592 501 931 583 purpurat
950 536 969 571 ,
1021 479 1405 579 plurimam
1452 493 1720 552 vestem
1771 479 2222 551 Melitensem
2247 533 2268 566 ‚
2333 479 2722 580 plurimam

587 593 971 690 stragulam
992 646 1011 679 ‚
1046 589 1347 660 multam
1380 589 1743 660 Deliacam
1765 586 1795 632 ³
1825 589 2368 688 supellectilem,
2406 592 2722 689 plurima

585 729 754 774 vasa
798 700 1207 790 Corinthia,
1274 723 1618 796 magnum
1677 723 2063 771 numerum
2124 698 2502 791 frumenti,
2571 707 2722 774 vim

586 814 815 886 mellis
841 813 1222 884 maximam
1238 863 1257 892 ‚
1281 811 1646 906 Syracusis
1673 825 2125 908 exportasse3
2154 809 2266 881 his
2299 833 2434 908 pro
2467 811 2718 900 rebuS,

587 924 790 1021 quod
834 923 1241 1021 portorium
1296 944 1449 990 non
1491 933 1678 990 esset
1727 917 2015 1009 datum,
2075 919 2317 992 literas
2355 921 2446 992 ad
2481 922 2719 993 socios

584 1037 860 1106 misisse
888 1038 969 1104 L.
994 1031 1421 1104 Canuleium
1438 1083 1457 1116 ,
1482 1031 1610 1126 qui
1647 1031 1724 1099 in
1751 1041 1971 1126 portu
2005 1051 2262 1127 operas
2293 1029 2519 1101 daret.

676 1145 952 1216 Satisne
994 1164 1337 1238 magnum
1363 1139 1508 1210 hoc
1535 1141 1813 1210 crimen
1839 1137 2170 1210 videtur?
2203 1139 2522 1229 nullum,
2552 1145 2716 1240 opi·
2775 1217 2780 1220 ,

580 1273 741 1342 nor,
778 1253 1027 1348 majus.
1066 1249 1262 1342 Quid
1294 1248 1636 1321 defendet
1665 1249 2133 1322 Hortensius?
2167 1249 2598 1348 postulabit,
2635 1267 2717 1323 ut

580 1367 821 1438 literas
846 1361 1171 1435 Canuleii
1208 1359 1611 1459 proferam?
1647 1361 1924 1432 crimen
1964 1359 2409 1456 hujusmodi,
2451 1363 2594 1433 nisi
2629 1363 2716 1434 li·

578 1478 751 1548 teris
802 1471 1297 1566 confirmetur,
1334 1473 1554 1542 inane
1591 1495 1746 1542 esse
1791 1471 2026 1543 dicet?
2059 1468 2438 1560 Clamab0,
2475 1470 2717 1545 literas

580 1599 893 1657 remotas
930 1607 1083 1655 esse
1114 1580 1206 1653 de
1244 1581 1485 1652 medio
1504 1607 1525 1669 ;
1545 1580 1840 1652 decreto
1871 1584 2238 1651 sociorum
2269 1594 2514 1678 erepta
2533 1581 2719 1653 mihi

580 1719 731 1766 esse
767 1697 969 1766 istius
1018 1687 1405 1764 indicia·'ac
1448 1705 1924 1763 monumenta
1957 1690 2344 1762 furtorum.
2390 1697 2538 1763 Aut
2573 1691 2720 1765 hoc

579 1803 971 1876 contendat
1006 1826 1406 1899 numquam
1445 1825 1599 1874 esse
1638 1800 1910 1874 factum
1929 1855 1949 1889 ‚
1985 1816 2111 1873 aut
2137 1803 2382 1872 omnia
2417 1802 2559 1873 tela
2595 1829 2718 1876 ex·-

570 1917 794 2012 cipiat
829 1937 1122 1985 necesse
1152 1927 1278 1984 est.
1318 1915 1550 2010 Negas
1579 1935 1732 1983 esse
1769 1909 2036 1984 factum
2055 1911 2086 1981 Ρ
2108 1911 2347 2009 placet
2369 1911 2553 1983 mihi
2577 1915 2716 1985 ista

579 2022 906 2094 defensio
960 2049 975 2092 :
1027 2022 1490 2094 descendo4:
1536 2047 1742 2120 aequa
1783 2025 1979 2094 enim
2021 2021 2378 2111 conditiO‚
2417 2047 2712 2121 aequum

568 2145 936 2204 certamen
978 2136 1434 2231 proponitur.
1478 2133 1882 2204 Producam
1917 2147 2170 2222 testeS‚
2199 2149 2274 2204 et
2307 2134 2710 2232 producam

571 2243 813 2342 plures
851 2242 1109 2314 eodem
1143 2257 1467 2341 tempore
1501 2269 1518 2312 ε
1548 2244 1894 2341 quoniam
1917 2239 1946 2286 ⁵
1979 2257 2170 2330 tum,
2207 2267 2437 2340 quum
2461 2257 2710 2315 actum

572 2367 709 2440 est,
752 2377 897 2424 una
940 2351 1275 2440 fluerunt,
1314 2374 1514 2424 nunc
1551 2375 1851 2450 quoque
1903 2377 2050 2423 una
2076 2356 2278 2442 sint,
2322 2378 2556 2451 quum
2595 2355 2705 2426 in-

566 2462 1166 2561 terrogabuntur3
1204 2451 1621 2561 obligentur
1655 2485 1808 2532 non
1835 2463 2074 2534 solum
2100 2463 2576 2557 jurisjurandi
2605 2481 2708 2538 at·

566 2599 712 2673 que
736 2575 1280 2646 existimationis
1302 2572 1653 2670 periculo,
1687 2569 1814 2641 sed
1833 2575 2050 2643 etiam
2074 2571 2496 2644 communi⁶
2512 2576 2708 2647 inter

562 2711 641 2756 se
672 2685 1133 2757 conscientia.
1162 2687 1233 2754 Si
1264 2684 1564 2781 planum
1595 2679 1713 2769 fit,
1745 2681 1890 2752 hoc
1919 2683 2050 2767 ita,
2077 2681 2700 2778 quemadmodum

564 2795 755 2881 dico,
782 2817 931 2866 esse
963 2791 1268 2880 factumi
1302 2815 1483 2864 num
1513 2793 1786 2892 poteris
1815 2790 2080 2879 dicere,
2108 2796 2486 2881 Hortensi,
2519 2793 2704 2864 nihil

564 2909 639 2974 in
668 2905 819 2974 istis
846 2902 1066 2975 fuisse
1094 2903 1319 2974 literis
1341 2958 1360 2991 ,
1390 2901 1595 3000 quod
1613 2905 1912 2974 Verrem
1938 2901 2272 2972 laederet?
2297 2927 2446 2974 non
2479 2905 2702 2976 modo

564 3013 631 3084 id
672 3039 822 3084 non
860 3009 1088 3100 diceS,
1130 3013 1257 3084 sed
1296 3037 1388 3083 ne
1422 3009 1604 3083 illud
1641 3009 1935 3109 quidem
1977 3009 2105 3082 tibi
2144 3011 2385 3083 dicere
2417 3011 2702 3094 licebit,

560 3139 839 3196 tantum
866 3179 883 3212 ‚
928 3139 1285 3222 quantum
1324 3147 1457 3222 ego
1502 3122 1769 3209 dicam,
1809 3145 1961 3192 non
2019 3119 2254 3194 fuisse.
2317 3127 2508 3218 Ergo
2555 3122 2701 3195 hoc

627 3302 676 3350 3.
722 3299 995 3348 DeIe'acam.
1038 3299 1259 3361 Menses,
1284 3299 1494 3348 lectulos
1521 3313 1582 3347 ex
1669 3297 1791 3355 siut,
1837 3297 1974 3361 quod
2015 3311 2079 3344 ex
2125 3295 2238 3346 cod.
2276 3297 2468 3348 Metell.
2509 3303 2698 3366 recepit

554 3397 648 3430 aere
687 3379 888 3429 Deliaco
926 3377 1185 3426 maximam
1201 3411 1217 3436 ‚
1260 3389 1373 3441 post
1408 3379 1581 3427 Corin·
1671 3377 1856 3425 Εηιαῑ.
1873 3375 2027 3439 vulgo
2053 3385 2127 3424 est
2153 3391 2257 3424 m
2275 3387 2406 3424 sane.

553 3461 685 3520 thia,
718 3459 893 3507 samam
909 3455 1138 3504 habuisse
1155 3467 1348 3505 constat
1366 3473 1427 3504 ex
1448 3455 1578 3506 Plin.
1655 3444 1662 3458 ⁶
1739 3457 1792 3503 6.
1815 3455 2084 3504 Communi.
2115 3456 2246 3520 Qun
2265 3456 2398 3504 inter
2421 3473 2475 3505 ce
2509 3471 2694 3506 norum

554 3538 644 3588 lib.
669 3535 917 3595 xxm,
949 3551 1057 3600 cap.
1086 3545 1133 3594 4.
1156 3535 1234 3586 Cf.
1260 3537 1401 3584 etim
1428 3537 1576 3585 Rosc.
1669 3533 1720 3582 id
1747 3533 1888 3597 quod
1910 3541 2076 3582 netum
2113 3546 2218 3592 αις
2257 3545 2308 3583 et
2347 3551 2496 3584 nemo
2519 3553 2586 3586 ex
2612 3539 2696 3593 iis,

556 3623 667 3669 Am.
693 3635 803 3684 cap.
830 3615 917 3671 46.
1663 3623 1900 3679 prasente
1914 3613 2088 3672 altero,
2103 3615 2194 3677 qui
2217 3631 2320 3663 rom
2347 3616 2603 3680 &qualite
2627 3631 2696 3668 oe-

624 3707 671 3756 4.
694 3695 962 3744 Descende.
980 3693 1235 3744 subintell.
1252 3697 1305 3743 in
1329 3710 1574 3762 eampum,
1662 3703 1777 3750 net,
1813 3692 2006 3741 mentiri
2027 3691 2230 3742 audebit
2258 3703 2346 3742 aut
2377 3695 2695 3746 divinatam.

548 3777 601 3824 in
625 3786 883 3824 certamen.
1663 3769 1805 3820 Alter
1849 3771 2000 3836 igitur
2037 3769 2240 3820 nlten'm
2283 3774 2586 3824 uonneieutin
2625 3777 2692 3827 ita

622 3851 670 3902 ⁵.
707 3855 969 3918 Quoniam.
1018 3854 1184 3902 Plura
1224 3851 1369 3902 slmul
1406 3855 1572 3902 citabo
1663 3849 1927 3913 impeditus
1949 3849 2069 3908 erit,
2095 3862 2154 3900 nt
2173 3850 2236 3898 ab
2269 3853 2408 3902 omni
2427 3858 2696 3904 tum-inn-

546 3945 711 3994 ηοω,
730 3942 810 3990 ut,
831 3931 946 3995 quia
974 3947 1068 3979 una
1096 3933 1292 3980 fumat
1316 3945 1467 3996 qutun
1494 3949 1570 3981 re·
1653 3929 1853 3990 latione,
1881 3939 1986 3977 trun
2003 3927 2394 3980 dissimulatione
2411 3942 2686 3990 revocetur.

546 4021 691 4058 mota
726 4019 839 4058 tunt
871 4007 1048 4068 litem,
1088 4027 1219 4058 nunc
1244 4027 1441 4076 quoque
1468 4027 1567 4060 una
1655 4023 1718 4054 ne
1745 4007 1853 4058 scil.
1875 4007 2118 4056 mendacii
2143 4008 2208 4056 ab
2233 4009 2346 4075 aliis
2373 4012 2594 4073 dudan
2621 4013 2688 4061 rei

541 4082 639 4128 sint
665 4091 715 4128 et
742 4078 1054 4142 obligentur,
1083 4091 1176 4128 etc.
1206 4107 1275 4118 —-
1304 4083 1437 4130 Loco
1465 4080 1570 4130 ιιηὲι
1657 4085 1868 4135 consolis
1897 4098 2202 4151 coarguatur.
