2984 4684
1033 444 1172 511 DE
1219 444 1861 515 PROVINCIIS.
2374 472 2519 542 2²9

383 576 468 641 dc
518 573 1042 663 prorogatione...
1077 572 1328 656 Tertio,
1370 574 1639 664 epistola
1680 597 1761 661 9,
1792 573 1904 639 lib.
1939 576 1970 640 Ι
1994 623 2015 657 ,
2059 575 2196 640 haec
2240 576 2519 660 habetur

382 676 859 747 controversia:
897 677 1126 760 Quum
1158 678 1408 767 Appius
1453 677 1861 743 minitaretur
1874 727 1895 761 ,
1940 702 2011 743 se
2062 702 2511 747 successurum

381 784 659 851 lentulo
689 784 760 849 in
801 783 1135 873 provincia
1162 784 1388 849 Cilicia·
1427 783 1572 851 sine
1610 784 1753 874 lege
1791 785 2035 853 curiata
2076 785 2160 853 de
2198 787 2513 876 imperio,

380 891 561 961 venit
603 890 674 957 iu
725 890 1040 973 dubium,
1075 907 1382 981 possetne
1413 892 1729 961 Lentulus
1761 892 2043 957 retinere
2073 895 2474 980 provinciam
2496 944 2515 979 ,

381 1012 446 1063 et
469 998 550 1063 ab
570 998 709 1078 ejus
739 996 1037 1086 ingressu
1063 996 1412 1085 prohibere
1435 998 1727 1089 Appium
1758 999 1901 1063 sine
1920 998 2165 1064 curiata
2188 1000 2331 1089 lege
2360 1002 2516 1068 illuc
2607 1017 2634 1102 ἰ

378 1104 784 1185 venientem,
831 1126 960 1190 qua
996 1100 1078 1166 de
1121 1126 1194 1167 re
1225 1103 1314 1169 ita
1351 1104 1625 1169 Cicero:
1664 1135 1691 1161 κ
1709 1103 1933 1169 Varias
1976 1128 2117 1169 esse
2166 1106 2513 1195 opiniones

380 1208 710 1297 intelligo:
751 1224 908 1273 sunt
944 1209 1059 1296 qui
1099 1224 1363 1297 putent,
1407 1231 1601 1298 posse
1654 1225 1721 1275 te
1776 1233 1913 1275 non
1948 1209 2290 1295 decedere,
2332 1214 2515 1301 quod

377 1314 518 1381 sine
545 1316 688 1404 lege
721 1314 966 1379 curiata
993 1313 1110 1379 tibi
1131 1313 1577 1379 succedatur».
1605 1314 1778 1379 Hinc
1803 1337 1958 1380 vero
1990 1315 2321 1404 disputare
2342 1318 2516 1407 quis-

377 1422 550 1511 piam
575 1421 827 1510 possit:
866 1435 1128 1487 senatus
1158 1419 1530 1487 decreverat
1558 1420 1845 1487 Ciliciam
1882 1422 2133 1511 Appio,
2178 1446 2315 1487 non
2356 1447 2513 1515 ergo
2613 1514 2619 1525 ι

375 1542 832 1617 prorogaverat
866 1528 1356 1610 Lentu103nam
1388 1526 1739 1603 ridiculum
1773 1528 2003 1594 fuisset
2032 1528 2329 1594 eamdem
2366 1554 2517 1620 pro·

376 1634 654 1703 vinciam
679 1634 796 1699 uni
817 1632 1168 1699 decernere
1187 1680 1206 1716 ,
1239 1648 1308 1698 et
1339 1633 1523 1697 alteri
1548 1631 1781 1700 eodem
1816 1650 2110 1723 tempore
2130 1654 2505 1728 prorogare.

378 1740 736 1829 Imperium
775 1755 992 1805 tamen
1028 1762 1162 1803 non
1202 1749 1623 1830 prorogatum
1666 1740 1945 1805 retinere
1986 1758 2241 1829 poterat
2268 1744 2515 1809 Lentu·-

375 1842 513 1926 lus,
558 1846 614 1909 si
671 1846 821 1926 jure
869 1844 1190 1934 potuisset
1235 1867 1370 1910 non
1423 1843 1675 1911 tradere
1710 1847 2110 1933 provinciam
2155 1852 2513 1915 successori

375 1950 517 2037 sine
553 1950 798 2017 curiata
841 1952 980 2041 lege
1020 1951 1342 2035 venienti,
1375 1950 1559 2039 quod
1588 1973 1799 2016 unum
1844 1950 2121 2017 dubium
2164 1972 2334 2038 erat3
2372 1978 2513 2019 non

375 2055 574 2146 igitur
597 2058 952 2123 necessaria
987 2070 1124 2121 erat
1150 2057 1596 2145 prorogatio...
1616 2058 1899 2139 Quarto:
1920 2058 2227 2124 C.Verres
2252 2082 2332 2124 ex
2352 2084 2519 2149 proe-

333 2250 340 2257 Ι
378 2180 522 2229 turn
557 2163 806 2229 urbana
839 2164 1064 2229 Siciliae
1107 2163 1368 2252 praefuit
1403 2187 1521 2252 per
1556 2164 1949 2247 triennium,
2003 2164 2313 2254 additque
2356 2190 2513 2234 cau·

375 2292 512 2335 sam
535 2270 888 2335 Asconius:
919 2301 948 2327 ι
969 2269 1140 2352 Quia
1175 2291 1508 2337 successor
1535 2292 1670 2335 non
1710 2286 1811 2337 est
1840 2265 2172 2358 profectus
2190 2296 2255 2355 »ς
2289 2271 2515 2341 ‹lecre-

374 2391 554 2441 verat
603 2392 824 2440 autem
871 2391 1132 2441 senatus
1174 2375 1454 2441 Siciliam
1499 2376 1688 2439 Arrio
1742 2375 2001 2439 cuidam
2020 2425 2037 2451 ,
2086 2377 2300 2464 primo
2336 2402 2513 2444 anno

375 2482 622 2571 elapso,
656 2497 731 2546 ut
765 2505 846 2547 ex
865 2482 1156 2547 Verrinis
1187 2482 1545 2571 colligitur3
1582 2482 1699 2567 qui
1736 2504 1943 2569 quum
1980 2498 2093 2547 aut
2125 2506 2260 2547 non
2283 2499 2515 2573 potue-

338 2587 350 2600 '
375 2589 488 2671 rit,
524 2604 639 2655 aut
667 2587 950 2653 noluerit
979 2588 1072 2655 ire
1103 2589 1172 2653 in
1201 2586 1603 2676 provinciam
1622 2635 1641 2670 ,
1684 2588 1957 2653 retinuit
1984 2589 2329 2677 imperium
2351 2592 2508 2655 Ver-

375 2716 477 2761 res
509 2694 647 2761 sine
679 2695 810 2759 ulla
845 2694 1324 2783 prorogatione.
1358 2691 1549 2775 Quid.
1574 2694 1749 2757 enim
1764 2693 1953 2757 Verri
1986 2710 2246 2759 senatus
2282 2717 2515 2783 proro-

376 2816 579 2889 garet,
615 2798 796 2889 quod
817 2800 1002 2863 Arrio
1029 2798 1388 2863 successori
1423 2798 1835 2865 mandaverat
1852 2798 1947 2864 ἓ)...
1976 2799 2265 2882 Quinto:
2301 2824 2511 2889 quum

377 2905 596 2973 Pisoni
624 2921 690 2971 et
721 2906 999 2972 Gabinio
1037 2904 1388 3000 acerrimus
1423 2904 1725 2968 inimicus
1760 2906 2192 2969 esset.Cicero
2212 2954 2233 2988 ,
2268 2929 2513 2997 eosque

377 3012 892 3103 quam1primum
923 3011 1114 3077 vellet
1137 3009 1222 3077 de
1257 3010 1604 3098 provinciis
1634 3008 1977 3092 decedere,
2015 3010 2116 3075 his
2144 3011 2279 3077 fere
2304 3014 2510 3078 inter-

375 3117 822 3207 rogationibus
849 3117 1066 3183 utitur.
1081 3117 1374 3182 oratione
1405 3115 1487 3181 de
1520 3116 1905 3205 provinciis:
1937 3148 1963 3173 α
1980 3117 2149 3182 Huic
2176 3137 2313 3182 non
2338 3141 2513 3183 sum-

376 3224 688 3290 mittetis?
737 3224 860 3289 hos
911 3223 996 3288 de
1051 3224 1396 3314 provinciis
1414 3271 1432 3306 ,
1489 3223 1541 3289 si
1594 3246 1731 3287 non
1763 3222 2111 3312 aliquando
2144 3222 2511 3291 deducendi

375 3345 589 3397 essent
609 3378 628 3411 ,
663 3327 1063 3419 diripiendos
1099 3354 1236 3395 non
1269 3329 1630 3418 putaretis?
1658 3358 1683 3387 »
1731 3346 1798 3395 et
1840 3354 2167 3419 nusquam
2212 3332 2508 3420 loquitur

376 3434 458 3500 de
493 3437 988 3526 prorogatione,
1027 3459 1234 3525 quum
1266 3450 1481 3503 tamen
1530 3437 1741 3501 multo
1778 3438 1987 3501 acrius
2018 3454 2240 3525 posset
2274 3460 2507 3526 urgere

373 3540 476 3607 his
510 3542 759 3625 verbis3
793 3544 915 3609 hos
945 3566 1080 3608 non
1120 3542 1319 3607 modo
1357 3564 1494 3607 non
1524 3542 1950 3623 revocabitis,
1988 3541 2103 3607 sed
2128 3542 2297 3607 ultra
2322 3543 2511 3608 bien-

369 3647 584 3730 nium,
620 3648 808 3736 quasi
841 3649 1008 3714 bcne
1040 3648 1122 3713 de
1151 3671 1288 3736 rep.
1321 3648 1533 3712 meriti
1564 3665 1813 3729 essent,
1844 3648 2273 3737 prorogabitis
2312 3650 2503 3715 etiam

371 3750 760 3841 imperium?
783 3754 1098 3819 Praeterea
1125 3752 1325 3817 multa
1354 3752 1551 3817 habet
1574 3752 1805 3817 Cicero
1828 3752 1895 3816 in
1925 3750 2149 3817 eadem
2177 3756 2502 3838 oratione,

373 3880 552 3945 quse,
599 3860 654 3923 si
719 3859 1088 3949 requiratur
1149 3859 1557 3947 prorogatio,
1605 3874 1719 3921 aut
1778 3858 1931 3923 falsa
1988 3874 2178 3941 sunt,
2226 3877 2343 3925 aut
2394 3864 2503 3927 ab·

371 3964 604 4045 surda3
637 3965 728 4029 ait
756 3966 968 4031 enim:
1013 3963 1510 4028 «Restituissetis
1548 3978 1823 4028 vestram
1860 3963 2309 4029 auctoritatem
2327 4015 2346 4048 ,
2392 3966 2501 4050 iis,

369 4090 486 4157 per
514 4092 682 4158 quos
715 4088 851 4135 erat
877 4071 1134 4147 amissa,
1169 4069 1514 4151 revocatis3
1551 4086 1615 4133 et
1652 4069 1729 4133 iis
1772 4068 1927 4157 ipsis
1978 4070 2259 4157 praemiis
2292 4064 2509 4136 extorss·
