2984 4684
697 357 806 428 IN
857 357 1302 428 VERREM
1348 357 1567 425 AcT.
1622 357 1737 442 11,
1787 357 1981 428 mn.
2038 359 2093 426 1.
2332 360 2475 456 319
2560 315 2567 332 ’

303 483 482 552 lum
515 483 806 578 sign-um
837 480 1040 551 domi
1075 478 1432 576 reliquisti
1453 532 1473 566 ‚
1504 492 1765 576 praeter
1794 477 1944 550 duo
1968 533 1987 569 ,
2017 503 2186 576 quae,
2218 482 2291 551 in
2328 507 2477 554 me-

327 591 465 664 diis
495 590 772 663 aedibus
803 605 1040 678 ·sunt;
1084 613 1248 686 quae
1297 592 1454 688 ipsa
1498 592 1714 659 Samo
1752 588 2033 660 sublata
2064 593 2283 662 sunt?
2318 617 2474 664 non

329 703 594 801 putasti
617 726 738 772 me
769 703 913 772 tuis
939 697 1507 772 familiarissimis
1542 700 1618 768 in
1652 697 1841 770 hanc
1878 725 2033 772 rem
2066 701 2481 774 testimonia

326 813 933 885 denuntiaturum
949 864 970 897 ,
992 811 1124 906 qui
1147 823 1290 881 tuae
1309 807 1511 880 domi
1532 831 1719 907 saepe
1744 807 2046 882 fuissent
2064 839 2084 900 3
2109 835 2197 882 ex
2218 813 2481 907 quibus

325 945 762 1019 quaererem,
805 921 1010 1018 signa
1051 923 1418 1001 scirentne
1453 915 1781 1007 fuisse¹³‚
1813 944 1977 1016 quae
2010 945 2162 993 non
2205 925 2483 996 essent?

325 1031 524 1125 Quid
560 1046 717 1103 tum
755 1030 890 1102 hos
933 1029 1026 1102 de
1061 1045 1136 1102 te
1167 1028 1621 1127 judicaturos
1667 1028 2061 1102 arbitratus
2095 1057 2207 1120 es,
2246 1058 2480 1130 quum

329 1142 692 1226 viderent,
731 1156 804 1214 te
835 1141 988 1237 jam
1027 1165 1180 1212 non
1219 1156 1472 1213 contra
1513 1155 2011 1214 accusatorem
2058 1157 2297 1233 tuum,
2354 1143 2483 1218 sed

327 1269 582 1326 contra
617 1265 1058 1350 quaestorem
1081 1255 1142 1304 ¹4
1179 1266 1687 1349 sectoremque
1728 1253 2098 1350 pugnare?

424 1367 583 1435 XX.
625 1360 1089 1461 Aspendum,
1123 1375 1332 1432 vetus
1372 1361 1735 1459 oppidum
1769 1375 1843 1434 et
1886 1361 2139 1436 nobile
2167 1365 2243 1434 in
2282 1367 2485 1436 Pam-

330 1471 578 1572 phylia
611 1474 809 1546 scitis
836 1496 1015 1558 esse,
1048 1471 1552 1570 plenissimum
1593 1475 1969 1570 signorum
2003 1478 2479 1573 optimorum.

331 1589 501 1657 Non
543 1582 778 1654 dicam
809 1581 1012 1653 illinc
1048 1581 1192 1654 hoc
1227 1583 1515 1680 siguum
1545 1580 1870 1653 ablatum
1914 1607 2111 1673 esse,
2146 1595 2219 1655 et
2255 1584 2479 1656 illud:

331 1694 474 1766 hoc
510 1691 674 1765 dico
702 1747 724 1782 ‚
768 1692 1056 1766 nullum
1093 1709 1170 1764 te
1207 1690 1558 1792 Aspendi¹
1604 1695 1929 1791 signum,
1967 1697 2270 1783 Verres,
2316 1694 2483 1766 reli-

331 1805 611 1902 quisse3
640 1806 888 1876 omnia
917 1827 1010 1875 ex
1037 1801 1220 1875 fanis
1239 1857 1260 1892 ‚
1287 1827 1378 1875 ex
1406 1802 1585 1875 locis
1608 1801 1925 1902 publicis
1945 1857 1965 1891 ‚
1994 1803 2269 1902 palam,
2315 1827 2483 1902 spe·

251 1999 264 2008 ,
334 1903 695 1990 ctantib'us
719 1913 1090 2003 omnibus,
1112 1914 1402 2013 plostris
1421 1929 1670 1986 evecta
1690 1923 1720 1956 ²
1760 1929 2273 2013 asportataque
2304 1939 2480 1988 esse.

333 2033 574 2124 Atque
611 2028 830 2100 etiam
879 2026 1086 2101 illum
1121 2025 1567 2126 Aspendium
1611 2023 2101 2097 citharistam³
2125 2080 2146 2114 ,
2196 2024 2289 2097 de
2325 2049 2479 2124 quo

335 2163 524 2236 soepe
557 2129 854 2210 audistis
895 2137 1005 2223 id,
1042 2137 1248 2236 quod
1287 2151 1396 2209 est
1432 2137 1699 2210 Graecis
1734 2134 2156 2207 hominibus
2191 2137 2269 2208 iu
2310 2159 2481 2233 pro-

332 2247 621 2337 verbm,
665 2273 890 2347 quem
921 2250 1168 2321 omnia
1195 2250 1398 2320 intus
1432 2273 1693 2320 canere
1727 2247 2107 2335 dicebant,
2147 2247 2481 2336 sustulit,

336 2361 511 2432 etin
541 2360 816 2429 intimis
835 2360 986 2431 suis
1006 2357 1284 2430 aedibus
1314 2359 1607 2456 posuit:
1645 2370 1729 2427 ut
1757 2361 1975 2428 etiam
2000 2356 2211 2428 illum
2237 2357 2485 2454 ipsum

415 2581 499 2630 13.
533 2580 720 2631 fuiti-e.
758 2580 910 2628 Domi
941 2591 1040 2630 tun
1073 2581 1208 2644 sigua
1251 2578 1368 2641 ina,

335 2677 448 2726 quae
464 2661 567 2723 jam
591 2676 696 2708 nou
722 2670 1028 2724 apparerent.

415 2747 496 2796 ¹4·
537 2740 850 2802 Qum-torem.
889 2737 1162 2800 Qua-stom
1199 2734 1372 2784 «erarii

1531 2593 1562 2626 ο
1572 2613 1587 2628 .
1601 2577 1758 2627 Vetus
1769 2591 2046 2642 anonymus
2060 2576 2321 2642 interpres,
2332 2597 2358 2620 ιι
2373 2592 2489 2627 eve·

1455 2669 1535 2708 cta
1561 2667 1914 2722 exportataque
1932 2677 1974 2704 ιο.
2002 2657 2036 2705 J
2040 2692 2053 2704 .
2063 2660 2126 2706 V.
2148 2658 2206 2706 L.

1527 2737 1583 2785 3.
1631 2734 1937 2801 Aspendium
1987 2733 2313 2783 citharistam.
2360 2736 2405 2784 1.
2442 2753 2488 2786 e.

337 2819 614 2868 auctionem
664 2816 775 2866 fleri
828 2815 1080 2879 jubebant,
1115 2815 1366 2863 honorum

337 2901 468 2961 ejus,
487 2899 572 2963 qui
592 2896 973 2962 repetundarum
989 2896 1148 2944 fuerat
1169 2892 1367 2942 damna-

341 2990 440 3028 tus.
461 2979 540 3026 Sic
561 2975 732 3025 Livius
757 2975 958 3025 scribit:
993 2997 1020 3018 α
1040 2974 1214 3022 missos
1232 2989 1371 3036 ςπε-

340 3069 498 3106 store·
527 3058 582 3104 in
607 3057 964 3119 possessionem
1000 3052 1250 3102 honorum
1274 3052 1372 3100 Sei-

341 3137 509 3202 pionis
538 3136 770 3194 Asiatici,
803 3133 888 3184 sed
933 3147 1020 3183 eos
1063 3147 1372 3197 nequaquam

343 3231 583 3264 summm
598 3214 652 3262 iu
671 3215 889 3262 erarium
907 3213 1166 3276 redegisse,
1177 3221 1374 3276 quauta

344 3294 568 3359 pecuuiae
602 3291 856 3340 damnatus
888 3293 1046 3340 fuerat
1060 3313 1108 3340 ιι.
1137 3291 1376 3340 Emebmt

345 3387 464 3420 vero
490 3381 696 3420 sectores
725 3368 864 3434 (gall.
893 3371 960 3418 les
993 3367 1378 3433 eueher-ineam).

347 3455 526 3499 Verres
562 3458 724 3496 nutem
763 3447 850 3496 illa
883 3447 1246 3510 subtrahendo,
1276 3449 1380 3510 iem

347 3547 453 3580 nou
477 3546 530 3581 se
547 3539 718 3576 eontra
737 3529 1124 3587 neem-tionem,
1141 3527 1230 3576 sed
1245 3527 1378 3576 bone

349 3626 438 3658 sua
457 3619 634 3656 eontra
652 3607 932 3656 auctionem
945 3639 962 3666 ,
981 3618 1037 3656 ut
1054 3609 1158 3668 im
1179 3607 1380 3656 danun-

352 3699 448 3748 tus,
470 3685 734 3739 defendere
754 3683 1030 3736 videbatur.

419 3769 540 3818 ΧΙ-
567 3783 584 3814 ι
597 3802 612 3816 .
631 3763 864 3830 Aspendi.
884 3765 1018 3816 Urbs
1041 3765 1125 3814 tun
1142 3765 1206 3813 ed
1229 3767 1384 3832 Eury-

1451 2813 1767 2865 eimuherum
1788 2815 1921 2877 apud
1934 2813 2212 2879 Aspendios
2230 2813 2494 2865 citharista

1451 2895 1663 2960 specie-
1691 2893 1943 2942 exhibens.
1964 2893 2117 2956 Quod
2133 2895 2267 2959 apud
2290 2895 2493 2944 Graecoe

1456 2975 1526 3022 ita
1551 2983 1653 3021 erat
1668 2983 1846 3022 notum
1862 3009 1877 3034 ,
1908 2984 1963 3021 ut
1976 2975 2077 3035 jam
2094 2974 2147 3020 in
2172 2974 2490 3038 proverbium

1459 3053 1650 3101 abierit.
1672 3052 1869 3100 Scilicet
1882 3089 1897 3112 ,
1931 3069 2085 3118 quum
2121 3065 2307 3102 canunt
2340 3052 2493 3102 citha-

1461 3133 1593 3180 ristae
1609 3166 1623 3191 ,
1660 3131 1913 3195 utriusque
1954 3148 2129 3181 manua
2152 3143 2364 3182 utuntur
2390 3131 2501 3182 offi-

1462 3211 1561 3260 cio.
1586 3212 1776 3260 Dextra
1798 3211 2041 3278 plectrum
2064 3223 2215 3272 tenet,
2225 3224 2273 3262 et
2300 3213 2401 3262 hoe
2428 3223 2501 3262 est

1449 3289 1585 3356 fim‘s
1610 3307 1699 3339 seu
1718 3291 1833 3339 aliis
1864 3307 2043 3340 canere
2055 3309 2076 3350 ;
2111 3291 2305 3340 sinistra
2332 3291 2501 3358 digitis

1467 3371 1676 3420 chordas
1695 3371 1880 3437 carpit,
1914 3387 1973 3420 ae
2008 3387 2161 3420 sonos
2187 3369 2399 3420 leviores
2418 3371 2505 3420 eli-

1468 3451 1537 3498 eit
1553 3482 1569 3509 ,
1601 3449 1739 3514 quod
1779 3461 1853 3499 est
1892 3452 2023 3501 intus
2058 3467 2144 3500 seu
2172 3451 2265 3500 sibi
2308 3467 2503 3502 canere.

1467 3529 1749 3594 Aspendius
1792 3529 1877 3578 ille
1921 3531 2169 3579 citharista
2224 3531 2503 3578 universam

1468 3609 1747 3658 cantionem
1775 3609 1905 3658 intus
1918 3643 1935 3666 ,
1974 3609 2007 3656 i.
2029 3624 2072 3658 e.
2096 3609 2289 3656 sinistra
2314 3617 2504 3658 tantum

1476 3703 1625 3736 mauu
1642 3688 2082 3752 complectebatur,
2106 3687 2175 3734 ita
2196 3697 2251 3735 ut
2268 3703 2295 3734 ι
2324 3703 2374 3736 se
2400 3698 2452 3737 et
2474 3704 2503 3736 e

1473 3767 1669 3832 paucis,
1690 3767 1777 3830 qui
1802 3767 2019 3830 proximi
2044 3763 2299 3814 adstabant
2320 3801 2335 3826 ,
2361 3783 2510 3816 exau-

354 3847 640 3898 medontem
655 3844 864 3894 fluvium
881 3845 998 3904 siu,
1026 3845 1090 3894 nd
1117 3845 1390 3894 Dolabella
1477 3846 1681 3895 dit-etur.
1718 3845 1863 3894 Unde
1897 3861 2069 3893 omues
2098 3855 2345 3910 quotquot
2358 3901 2366 3909 ,
2379 3845 2509 3896 sures

353 3927 660 3991 provinciam
705 3923 1000 3990 pertinebat.
1042 3925 1162 3976 vid.
1211 3927 1388 3990 Pomp.

356 4005 478 4054 Mel.
513 4007 652 4054 xxv,
677 4005 1008 4057 strab.xJV.
1051 4005 1178 4054 min.
1201 4007 1262 4064 V,
1293 4019 1390 4069 ²73

364 4085 570 4146 xxm,
595 4102 643 4147 ⁰7.

1476 3934 1641 3985 eraut‚
1670 3939 1699 3971 ι
1741 3924 1927 3971 Graeeis
1964 3923 2209 3988 Aspendii
2244 3923 2513 3974 citharistae

1476 4003 1533 4052 in
1556 4001 1827 4069 proverbio
1853 4003 2169 4066 dicebantur,
2191 4004 2327 4070 quod
2351 4015 2408 4053 ut
2427 4004 2513 4054 ille

1481 4083 1739 4154 carminis,
1772 4083 1839 4130 ite
1862 4083 1945 4132 isti
1968 4085 2211 4133 furtorum
2240 4083 2513 4134 occultato-
