2984 4684
807 358 1201 430 oRA‘rlo
1250 359 1459 428 pao
1511 358 1577 426 S.
1629 358 2026 431 Rosclo.
2383 362 2481 461 93

340 485 677 580 quinata,
706 482 847 551 nisi
874 493 1209 579 sumptus
1238 476 1453 551 effusi
1496 503 1663 550 cum
1695 480 1970 578 probro
2005 492 2226 581 atque
2259 482 2484 558 dede-

340 618 545 679 core,
580 593 723 662 nisi
748 604 1105 689 prorupta
1144 587 1484 678 audacia,
1524 591 1664 659 nisi
1717 602 1915 662 tanta
1954 597 2358 683 temeritas»,
2399 612 2490 667 ut

342 727 494 773 non
522 701 785 800 procul
812 699 1200 772 abhorreat
1228 698 1321 771 ab
1346 702 1644 771 insania.
1684 702 1997 773 Accedat
2027 703 2173 777 huc
2197 722 2490 804 oportet

341 812 599 883 odium
622 814 969 911 parentis»,
989 808 1633 882 animadversionis
1657 823 1974 907 paternae
2001 830 2260 903 metus,
2277 819 2488 889 amici

346 919 693 1021 improbi,
716 922 902 992 servi
933 922 1231 1008 conscii,
1260 934 1548 1019 tempus
1581 918 1958 1011 idoneum,
1980 923 2184 997 locus
2215 951 2488 1026 oppor-

347 1048 527 1103 tune
546 1045 803 1129 captus
823 1029 917 1101 ad
940 1054 1100 1101 eam
1127 1054 1279 1100 rem
1302 1052 1547 1127 :paene
1568 1028 1828 1117 dicam,
1850 1056 2206 1130 respersas
2231 1060 2490 1108 manus

348 1146 704 1240 sanguine
735 1156 1040 1240 paterno
1076 1137 1359 1235 judices
1395 1137 1690 1210 videant
1729 1154 2054 1239 oportet,
2099 1147 2158 1214 si
2201 1159 2488 1217 tantum

346 1250 669 1341 facinus,
711 1266 859 1323 tam
902 1254 1259 1337 immane,
1306 1262 1455 1319 tam
1489 1248 1836 1321 acerbum
1856 1303 1876 1336 ‚
1929 1251 2274 1325 credituri
2317 1259 2486 1329 sint.

345 1366 592 1455 Quare
608 1362 777 1449 hoc,
804 1385 955 1457 quo
980 1363 1222 1429 minus
1244 1373 1355 1430 est
1380 1356 1752 1449 credibile,
1780 1364 1916 1431 nisi
1947 1364 2379 1455 ostenditur,
2401 1392 2492 1439 eo

350 1476 577 1571 magis
610 1486 752 1559 est,
782 1473 842 1541 si
880 1472 1363 1557 convincitur,
1391 1468 1939 1544 vindicandum.

450 1587 669 1655 XXV.
696 1584 953 1678 Itaque
982 1604 1217 1677 quum
1245 1579 1492 1650 multis
1517 1604 1605 1650 ex
1632 1579 1852 1653 rebus
1883 1584 2186 1683 intelligi
2217 1600 2496 1685 potest,

356 1694 665 1791 majores
695 1706 983 1762 nostros
1026 1714 1180 1761 non
1214 1687 1437 1759 modo
1475 1693 1694 1762 armis
1721 1692 1923 1789 plus,
1955 1717 2175 1792 quam
2221 1711 2492 1769 ceteras

356 1808 714 1889 nationes»,
736 1826 992 1873 verum
1016 1803 1233 1871 etiam
1263 1801 1570 1872 consilio
1603 1805 2102 1901 sapientiaque
2132 1810 2495 1905 potuisse,

358 1928 516 1984 tum
551 1938 639 1983 ex
662 1911 799 1983 hac
824 1935 903 1981 re
933 1909 1049 1980 vel
1082 1912 1391 1981 maxime
1408 1964 1429 1999 ,
1456 1909 1660 2007 quod
1683 1914 1760 1981 in
1786 1915 2052 2012 impios
2074 1926 2094 1958 ¹
2131 1919 2493 2014 singulare

354 2022 798 2122 supplicium
825 2023 1306 2091 invenerunt:
1331 2044 1481 2117 qua
1507 2024 1587 2091 in
1615 2047 1692 2093 re
1719 2039 2079 2120 quantum
2105 2028 2496 2125 prudentia

354 2135 823 2234 praestiterint
857 2133 981 2218 iis,
1022 2134 1150 2227 qui
1180 2130 1378 2229 apud
1420 2146 1699 2203 ceteros
1725 2136 2234 2233 'sapientissimi
2276 2135 2496 2210 fuisse

358 2244 732 2332 dicuntur,
748 2239 1220 2313 considerate.
1250 2240 1818 2313 Prudentissima
1839 2246 2084 2317 civitas
2107 2251 2161 2317 A
2171 2246 2504 2320 thenien-

360 2358 591 2441 sium,
614 2351 793 2424 dum
819 2362 947 2423 ea²
982 2376 1229 2423 rerum
1263 2354 1497 2450 potita
1528 2367 1668 2440 est,
1699 2351 1920 2426 fuisse
1955 2356 2308 2428 traditur:
2343 2361 2502 2457 ejus

362 2487 583 2563 porro
612 2464 917 2534 civitatis
939 2464 1553 2560 sapientissimum
1575 2464 1912 2535 Solonem
1931 2462 1960 2509 ³
1987 2467 2244 2540 dicunt
2259 2468 2505 2558 fuisse,

362 2600 559 2659 eum,
576 2576 708 2671 qui
733 2572 951 2670 legeS,
975 2570 1247 2669 quibus
1273 2566 1494 2643 hodie
1517 2598 1820 2671 quoque
1849 2589 2182 2666 utuntur,
2205 2582 2506 2676 scripse-

365 2687 477 2756 rit.
525 2688 597 2754 Is
642 2705 875 2779 quum
926 2684 1518 2778 interrogaretur,
1565 2704 1696 2753 cur
1739 2685 2025 2755 nullum
2063 2688 2504 2786 supplicium

365 2796 857 2866 constituisset
887 2793 962 2862 in
992 2816 1201 2881 eum,
1231 2796 1361 2889 qui
1383 2807 1761 2891 parentem
1803 2811 2162 2885 necasset,
2208 2822 2510 2897 respon-

366 2904 517 2993 dit,
562 2928 641 2975 se
686 2902 763 2974 id
794 2904 1162 2974 neminem
1195 2900 1604 2974 facturum‘·
1645 2918 1955 3001 putasse.
2000 2910 2375 3005 Sapienter
2405 2907 2510 2982 fe-

368 3019 549 3087 cisse
592 3012 887 3101 dicitur,
912 3034 1143 3109 quum
1192 3011 1284 3083 de
1323 3035 1412 3083 eo
1444 3011 1627 3083 nihil
1660 3018 2015 3105 sanxerit,
2060 3017 2260 3114 quod
2294 3032 2505 3091 antea

368 3128 839 3199 commissum
890 3147 1041 3193 non
1087 3137 1276 3211 erat,
1330 3148 1423 3194 ne
1464 3148 1615 3194 non
1654 3139 1800 3195 tam
1831 3125 2248 3235 prohibere,
2282 3157 2506 3229 quam

366 3230 808 3308 admonere⁵
852 3232 1242 3304 videretur.
1294 3235 1591 3325 Quanto
1627 3236 1931 3331 majores
1965 3242 2193 3309 nostri
2229 3246 2510 3341 sapien-

437 3391 611 3439 XXV.
639 3404 687 3437 1.
714 3386 915 3451 Impius.
936 3388 1063 3451 Erga
1080 3398 1302 3451 parentes
1320 3403 1393 3436 aa·

370 3468 589 3533 erssagon.
612 3492 683 3505 -
700 3466 979 3532 Siquam
994 3466 1099 3515 nli,
1118 3466 1394 3533 proprium,

372 3548 631 3613 pudiare.

442 3643 493 3677 ι.
524 3628 657 3673 Dum
696 3641 775 3673 ea.
810 3625 1051 3690 Tempora
1072 3622 1241 3675 libere
1262 3626 1399 3675 Gra-

372 3705 459 3753 eiae
479 3702 749 3768 signifiat,
766 3720 911 3768 qum
936 3704 1117 3753 deiude
1142 3704 1399 3769 Philippus

372 3784 583 3833 Macedo
620 3781 803 3831 aex-vire
848 3782 1035 3833 docuit.
1083 3784 1398 3833 radantiam

372 3873 532 3911 antem
557 3861 935 3910 Atheniensium
964 3861 1133 3911 civim
1161 3878 1275 3913 cum
1306 3864 1399 3911 im-

378 3941 510 4005 perio
534 3941 683 3989 simul
707 3941 887 3991 amitit.

450 4021 751 4072 &Solonem-
769 4021 1139 4071 Atheniensium
1154 4021 1401 4086 legislator

379 4099 531 4149 Solon
572 4110 717 4149 nntna
754 4112 831 4149 est
868 4100 1071 4149 Atheni·
1117 4116 1231 4151 nn.
1286 4112 1401 4149 ante

1480 3388 1662 3437 Christ.
1677 3389 1800 3453 639.
1823 3390 1898 3438 De
1922 3406 2024 3455 quo
2045 3391 2164 3439 olim
2181 3394 2506 3447 Anacharsis:

1480 3468 1626 3516 «vino
1651 3468 1834 3516 Solone
1860 3471 2023 3518 omnia
2048 3470 2244 3521 vidisti:
2279 3474 2356 3522 ha
2389 3486 2507 3525 nunt

1480 3546 1718 3607 Athene,
1751 3549 1860 3597 haec
1885 3560 1956 3597 eat
1983 3560 2088 3599 tota
2117 3554 2362 3604 Gracia».
2379 3557 2506 3606 vide

1482 3628 1686 3675 Lucina.
1706 3629 1890 3679 Toxar.
1931 3630 2177 3679 Plutarch.
2213 3632 2268 3680 in
2309 3634 2507 3685 Sdone.

1484 3706 1596 3755 vnl.
1613 3708 1828 3766 Max-V,
1857 3708 1906 3755 3.

1558 3793 1607 3842 4.
1647 3784 1904 3833 Neminem
1935 3784 2209 3846 factm-um.
2247 3790 2330 3839 Sic
2367 3794 2510 3843 Imen-

1485 3862 1612 3912 tius:
1639 3852 1894 3931 ἑρωττβιὶς
1915 3856 2002 3913 διὰ
2015 3861 2066 3914 τί
2085 3863 2217 3917 κατὰ
2239 3872 2524 3937 παροινῶν

1485 3957 1566 3991 νου
1589 3939 1730 4009 νόμον
1757 3941 1842 3991 οὐκ.
1859 3942 1990 3997 mm
2005 3980 2020 4003 .
2049 3938 2140 3995 διὰ
2159 3944 2215 3996 τὸ
2245 3946 2508 4001 &wa-teiam

1490 4018 1596 4087 ἔφη.
1617 4022 1698 4071 Cs.
1723 4022 1850 4071 Piut.
1875 4022 1928 4071 in
1951 4024 2155 4075 Romul.

1565 4100 1610 4148 5.
1635 4100 1928 4151 Admonere.
1959 4104 2018 4153 ln
2044 4104 2233 4155 animos
2259 4105 2511 4157 hominum
