2984 4684
592 374 682 447 50
1236 376 1333 444 M.
1384 376 1460 443 T.
1488 374 2081 445 CICERONIS

586 500 945 598 possessio
988 508 1355 595 spectetur
1393 520 1544 567 non
1588 499 1662 567 in
1695 496 1936 594 aliqua
1971 510 2176 595 parte
2192 548 2214 587 ,
2263 496 2390 569 sed
2433 498 2511 568 in
2549 504 2718 571 uni·

586 612 809 683 versis
823 612 879 699 ⁴,
906 632 1071 707 quae
1107 610 1337 681 teneri
1366 631 1451 678 ac
1489 605 1845 706 possideri
1875 608 2176 705 possint.
2226 610 2390 680 Dixi
2407 662 2428 695 ‚
2469 609 2720 681 Romae

586 726 889 797 domum
921 722 1163 810 fuisse,
1194 746 1345 820 quo
1370 726 1506 793 iste
1529 746 1622 793 ne
1643 720 2024 820 adspirat-it
2041 719 2072 767 ⁶
2103 720 2403 820 quidem
2423 750 2444 813 ;
2471 748 2720 796 servos

550 837 1020 939 *compluresn
1048 830 1437 930 exquibus
1470 834 1606 903 iste
1637 831 2041 931 possederit
2069 828 2589 923 neminem,‘ne
2615 850 2722 910 at-

584 948 825 1045 tigerit
852 943 1151 1044 quidem
1174 970 1193 1031 3
1220 966 1451 1018 unum
1481 940 1702 1014 fuisse
1721 996 1741 1031 ,
1765 966 1986 1040 quem
2015 946 2369 1040 attingere
2409 959 2716 1015 conatus

580 1063 713 1146 sit3
758 1054 1213 1156 prohibitum
1257 1053 1510 1142 fuisse,
1559 1056 1938 1150 quievisse.
1999 1058 2083 1127 In
2127 1057 2282 1153 ipsa
2323 1054 2554 1127 Gallia
2589 1079 2716 1127 co·

578 1172 853 1267 gnostis
894 1171 973 1239 in
1025 1164 1293 1265 praedia
1340 1167 1618 1263 privata
1661 1166 1946 1255 Quintii
2000 1166 2158 1237 Sex.
2175 1167 2512 1257 ,Naevium
2559 1189 2713 1237 non

576 1282 877 1352 venisse.
914 1280 1249 1379 Denique
1273 1300 1360 1347 ex
1384 1277 1544 1373 ipso
1575 1275 1786 1363 saltu,
1813 1300 2058 1373 quem,
2083 1299 2214 1373 per
2233 1281 2382 1347 vim
2409 1278 2714 1375 expulso

481 1436 525 1471 0.
577 1393 776 1462 socio
794 1444 814 1477 ,
866 1386 1224 1487 possedit,
1270 1408 1514 1457 servos
1561 1388 1882 1483 privatos
1935 1387 2220 1478 Quintii
2256 1409 2406 1456 non
2455 1410 2714 1459 omnes

578 1502 847 1596 ejectos
872 1520 1049 1569 esse.
1074 1500 1179 1567 Ex
1210 1492 1431 1594 quo⁶,
1456 1510 1534 1567 et
1569 1522 1658 1567 ex
1693 1499 1952 1568 ceteris
1984 1494 2222 1585 dictis,
2246 1494 2480 1587 factis,
2511 1502 2712 1595 cogi-

574 1612 888 1705 tatisque
936 1611 1089 1679 Sex.
1132 1608 1393 1695 Naevii,
1432 1609 1950 1705 quivis'potest
1989 1607 2392 1705 intelligere
2412 1662 2432 1695 ,
2489 1610 2714 1679 istum

572 1717 757 1789 nihil
787 1715 985 1788 aliud
1014 1717 1266 1813 egisse,
1298 1739 1538 1813 neque
1567 1740 1771 1789 nunc
1795 1740 2034 1813 agere,
2061 1719 2196 1789 nisi
2231 1722 2338 1789 uti
2365 1742 2498 1817 per
2525 1722 2676 1791 vim
2693 1774 2714 1805 ,

574 1853 709 1927 per
744 1828 1123 1923 injuriam,
1162 1849 1295 1925 per
1331 1827 1790 1921 iniquitatem
1814 1824 2106 1921 judieii,
2147 1840 2384 1898 totum
2414 1848 2714 1925 agrum,

570 1940 701 2035 qui
734 1938 1143 2007 communis
1174 1948 1283 2005 est
1304 1986 1325 2023 ,
1372 1932 1848 2007 suum'facere
1877 1938 2127 2034 possit.

672 2051 894 2119 XXX.
926 2049 1143 2117 Nunc
1166 2066 1379 2114 causa
1400 2058 1756 2142 perorata,
1781 2070 1894 2115 res
1917 2048 2095 2143 ipsa,
2127 2060 2200 2117 et
2228 2049 2535 2146 periculi
2563 2074 2714 2122 ma·

558 2154 909 2253 gnitudo,
936 2158 1013 2226 C.
1031 2153 1323 2250 Aquini,
1340 2178 1599 2252 cogere
1616 2152 1927 2244 videtur,
1949 2170 2034 2227 ut
2053 2172 2146 2245 te,
2167 2172 2386 2255 atque
2414 2164 2710 2258 eoS,qui

570 2265 701 2337 tibi
736 2269 814 2336 in
848 2263 1151 2336 oonsilio
1178 2277 1380 2353 sunt,
1428 2262 1761 2335 obsecret
1789 2264 2341 2365 obtesteturque
2367 2272 2443 2341 P.
2477 2272 2713 2364 Quin-

572 2379 717 2446 tius
742 2398 873 2473 per
892 2388 1337 2447 senectutem
1358 2385 1379 2419 ¹
1410 2398 1496 2445 ac
1527 2373 1993 2447 solitudinem
2021 2400 2250 2466 suam,
2279 2378 2461 2449 nihil
2483 2380 2709 2470 aliud,

574 2488 711 2557 nisi
760 2499 847 2555 ut
886 2496 1137 2555 vestroe
1180 2498 1453 2555 naturoe
1484 2482 1944 2582 bonitatique
1986 2486 2530 2585 obsequamini3
2587 2506 2706 2579 ut,

568 2620 803 2693 quum
822 2596 1087 2666 veritas
1108 2618 1277 2665 cum
1306 2593 1449 2685 hoc
1475 2593 1757 2683 faciat’,
1775 2596 1940 2692 plus
1967 2594 2186 2693 hujus
2212 2600 2460 2697 inopia
2475 2603 2707 2698 possit

568 2706 665 2778 ad
696 2703 1259 2779 misericordiam
1282 2758 1301 2785 ,
1353 2730 1576 2803 quam
1614 2705 1804 2776 illius
1836 2728 2012 2803 opes
2041 2706 2136 2779 ad
2175 2708 2699 2783 crudelitatem.

568 2822 741 2908 Quo
783 2816 903 2888 die
934 2814 1031 2887 ad
1070 2830 1140 2887 te
1174 2815 1499 2911 judicem
1531 2818 1906 2903 venimuS,
1941 2816 2200 2888 eodem
2243 2818 2361 2890 die
2404 2820 2701 2892 illorum

570 2931 839 3016 minas,
870 2950 1053 3024 quas
1082 2942 1249 2999 ante
1280 2926 1796 3013 horrebamus,
1822 2928 2186 3027 negligere
2213 2936 2594 3030 coepimus.
2629 2937 2698 3006 Si

566 3062 781 3111 causa
812 3062 981 3109 cum
1018 3060 1229 3109 causa
1260 3036 1769 3127 contenderet,
1817 3063 1952 3109 nos
1998 3055 2316 3111 nostram
2361 3040 2699 3140 perfacile

566 3150 793 3219 cuivis
822 3146 1255 3246 probaturos
1282 3146 1792 3219 statuebamus.
1834 3147 2054 3239 Quod
2080 3152 2240 3221 vitae
2265 3156 2448 3225 ratio
2467 3150 2498 3197 ³
2529 3178 2696 3225 cum

562 3260 843 3330 ratione
872 3260 1035 3329 vitae
1066 3255 1521 3345 decerneret,
1557 3258 1830 3330 idcirco
1867 3258 2080 3331 nobis
2119 3264 2332 3333 etiam
2367 3268 2594 3361 magis
2628 3281 2698 3336 te

556 3368 805 3465 judice
846 3390 1034 3465 opus
1076 3390 1231 3438 esse
1270 3366 1594 3443 arbitrati
1641 3394 1912 3440 sumus.
1957 3376 2056 3441 Ea
2101 3396 2214 3442 res
2251 3374 2447 3443 enim
2495 3398 2694 3447 nunc

636 3646 683 3692 4.
712 3639 775 3687 In
810 3634 1054 3685 universis.
1092 3636 1133 3683 1.
1173 3651 1218 3683 e.
1252 3633 1387 3684 bom
1421 3636 1580 3699 possi-
1736 3638 1908 3684 XIX.
1935 3652 1979 3686 1.
2000 3638 2316 3687 &nemmem-
2345 3640 2550 3690 Annum
2579 3653 2694 3692 tune

562 3715 665 3773 deti
690 3730 753 3763 ex
776 3713 939 3765 edicto
964 3728 1069 3763 nou
1093 3712 1343 3776 dicuutur,
1358 3714 1454 3763 uisi
1473 3715 1580 3763 uni-
1661 3714 1838 3779 agebat
1855 3716 2090 3777 Quintius
2109 3718 2479 3783 sexagesimum.

556 3810 691 3842 versa
722 3794 924 3841 omnino
948 3790 1303 3857 pauidam-ur.
1737 3810 1788 3843 α.
1809 3795 1996 3851 Faciat.
2026 3798 2228 3861 Pugnet.
2249 3798 2332 3846 sto
2357 3800 2693 3850 &ciamu-

634 3877 684 3923 5.
706 3870 1003 3935 Adspiravit.
1018 3872 1331 3935 Cogitaui-it.
1665 3874 1863 3923 eterit-s
1891 3877 2282 3939 gnvisshnorum
2315 3878 2573 3929 hominnm
2601 3898 2694 3930 uo·

628 3954 679 4001 6.
704 3952 785 4001 Ex
804 3966 917 4015 quo.
941 3950 1057 4011 Quo
1074 3966 1139 3999 ex
1156 3950 1289 3999 facto
1304 3960 1355 3999 et
1370 3966 1435 3999 ex
1452 3962 1580 3999 osts-
1666 3952 1854 4001 hiscum
1879 3956 1996 4002 facit
2007 3976 2050 4005 n.

551 4038 618 4087 ris
646 4032 770 4083 illud
796 4040 1019 4089 const-t,
1046 4028 1143 4079 hoe
1168 4046 1323 4079 unum
1348 4028 1443 4081 sibi
1463 4046 1578 4096 pm·
1735 4034 1786 4081 3.
1821 4033 1948 4083 Vieoe
1973 4034 2120 4083 ratio.
2149 4038 2316 4100 Quum
2345 4054 2505 4088 mores
2529 4040 2690 4089 Nnvii

550 4114 770 4178 posuisse
792 4108 1045 4169 Navium,
1069 4118 1125 4157 ut
1137 4142 1153 4166 ‚
1176 4118 1271 4159 eto.
1663 4128 1777 4160 cum
1795 4114 1986 4177 Quintii
2005 4114 2224 4165 moribus
2241 4118 2623 4170 committantur.
