2984 4684
707 389 816 459 IN
869 387 1296 458 VERREM
1347 387 1563 455 ACT.
1620 386 1727 470 ΙΙ,
1775 387 1957 454 LIB.
2010 389 2105 454 II.
2336 387 2477 486 495

234 559 250 570 „
346 511 438 585 ad
481 535 632 584 rem
668 511 744 581 id
787 535 938 581 non
984 504 1392 606 pertinere?
1447 507 1708 602 Neque
1750 521 1829 576 tu
1878 505 2019 578 hoc
2060 506 2303 580 dicere
2348 536 2477 582 au-

345 620 596 707 debis,
641 641 878 716 neque
901 671 920 707 ‚
965 619 1024 689 si
1062 605 1309 716 cupias
1334 597 1670 703 ,'licebit.
1721 609 2056 715 Eripiunt
2104 619 2297 690 enim
2344 621 2478 694 tibi

346 737 554 804 istam
589 729 1002 801 ‘orationem
1037 725 1737 800 contemnendorum
1757 723 1785 770 ⁵
1821 727 2228 800 Siculorum
2267 748 2487 831 atque

347 855 748 928 aratorum,
781 854 1030 911 statuae
1067 838 1204 909 illae
1241 853 1643 936 equestres,
1675 861 1854 936 quas
1886 853 1968 910 tu
2004 841 2248 938 paullo
2278 859 2448 916 ante
2470 900 2491 933 ,

347 975 567 1050 quam
604 949 697 1022 ad
727 949 988 1022 urbem
1026 953 1347 1036 venireS,
1387 953 1565 1048 poni
1591 951 2028 1047 inscribique
2059 949 2369 1045 jussisti,
2408 971 2490 1027 ut

347 1065 676 1134 omnium
731 1061 1190 1132 inimicorum
1243 1060 1525 1131 animos
1548 1057 1583 1103 ⁶
1637 1074 2287 1159 accusatorumque
2339 1077 2481 1135 tar-

347 1171 577 1244 dares.
595 1172 776 1262 Quis
803 1173 996 1240 enim
1027 1168 1162 1242 tibi
1175 1169 1524 1242 molestus
1552 1185 1761 1258 esset,
1790 1185 1917 1242 aut
1941 1175 2106 1269 quis
2125 1173 2489 1270 appellare

348 1280 682 1368 auderet,
718 1305 949 1378 quum
986 1277 1264 1352 videret
1305 1295 1571 1352 statuas
1610 1279 1702 1351 ab
1740 1281 2351 1378 negotiatoribuS,
2395 1283 2487 1356 ab

349 1389 752 1464 aratoribus
775 1445 794 1474 ‚
821 1415 861 1462 a
897 1394 1270 1462 communi
1305 1391 1595 1462 Siciliae?
1626 1391 1844 1483 Quod
1872 1407 1981 1463 est
2018 1393 2215 1464 aliud
2250 1395 2325 1464 in
2363 1395 2487 1467 illa

348 1505 720 1601 provincia
765 1525 994 1598 genus
1038 1501 1444 1572 humanum
1470 1501 1548 1572 ⁷?
1590 1501 1905 1574 nullum:
1952 1505 2141 1600 Ergo
2192 1503 2283 1575 ab
2321 1509 2487 1576 uni-

348 1636 552 1684 versa
586 1613 981 1710 provincia,
1003 1612 1546 1708 generatimque
1574 1636 1617 1682 a
1644 1612 1941 1709 singulis
1969 1613 2129 1707 ejus
2161 1614 2489 1712 partibus

351 1745 528 1793 non·
563 1721 806 1792 solum
853 1717 1214 1817 diligitur,
1265 1719 1390 1792 sed
1439 1721 1655 1792 etiam
1696 1735 2045 1792 ornatur:
2080 1725 2242 1820 quis
2292 1725 2495 1800 hunc

349 1835 698 1929 attingere
727 1830 1030 1902 audeat?
1069 1836 1284 1903 Potes
1309 1834 1531 1928 igitur
1556 1830 1829 1918 dicere,
1864 1833 2047 1903 nihil
2074 1833 2206 1906 tibi
2236 1835 2489 1910 obesse

352 1956 688 2038 oportere
717 1955 1118 2029 aratorum,
1151 1933 1683 2038 negotiatorum
1702 1996 1721 2029 ,
1751 1943 2307 2043 Siculorumque
2342 1959 2493 2020 omss

351 2055 557 2122 nium
595 2053 1003 2123 testimonia
1026 2106 1045 2140 ,
1089 2076 1320 2149 quum
1359 2076 1612 2123 eorum
1647 2051 2069 2148 nominibus
2104 2056 2181 2127 in
2225 2073 2491 2131 statua-

349 2185 512 2232 rum
557 2163 1027 2260 inscriptione
1061 2165 1316 2260 positis
1353 2186 1649 2233 omnem
1687 2176 1757 2233 te
1799 2167 2105 2260 speraris
2148 2168 2489 2242 invidiam

352 2285 570 2369 atque
602 2269 971 2343 infamiam
1001 2286 1201 2343 tuam
1227 2296 1438 2371 posse
1461 2275 1967 2370 exstinguere?
1996 2279 2139 2364 An,
2173 2304 2491 2376 quorum

351 2373 822 2454 auctoritate⁸
871 2396 954 2451 tu
1000 2395 1268 2452 statuas
1305 2381 1779 2452 cohonestare
1828 2397 1987 2454 tuas
2033 2402 2333 2460 conatus
2378 2416 2493 2478 es,

351 2513 608 2565 eorum
636 2513 772 2586 ego
807 2489 1154 2586 dignitate
1183 2495 1711 2563 accusationem
1740 2517 1977 2564 meam
2013 2497 2491 2595 comprobare

355 2627 502 2674 non
539 2597 852 2698 potero?

449 2711 596 2783 Nisi
635 2706 856 2797 forte,
907 2706 1110 2804 quod
1161 2708 1358 2806 apud
1399 2707 1829 2806 publicanos
1866 2713 2221 2808 gratiosus
2258 2715 2489 2808 fuisti,

353 2826 430 2894 in
455 2831 490 2880 9
532 2847 614 2894 ea
651 2847 734 2893 re
780 2844 942 2919 spes
987 2834 1058 2890 te
1113 2818 1353 2918 aliqua
1401 2820 1843 2891 consolatur.
1901 2824 2081 2912 Quae
2128 2829 2354 2924 gratia
2394 2854 2489 2902 ne

354 2933 532 3032 quid
563 2931 698 3005 tibi
729 2929 1069 3032 prodesse
1103 2945 1376 3030 posset,
1401 2949 1539 3030 ego
1580 2955 1737 3004 mea
1770 2931 2141 3030 diligentia
2177 2937 2485 3036 perfeci:

425 3165 475 3212 5.
514 3163 982 3214 Contemnendorum
1006 3197 1018 3209 .
1036 3199 1050 3212 .
1065 3199 1075 3210 .
1101 3173 1376 3211 aratorum.

356 3243 640 3309 Suspicatus
678 3253 752 3290 est
785 3243 981 3290 Gruter.
1021 3257 1240 3305 pannum
1276 3257 1380 3290 esse

354 3321 506 3371 Tullii
528 3337 760 3386 purpura
781 3331 1012 3369 assutum.
1047 3321 1141 3369 Cui
1165 3320 1380 3370 aduenti-

356 3414 438 3451 ωι-
477 3400 699 3461 Desierd.
738 3411 790 3448 et
823 3399 1021 3449 schatz.
1049 3401 1138 3464 qui
1168 3411 1380 3465 quatuor

355 3481 460 3530 hae
482 3480 626 3528 verba
655 3478 800 3526 delet.
835 3479 1068 3527 Defendit
1101 3491 1230 3528 reete
1255 3481 1374 3530 Em.

356 3561 444 3624 qui
477 3575 628 3624 genus
668 3557 768 3604 hoc
807 3559 1100 3620 exquisitum
1143 3557 1380 3622 loquendi

355 3638 630 3688 orationem
662 3637 1119 3686 contemnendorum
1132 3670 1150 3694 ,
1193 3637 1244 3684 id
1283 3648 1378 3695 est,

357 3718 496 3784 quani
535 3715 880 3782 contemnendi
932 3717 1057 3776 nint,
1099 3725 1196 3764 ete.
1237 3727 1381 3780 negat

353 3789 596 3860 ejusmodi
640 3811 742 3844 enne
775 3805 832 3844 ut
873 3810 968 3861 pro
1009 3793 1170 3859 glossa
1211 3793 1382 3844 haberi

357 3879 526 3944 poenit.

429 3959 478 4006 6.
516 3955 737 4005 Αηὶηιω.
764 3953 893 4012 Alii,
929 3951 1130 4003 amieos.
1163 3955 1214 4003 J.
1234 3955 1296 4000 V.
1323 3955 1376 4002 1..

435 4053 483 4098 ⁶7.
509 4035 687 4084 Meliue
713 4036 840 4082 forte
864 4030 1151 4088 Lambinus,
1173 4033 1377 4082 «11οωί-

359 4133 476 4164 nmn
498 4137 540 4164 υ.
566 4116 615 4165 J.
631 4117 698 4164 V.
725 4119 777 4164 1..
805 4141 872 4153 -
889 4113 1094 4177 Recepit
1123 4111 1322 4162 Schiitz.

1544 3163 1595 3212 8.
1618 3161 1833 3226 conjicit
1850 3163 2041 3212 Ernest.
2063 3165 2301 3216 voeabula
2326 3185 2493 3222 aucto-

1467 3239 1617 3288 ritate
1660 3251 1709 3288 et
1743 3241 1983 3306 dignitate
2010 3255 2284 3308 permutata
2300 3285 2315 3310 ,
2339 3266 2493 3315 quum

1467 3317 1541 3366 illi
1556 3319 1708 3384 mgis
1726 3320 1985 3370 conveniat
2005 3326 2347 3389 comprobare,
2375 3331 2493 3382 huie

1467 3397 1801 3448 cohonestare.
1842 3405 2052 3451 Frustra.
2094 3409 2377 3458 Auctoritas
2429 3415 2494 3463 ad

1468 3493 1553 3526 eos
1609 3481 1693 3542 qui
1753 3479 2047 3530 decernendi
2084 3485 2228 3533 Verri
2286 3487 2493 3542 honoris

1471 3559 1660 3606 fuerant
1697 3569 1941 3619 auctorem
1981 3561 2200 3628 dignitas
2238 3567 2301 3616 nd
2347 3580 2492 3622 teste·

1469 3638 1689 3687 refertur.
1719 3639 1897 3686 Semne
1917 3649 2024 3689 est:
2064 3643 2177 3690 Non
2205 3661 2295 3710 ego
2328 3648 2490 3715 dignis

1467 3732 1526 3764 nc
1542 3715 1871 3780 locupletibus
1892 3719 1952 3767 iio
1978 3719 2181 3769 testibus
2204 3725 2277 3772 uti
2298 3740 2491 3793 potero,

1469 3811 1679 3859 quorum
1704 3798 1925 3856 nomine,
1949 3799 2171 3863 pondere
2203 3815 2253 3852 et
2278 3813 2494 3860 auctori-

1469 3884 1567 3922 tate
1596 3891 1715 3922 usne
1748 3891 1831 3933 es,
1864 3885 1921 3924 ut
1954 3879 2123 3927 statuis
2161 3883 2256 3930 tuis
2288 3887 2491 3954 aliquod

1467 3953 1618 4002 decus
1642 3953 1879 4003 adderes?
1902 3995 1911 4004 .

1541 4047 1591 4096 9.
1618 4035 1721 4084 Cur
1745 4031 1795 4081 ae‘n
1824 4050 1885 4083 ea
1912 4041 2006 4083 re?
2040 4036 2141 4087 imo
2167 4056 2226 4089 ea
2251 4059 2333 4102 re,
2366 4064 2487 4112 pro.

1466 4123 1651 4178 pterea.
1675 4115 1865 4164 Ernest.
