2984 4684
761 355 873 428 IN
917 354 1357 426 VERREM
1405 319 1631 425 Acii
1670 353 1783 440 11,
1831 355 2021 424 Lm.
2066 356 2123 425 1.
2374 352 2505 426 361

379 481 458 548 in
495 473 732 548 Sicilia
768 473 860 548 de
887 474 1368 550 hereditatum
1396 472 1976 575 possessionibus
2011 471 2269 546 dandis
2297 473 2520 547 edixit

381 586 572 660 idem
593 641 612 676 ,
655 584 855 684 quod
897 610 1151 676 omnes
1191 591 1437 662 Romae
1459 641 1478 674 ,
1526 599 1787 685 praeter
1827 589 2069 658 istum.
2115 589 2233 676 Ex,
2262 611 2519 658 nmero

379 703 755 770 SICtLIENSI
783 723 798 766 :
829 721 889 768 sl
925 723 1018 768 ms
1057 722 1514 770 HEREDITATE
1550 720 1955 768 summa-un
1961 749 2076 767 .....

475 811 724 882 XLVI.
763 811 887 895 At,
925 833 1058 907 per
1083 806 1257 880 deos
1282 807 1730 880 immortales
1748 861 1769 894 ,
1800 803 1982 903 quid
2005 819 2113 877 est
2135 859 2156 894 ,
2186 803 2391 903 quod
2430 803 2519 877 dc

379 917 522 992 hoc
547 915 689 991 dici
725 919 1000 1016 possit?
1032 923 1305 990 Iterum
1343 921 1536 989 enim
1558 918 1711 1014 jam
1742 940 1989 1014 quaero
2026 914 2155 988 abs
2189 928 2263 986 te
2284 969 2305 1004 ,
2338 919 2522 988 sicut

341 1075 350 1082 ·
380 1025 602 1102 modo
637 1030 716 1098 in
760 1027 884 1100 illo
922 1032 1155 1128 capite
1190 1031 1525 1101 Anniano
1558 1025 1648 1098 de
1678 1028 2058 1098 mulierum
2100 1025 2519 1098 hereditati-

379 1137 559 1227 bus,
581 1141 881 1210 nuncin
909 1139 1054 1211 hoc
1089 1138 1180 1211 de
1215 1137 1702 1212 hereditatum
1745 1135 2363 1236 possessionibus:
2393 1161 2525 1208 cur

381 1271 468 1320 ea
494 1251 728 1346 capita
767 1251 847 1319 in
888 1247 1208 1322 edictum
1242 1247 1687 1347 provinciale
1726 1245 2113 1321 transferre
2155 1247 2525 1319 nolueris?

378 1361 644 1430 Utrum
680 1357 1044 1457 digniores
1081 1359 1414 1436 homines
1455 1361 1873 1430 existimasti
1910 1381 2059 1444 eos,
2079 1361 2209 1456 qui
2247 1356 2524 1428 habita-

380 1466 563 1545 bant
601 1471 679 1539 in
721 1472 1132 1569 provincia,
1180 1493 1402 1568 quam
1445 1495 1619 1556 nOS,
1659 1473 1788 1567 qui
1829 1493 2039 1566 aequo
2078 1469 2239 1564 jure
2290 1483 2527 1539 utere-

381 1579 638 1650 mur¹?
690 1602 782 1650 an
831 1578 1026 1655 aliud
1069 1583 1314 1651 Romae
1355 1604 1648 1677 aequum
1691 1592 1830 1664 est,
1872 1575 2071 1650 aliud
2110 1581 2191 1647 in
2241 1575 2525 1649 Sicilia?

377 1692 549 1762 Non
588 1691 784 1761 enim
833 1690 976 1762 hoc
1020 1677 1258 1789 potest
1312 1689 1456 1761 hoc
1496 1690 1701 1762 loco²
1750 1688 1927 1779 dici,
1970 1687 2204 1764 multa
2244 1712 2397 1760 esse
2447 1691 2523 1759 in

379 1800 772 1898 provinciis
814 1799 1023 1872 aliter
1061 1798 1449 1872 edicenda:
1503 1825 1653 1872 non
1700 1797 1791 1872 de
1829 1797 2315 1873 hereditatum
2357 1801 2526 1897 qui-

380 1906 550 1984 dem
586 1909 1164 2009 possessionibus
1185 1965 1204 1998 ,
1246 1935 1400 1982 non
1433 1909 1526 1982 de
1556 1911 1946 1982 mulierum
1974 1906 2521 1982 hereditatibus.

380 2016 610 2094 Namff·
654 2034 968 2120 utroque
1012 2013 1277 2120 genere
1325 2019 1540 2098 video
1578 2045 1729 2094 non
1776 2018 1999 2096 modo
2036 2031 2350 2106 ceter05,
2399 2017 2525 2088 sed

379 2144 455 2204 te
491 2133 732 2228 ipsum
781 2129 1085 2206 totidem
1128 2129 1369 2203 verbis
1414 2130 1720 2204 edixisse
1742 2185 1763 2218 ‚
1820 2143 2003 2228 quot
2042 2127 2284 2201 verbis
2341 2126 2524 2200 edici

379 2241 627 2316 Romae
671 2239 876 2312 solet.
920 2242 1100 2331 Quae
1131 2245 1379 2313 Romae
1418 2265 1677 2340 magna
1714 2265 1883 2312 cum
1921 2237 2252 2325 infamia,
2289 2243 2526 2338 pretio

380 2364 714 2448 acceptO,
755 2349 1114 2440 edixeras,
1168 2375 1252 2424 ea
1295 2353 1447 2425 sola
1481 2368 1591 2438 te,
1648 2377 1741 2424 ne
1776 2355 1995 2450 gratis
2035 2355 2112 2422 in
2151 2354 2527 2449 provincia

379 2460 563 2538 male
585 2460 869 2534 audires
889 2515 909 2547 ,
944 2487 1032 2532 ex
1058 2459 1296 2533 edicto
1321 2462 1675 2533 Siciliensi
1704 2460 2078 2534 sustulisse
2121 2460 2361 2532 video.
2400 2465 2523 2547 Et,

379 2596 610 2668 quum
642 2570 959 2647 edictum
987 2583 1238 2644 ‘totum
1277 2595 1535 2643 eorum
1572 2568 1965 2658 arbitratu,
2002 2567 2353 2666 quamdiu
2389 2565 2525 2639 fuit

382 2679 828 2780 designatus,
860 2695 1362 2778 componeret,
1401 2684 1529 2778 qui
1566 2679 1657 2751 ab
1695 2683 1832 2752 isto
1862 2681 1984 2775 jus
2016 2679 2107 2750 ad
2140 2677 2523 2750 utilitatem

383 2816 588 2864 suam
623 2789 1257 2880 nundinarentur3
1290 2805 1450 2862 tum
1487 2816 1661 2863 vero
1703 2795 1781 2863 in
1813 2794 2233 2890 magistratu
2272 2805 2525 2862 contra

381 2900 564 2973 illud
615 2901 934 2974 edictum
987 2928 1203 2974 suum
1245 2905 1400 2974 sine
1453 2901 1602 2974 ulla
1658 2903 2009 3000 religione
2064 2899 2521 2972 decernebat.

383 3015 638 3110 Itaque
663 3018 740 3085 L.
760 3016 974 3086 Piso‘·
1003 3013 1274 3084 multos
1303 3010 1589 3084 codices
1610 3012 1941 3112 implevit
1969 3035 2215 3083 earum
2242 3036 2487 3083 rerum
2504 3067 2524 3102 ,

384 3285 754 3337 hereditatibus.
774 3288 904 3336 Vide
927 3305 1076 3355 supra
1101 3305 1210 3354 esp.
1235 3295 1410 3346 41-44.

456 3365 637 3413 XLVI.
665 3380 686 3412 1
695 3399 708 3414 .
722 3367 1124 3416 Emendationem
1141 3371 1414 3417 Hotoman-

387 3441 467 3501 ni,
497 3453 741 3490 uteremur
755 3475 770 3498 ‚
816 3445 995 3508 probat
1028 3449 1090 3495 P.
1125 3443 1378 3494 Manutius
1393 3479 1410 3503 ,

385 3522 604 3585 itemque
643 3522 910 3572 Ernestius.
944 3523 1208 3588 Vulgatam
1251 3535 1414 3572 tamen

386 3601 649 3650 lectionem
681 3601 904 3650 Gravius
930 3601 1168 3652 defendit.
1192 3604 1226 3652 J
1229 3639 1244 3653 .
1263 3603 1328 3652 V.
1355 3605 1409 3651 1..

387 3708 460 3718 —
491 3683 638 3730 Hunc
661 3681 912 3745 sequimur
951 3683 1018 3731 ob
1053 3682 1132 3742 id,
1166 3683 1283 3748 quis
1314 3683 1413 3732 hoc

387 3761 592 3810 verbum
611 3761 782 3809 maluit
793 3760 966 3810 Cicero
977 3797 992 3822 ,
1013 3777 1150 3811 more
1169 3762 1413 3812 veteribus

389 3843 648 3904 familiari,
687 3841 986 3907 respondere
1009 3843 1196 3892 ultimis
1211 3843 1289 3890 his
1306 3859 1413 3890 ver-

389 3925 466 3972 bis
483 3941 634 3989 quam
645 3940 758 3972 nos.
777 3923 858 3970 Sic
876 3926 940 3973 T.
957 3923 1060 3971 Liv.
1078 3926 1154 3971 lx
1171 3961 1186 3986 ,
1203 3925 1262 3973 8:
1281 3945 1308 3966 α
1323 3939 1413 3971 nec

391 4003 658 4068 quidquam
698 4020 760 4052 ex
805 4019 858 4050 ea
879 4036 896 4062 ,
941 4013 1266 4067 pmterqusm
1307 4018 1414 4050 eor-

392 4095 512 4144 pora
537 4093 701 4131 nostra
730 4081 972 4130 debentur
985 4101 1024 4130 n.

1575 3304 1624 3335 a.
1672 3286 1809 3336 Edit.
1846 3284 2171 3344 Grates-iana,
2218 3281 2317 3330 «in
2356 3279 2529 3330 loco».

1501 3367 1549 3416 J.
1568 3369 1634 3414 V.
1659 3367 1714 3414 L.

1576 3447 1626 3496 3.
1652 3443 1915 3493 Lambinus
1940 3441 2081 3490 addit
2108 3437 2178 3488 in.
2217 3439 2265 3487 J.
2280 3441 2345 3484 V.
2364 3440 2421 3485 1..

1574 3531 1623 3580 4.
1664 3527 1718 3572 L.
1754 3523 1880 3571 Piso.
1914 3521 2055 3569 Alter
2094 3529 2293 3585 prator,
2328 3517 2417 3582 qui
2446 3518 2528 3579 jus

1500 3603 1695 3652 dicebat
1722 3603 1851 3652 inter
1883 3599 2181 3665 peregrinos.
2210 3623 2281 3632 —-
2310 3594 2525 3646 codices.

1502 3687 1561 3732 In
1579 3697 1703 3747 quos
1718 3693 1827 3730 acts
1842 3680 2149 3743 magistratus
2166 3674 2245 3724 sui
2268 3674 2523 3725 refer-ebet-

1503 3761 1735 3812 Similiter
1772 3761 1825 3808 in
1872 3758 2075 3809 Castris
2121 3755 2492 3805 Commentariis
2508 3793 2525 3820 ,

1502 3845 1609 3902 111,
1643 3857 1711 3889 ao
1733 3875 1750 3898 ,
1792 3841 1865 3888 M.
1902 3837 2043 3887 Coelii
2080 3835 2304 3902 praetoris
2342 3837 2527 3884 mentio

1502 3921 1587 3979 fit,
1615 3919 1729 3983 qui,
1756 3919 1800 3966 si
1833 3917 1943 3982 quis
1980 3931 2006 3962 s
2046 3917 2107 3965 C.
2130 3915 2379 3964 Trebonio
2400 3930 2526 3978 pra-

1504 4011 1611 4049 tore
1632 3997 1821 4046 urbano
1843 3996 2209 4061 appellavisset,
2236 3997 2281 4045 ei
2313 3997 2417 4045 sore
2440 4010 2527 4042 su-

1505 4079 1629 4127 xilio
1654 4077 1993 4142 pollicebatur.
