<?xml version="1.0" encoding="UTF-8"?>
<!DOCTYPE html PUBLIC "-//W3C//DTD XHTML 1.0 Transitional//EN"
    "http://www.w3.org/TR/xhtml1/DTD/xhtml1-transitional.dtd">
<html xmlns="http://www.w3.org/1999/xhtml" xml:lang="en" lang="en">
 <head>
  <title>
</title>
<meta http-equiv="Content-Type" content="text/html;charset=utf-8" />
  <meta name='ocr-system' content='tesseract 3.04.00' />
  <meta name='ocr-capabilities' content='ocr_page ocr_carea ocr_par ocr_line ocrx_word'/>
</head>
<body>
  <div class='ocr_page' id='page_1' title='image "./mtciceronisquae03lemagoog_0089.png"; bbox 0 0 2984 4684; ppageno 0'>
   <div class='ocr_carea' id='block_1_1' title="bbox 706 352 2466 468">
    <p class='ocr_par' dir='ltr' id='par_1_1' title="bbox 706 352 2466 468">
     <span class='ocr_line' id='line_1_1' title="bbox 706 352 2466 468; baseline 0.003 -27"><span class='ocrx_word' id='word_1_1' title='bbox 706 370 1087 468; x_wconf 76' lang='lat' dir='ltr'><strong>oRA&#39;rlo</strong></span> <span class='ocrx_word' id='word_1_2' title='bbox 1136 372 1337 441; x_wconf 84' lang='lat' dir='ltr'><strong>PRO</strong></span> <span class='ocrx_word' id='word_1_3' title='bbox 1387 372 1464 440; x_wconf 88' lang='lat' dir='ltr'><strong>P.</strong></span> <span class='ocrx_word' id='word_1_4' title='bbox 1516 370 1995 460; x_wconf 83' lang='lat' dir='ltr'><strong>QUINTIO.</strong></span> <span class='ocrx_word' id='word_1_5' title='bbox 2321 370 2419 468; x_wconf 74' lang='lat'><strong>49</strong></span> <span class='ocrx_word' id='word_1_6' title='bbox 2461 352 2466 359; x_wconf 82' lang='grc'><strong>’</strong></span> 
     </span>
    </p>
   </div>
   <div class='ocr_carea' id='block_1_2' title="bbox 278 490 2446 3562">
    <p class='ocr_par' dir='ltr' id='par_1_2' title="bbox 278 490 2432 1479">
     <span class='ocr_line' id='line_1_2' title="bbox 280 490 2423 595; baseline -0.002 -26"><span class='ocrx_word' id='word_1_7' title='bbox 280 494 781 595; x_wconf 81' lang='lat' dir='ltr'><strong>copiosissime</strong></span> <span class='ocrx_word' id='word_1_8' title='bbox 814 490 1191 565; x_wconf 84' lang='lat' dir='ltr'><strong>defensum</strong></span> <span class='ocrx_word' id='word_1_9' title='bbox 1222 517 1380 565; x_wconf 88' lang='lat' dir='ltr'><strong>esse</strong></span> <span class='ocrx_word' id='word_1_10' title='bbox 1406 491 1752 565; x_wconf 86' lang='lat' dir='ltr'><strong>contendi</strong></span> <span class='ocrx_word' id='word_1_11' title='bbox 1770 546 1791 581; x_wconf 89' lang='lat'><strong>,</strong></span> <span class='ocrx_word' id='word_1_12' title='bbox 1825 517 1976 565; x_wconf 88' lang='lat' dir='ltr'><strong>non</strong></span> <span class='ocrx_word' id='word_1_13' title='bbox 2003 490 2096 565; x_wconf 91' lang='lat' dir='ltr'><strong>ab</strong></span> <span class='ocrx_word' id='word_1_14' title='bbox 2123 492 2423 565; x_wconf 88' lang='lat' dir='ltr'><strong>homine</strong></span> 
     </span>
     <span class='ocr_line' id='line_1_3' title="bbox 284 602 2428 703; baseline -0.003 -23"><span class='ocrx_word' id='word_1_15' title='bbox 284 608 559 694; x_wconf 79' lang='lat' dir='ltr'><strong>alieno,</strong></span> <span class='ocrx_word' id='word_1_16' title='bbox 588 622 834 702; x_wconf 83' lang='lat' dir='ltr'><strong>neque</strong></span> <span class='ocrx_word' id='word_1_17' title='bbox 868 603 961 674; x_wconf 86' lang='lat' dir='ltr'><strong>ab</strong></span> <span class='ocrx_word' id='word_1_18' title='bbox 982 604 1231 703; x_wconf 87' lang='lat' dir='ltr'><strong>aliquo</strong></span> <span class='ocrx_word' id='word_1_19' title='bbox 1256 604 1772 676; x_wconf 83' lang='lat' dir='ltr'><strong>calumniatore</strong></span> <span class='ocrx_word' id='word_1_20' title='bbox 1807 618 2027 702; x_wconf 88' lang='lat' dir='ltr'><strong>atque</strong></span> <span class='ocrx_word' id='word_1_21' title='bbox 2054 602 2428 701; x_wconf 77' lang='lat' dir='ltr'><strong>improbe,</strong></span> 
     </span>
     <span class='ocr_line' id='line_1_4' title="bbox 278 715 2424 814; baseline -0.004 -23"><span class='ocrx_word' id='word_1_22' title='bbox 278 718 411 791; x_wconf 90' lang='lat' dir='ltr'><strong>sed</strong></span> <span class='ocrx_word' id='word_1_23' title='bbox 444 715 539 788; x_wconf 90' lang='lat' dir='ltr'><strong>ab</strong></span> <span class='ocrx_word' id='word_1_24' title='bbox 579 718 827 813; x_wconf 84' lang='lat' dir='ltr'><strong>equite</strong></span> <span class='ocrx_word' id='word_1_25' title='bbox 859 738 1162 787; x_wconf 88' lang='lat' dir='ltr'><strong>romano</strong></span> <span class='ocrx_word' id='word_1_26' title='bbox 1179 768 1200 805; x_wconf 93' lang='lat'><strong>,</strong></span> <span class='ocrx_word' id='word_1_27' title='bbox 1246 717 1670 814; x_wconf 86' lang='lat' dir='ltr'><strong>propinquo</strong></span> <span class='ocrx_word' id='word_1_28' title='bbox 1702 726 1778 783; x_wconf 92' lang='lat' dir='ltr'><strong>et</strong></span> <span class='ocrx_word' id='word_1_29' title='bbox 1811 716 2214 785; x_wconf 83' lang='lat' dir='ltr'><strong>necessario</strong></span> <span class='ocrx_word' id='word_1_30' title='bbox 2246 736 2382 784; x_wconf 88' lang='lat' dir='ltr'><strong>suo</strong></span> <span class='ocrx_word' id='word_1_31' title='bbox 2402 766 2424 800; x_wconf 89' lang='lat'>‚</span> 
     </span>
     <span class='ocr_line' id='line_1_5' title="bbox 278 824 2426 927; baseline -0.002 -28"><span class='ocrx_word' id='word_1_32' title='bbox 278 850 509 927; x_wconf 81' lang='lat' dir='ltr'><strong>quem</strong></span> <span class='ocrx_word' id='word_1_33' title='bbox 536 830 694 925; x_wconf 88' lang='lat' dir='ltr'><strong>ipse</strong></span> <span class='ocrx_word' id='word_1_34' title='bbox 718 827 879 897; x_wconf 83' lang='lat' dir='ltr'><strong>Sex.</strong></span> <span class='ocrx_word' id='word_1_35' title='bbox 893 828 1180 897; x_wconf 78' lang='lat' dir='ltr'><strong>Naevius</strong></span> <span class='ocrx_word' id='word_1_36' title='bbox 1204 837 1753 925; x_wconf 87' lang='lat' dir='ltr'><strong>procuratorem</strong></span> <span class='ocrx_word' id='word_1_37' title='bbox 1777 824 2188 922; x_wconf 82' lang='lat' dir='ltr'><strong>relinquere</strong></span> <span class='ocrx_word' id='word_1_38' title='bbox 2213 838 2426 895; x_wconf 88' lang='lat' dir='ltr'><strong>antea</strong></span> 
     </span>
     <span class='ocr_line' id='line_1_6' title="bbox 278 931 2424 1033; baseline -0.003 -23"><span class='ocrx_word' id='word_1_39' title='bbox 278 950 743 1010; x_wconf 85' lang='lat' dir='ltr'><strong>consuesset:</strong></span> <span class='ocrx_word' id='word_1_40' title='bbox 778 958 1019 1033; x_wconf 91' lang='lat' dir='ltr'><strong>neque</strong></span> <span class='ocrx_word' id='word_1_41' title='bbox 1047 960 1217 1007; x_wconf 89' lang='lat' dir='ltr'><strong>eum</strong></span> <span class='ocrx_word' id='word_1_42' title='bbox 1235 990 1255 1026; x_wconf 93' lang='lat'><strong>,</strong></span> <span class='ocrx_word' id='word_1_43' title='bbox 1272 938 1333 1007; x_wconf 92' lang='lat' dir='ltr'><strong>si</strong></span> <span class='ocrx_word' id='word_1_44' title='bbox 1357 932 1696 1006; x_wconf 85' lang='lat' dir='ltr'><strong>tribunos</strong></span> <span class='ocrx_word' id='word_1_45' title='bbox 1715 932 2123 1031; x_wconf 86' lang='lat' dir='ltr'><strong>appellarit,</strong></span> <span class='ocrx_word' id='word_1_46' title='bbox 2149 931 2424 1005; x_wconf 90' lang='lat' dir='ltr'><strong>idcirco</strong></span> 
     </span>
     <span class='ocr_line' id='line_1_7' title="bbox 282 1041 2428 1144; baseline -0.002 -27"><span class='ocrx_word' id='word_1_47' title='bbox 282 1050 533 1117; x_wconf 89' lang='lat' dir='ltr'><strong>minus</strong></span> <span class='ocrx_word' id='word_1_48' title='bbox 561 1043 924 1141; x_wconf 85' lang='lat' dir='ltr'><strong>judicium</strong></span> <span class='ocrx_word' id='word_1_49' title='bbox 954 1047 1105 1143; x_wconf 89' lang='lat' dir='ltr'><strong>pati</strong></span> <span class='ocrx_word' id='word_1_50' title='bbox 1136 1058 1467 1144; x_wconf 87' lang='lat' dir='ltr'><strong>paratum</strong></span> <span class='ocrx_word' id='word_1_51' title='bbox 1500 1041 1720 1115; x_wconf 85' lang='lat' dir='ltr'><strong>fuisse</strong></span> <span class='ocrx_word' id='word_1_52' title='bbox 1749 1068 1766 1112; x_wconf 72' lang='grc' dir='ltr'><em>ε</em></span> <span class='ocrx_word' id='word_1_53' title='bbox 1806 1066 2048 1140; x_wconf 89' lang='lat' dir='ltr'><strong>neque</strong></span> <span class='ocrx_word' id='word_1_54' title='bbox 2095 1045 2428 1141; x_wconf 78' lang='lat' dir='ltr'><strong>potentia</strong></span> 
     </span>
     <span class='ocr_line' id='line_1_8' title="bbox 282 1159 2430 1259; baseline -0.002 -28"><span class='ocrx_word' id='word_1_55' title='bbox 282 1161 781 1259; x_wconf 83' lang='lat' dir='ltr'><strong>procuratoris</strong></span> <span class='ocrx_word' id='word_1_56' title='bbox 811 1160 1058 1231; x_wconf 80' lang='lat' dir='ltr'><strong>Naevio</strong></span> <span class='ocrx_word' id='word_1_57' title='bbox 1085 1160 1207 1257; x_wconf 89' lang='lat' dir='ltr'><strong>jus</strong></span> <span class='ocrx_word' id='word_1_58' title='bbox 1233 1172 1608 1256; x_wconf 84' lang='lat' dir='ltr'><strong>ereptum3</strong></span> <span class='ocrx_word' id='word_1_59' title='bbox 1645 1170 1900 1229; x_wconf 87' lang='lat' dir='ltr'><strong>contra</strong></span> <span class='ocrx_word' id='word_1_60' title='bbox 1922 1159 2144 1228; x_wconf 85' lang='lat' dir='ltr'><strong>istum</strong></span> <span class='ocrx_word' id='word_1_61' title='bbox 2173 1171 2430 1255; x_wconf 88' lang='lat' dir='ltr'><strong>poten·-</strong></span> 
     </span>
     <span class='ocr_line' id='line_1_9' title="bbox 284 1264 2432 1366; baseline -0.001 -25"><span class='ocrx_word' id='word_1_62' title='bbox 284 1273 387 1341; x_wconf 83' lang='lat' dir='ltr'><strong>tia</strong></span> <span class='ocrx_word' id='word_1_63' title='bbox 412 1265 445 1313; x_wconf 76' lang='lat'><em>5</em></span> <span class='ocrx_word' id='word_1_64' title='bbox 494 1293 627 1341; x_wconf 92' lang='lat' dir='ltr'><strong>sua</strong></span> <span class='ocrx_word' id='word_1_65' title='bbox 660 1282 821 1339; x_wconf 87' lang='lat' dir='ltr'><strong>tum</strong></span> <span class='ocrx_word' id='word_1_66' title='bbox 850 1268 1362 1341; x_wconf 79' lang='lat' dir='ltr'><strong>tantummodo</strong></span> <span class='ocrx_word' id='word_1_67' title='bbox 1409 1268 1862 1366; x_wconf 83' lang='lat' dir='ltr'><strong>superiorem</strong></span> <span class='ocrx_word' id='word_1_68' title='bbox 1916 1264 2178 1352; x_wconf 81' lang='lat' dir='ltr'><strong>fuisse,</strong></span> <span class='ocrx_word' id='word_1_69' title='bbox 2227 1290 2432 1339; x_wconf 85' lang='lat' dir='ltr'><strong>nunc</strong></span> 
     </span>
     <span class='ocr_line' id='line_1_10' title="bbox 289 1376 1791 1479; baseline -0.001 -28"><span class='ocrx_word' id='word_1_70' title='bbox 289 1378 511 1451; x_wconf 85' lang='lat' dir='ltr'><strong>nobis</strong></span> <span class='ocrx_word' id='word_1_71' title='bbox 538 1382 663 1451; x_wconf 83' lang='lat' dir='ltr'><strong>vix</strong></span> <span class='ocrx_word' id='word_1_72' title='bbox 698 1378 1097 1477; x_wconf 84' lang='lat' dir='ltr'><strong>respirandi</strong></span> <span class='ocrx_word' id='word_1_73' title='bbox 1128 1391 1562 1479; x_wconf 85' lang='lat' dir='ltr'><strong>potestatem</strong></span> <span class='ocrx_word' id='word_1_74' title='bbox 1598 1376 1791 1449; x_wconf 76' lang='lat' dir='ltr'><strong>dare.</strong></span> 
     </span>
    </p>

    <p class='ocr_par' dir='ltr' id='par_1_3' title="bbox 286 1486 2446 3562">
     <span class='ocr_line' id='line_1_11' title="bbox 384 1486 2429 1588; baseline -0.001 -25"><span class='ocrx_word' id='word_1_75' title='bbox 384 1496 648 1563; x_wconf 84' lang='lat' dir='ltr'><strong>XXIX.</strong></span> <span class='ocrx_word' id='word_1_76' title='bbox 694 1490 1045 1580; x_wconf 58' lang='lat' dir='ltr'><strong>Quasivi,</strong></span> <span class='ocrx_word' id='word_1_77' title='bbox 1082 1514 1247 1588; x_wconf 80' lang='lat' dir='ltr'><strong>quae</strong></span> <span class='ocrx_word' id='word_1_78' title='bbox 1288 1512 1506 1561; x_wconf 90' lang='lat' dir='ltr'><strong>causa</strong></span> <span class='ocrx_word' id='word_1_79' title='bbox 1533 1487 1825 1577; x_wconf 87' lang='lat' dir='ltr'><strong>fuisset,</strong></span> <span class='ocrx_word' id='word_1_80' title='bbox 1876 1512 2009 1561; x_wconf 84' lang='lat' dir='ltr'><strong>cur</strong></span> <span class='ocrx_word' id='word_1_81' title='bbox 2047 1486 2246 1561; x_wconf 87' lang='lat' dir='ltr'><strong>bona</strong></span> <span class='ocrx_word' id='word_1_82' title='bbox 2273 1512 2429 1561; x_wconf 89' lang='lat' dir='ltr'><strong>non</strong></span> 
     </span>
     <span class='ocr_line' id='line_1_12' title="bbox 286 1597 2440 1699; baseline -0.001 -26"><span class='ocrx_word' id='word_1_83' title='bbox 286 1603 681 1689; x_wconf 77' lang='lat' dir='ltr'><strong>venissent,</strong></span> <span class='ocrx_word' id='word_1_84' title='bbox 696 1624 931 1698; x_wconf 89' lang='lat' dir='ltr'><strong>quum</strong></span> <span class='ocrx_word' id='word_1_85' title='bbox 963 1622 1055 1673; x_wconf 84' lang='lat' dir='ltr'><strong>ex</strong></span> <span class='ocrx_word' id='word_1_86' title='bbox 1076 1598 1314 1671; x_wconf 88' lang='lat' dir='ltr'><strong>edicto</strong></span> <span class='ocrx_word' id='word_1_87' title='bbox 1340 1597 1927 1699; x_wconf 86' lang='lat' dir='ltr'><strong>possiderentur:</strong></span> <span class='ocrx_word' id='word_1_88' title='bbox 1957 1597 2222 1671; x_wconf 89' lang='lat' dir='ltr'><strong>deinde</strong></span> <span class='ocrx_word' id='word_1_89' title='bbox 2251 1597 2440 1671; x_wconf 91' lang='lat' dir='ltr'><strong>illud</strong></span> 
     </span>
     <span class='ocr_line' id='line_1_13' title="bbox 286 1707 2433 1809; baseline -0.001 -27"><span class='ocrx_word' id='word_1_90' title='bbox 286 1734 591 1809; x_wconf 87' lang='lat' dir='ltr'><strong>quoque</strong></span> <span class='ocrx_word' id='word_1_91' title='bbox 612 1712 988 1807; x_wconf 86' lang='lat' dir='ltr'><strong>requisivi,</strong></span> <span class='ocrx_word' id='word_1_92' title='bbox 1005 1733 1153 1807; x_wconf 89' lang='lat' dir='ltr'><strong>qua</strong></span> <span class='ocrx_word' id='word_1_93' title='bbox 1174 1712 1454 1781; x_wconf 89' lang='lat' dir='ltr'><strong>ratione</strong></span> <span class='ocrx_word' id='word_1_94' title='bbox 1474 1732 1562 1779; x_wconf 82' lang='lat' dir='ltr'><strong>ex</strong></span> <span class='ocrx_word' id='word_1_95' title='bbox 1575 1722 1688 1779; x_wconf 91' lang='lat' dir='ltr'><strong>tot</strong></span> <span class='ocrx_word' id='word_1_96' title='bbox 1709 1707 2190 1781; x_wconf 87' lang='lat' dir='ltr'><strong>creditoribus</strong></span> <span class='ocrx_word' id='word_1_97' title='bbox 2213 1732 2433 1781; x_wconf 88' lang='lat' dir='ltr'><strong>nemo</strong></span> 
     </span>
     <span class='ocr_line' id='line_1_14' title="bbox 290 1818 2439 1919; baseline -0.001 -26"><span class='ocrx_word' id='word_1_98' title='bbox 290 1846 536 1919; x_wconf 89' lang='lat' dir='ltr'><strong>neque</strong></span> <span class='ocrx_word' id='word_1_99' title='bbox 565 1835 719 1892; x_wconf 89' lang='lat' dir='ltr'><strong>tum</strong></span> <span class='ocrx_word' id='word_1_100' title='bbox 746 1819 941 1893; x_wconf 89' lang='lat' dir='ltr'><strong>idem</strong></span> <span class='ocrx_word' id='word_1_101' title='bbox 963 1818 1239 1908; x_wconf 86' lang='lat' dir='ltr'><strong>fecerit,</strong></span> <span class='ocrx_word' id='word_1_102' title='bbox 1260 1842 1502 1916; x_wconf 88' lang='lat' dir='ltr'><strong>neque</strong></span> <span class='ocrx_word' id='word_1_103' title='bbox 1522 1842 1726 1889; x_wconf 88' lang='lat' dir='ltr'><strong>nunc</strong></span> <span class='ocrx_word' id='word_1_104' title='bbox 1749 1833 2004 1891; x_wconf 88' lang='lat' dir='ltr'><strong>contra</strong></span> <span class='ocrx_word' id='word_1_105' title='bbox 2034 1818 2261 1908; x_wconf 88' lang='lat' dir='ltr'><strong>dicat,</strong></span> <span class='ocrx_word' id='word_1_106' title='bbox 2283 1843 2439 1891; x_wconf 92' lang='lat' dir='ltr'><strong>om-</strong></span> 
     </span>
     <span class='ocr_line' id='line_1_15' title="bbox 290 1932 2436 2029; baseline -0.001 -26"><span class='ocrx_word' id='word_1_107' title='bbox 290 1956 573 2029; x_wconf 81' lang='lat' dir='ltr'><strong>nesque</strong></span> <span class='ocrx_word' id='word_1_108' title='bbox 618 1954 753 2029; x_wconf 89' lang='lat' dir='ltr'><strong>pro</strong></span> <span class='ocrx_word' id='word_1_109' title='bbox 799 1934 875 2009; x_wconf 71' lang='lat' dir='ltr'><strong>P.</strong></span> <span class='ocrx_word' id='word_1_110' title='bbox 913 1932 1221 2021; x_wconf 87' lang='lat' dir='ltr'><strong>Quintio</strong></span> <span class='ocrx_word' id='word_1_111' title='bbox 1256 1942 1625 2027; x_wconf 83' lang='lat' dir='ltr'><strong>pugnent3</strong></span> <span class='ocrx_word' id='word_1_112' title='bbox 1667 1932 2062 2026; x_wconf 82' lang='lat' dir='ltr'><strong>praesertim</strong></span> <span class='ocrx_word' id='word_1_113' title='bbox 2094 1954 2326 2027; x_wconf 91' lang='lat' dir='ltr'><strong>quum</strong></span> <span class='ocrx_word' id='word_1_114' title='bbox 2356 1933 2436 2001; x_wconf 86' lang='lat' dir='ltr'><strong>in</strong></span> 
     </span>
     <span class='ocr_line' id='line_1_16' title="bbox 294 2035 2436 2136; baseline -0.001 -23"><span class='ocrx_word' id='word_1_115' title='bbox 294 2038 711 2136; x_wconf 85' lang='lat' dir='ltr'><strong>talijudicio</strong></span> <span class='ocrx_word' id='word_1_116' title='bbox 739 2041 1151 2111; x_wconf 87' lang='lat' dir='ltr'><strong>testimonia</strong></span> <span class='ocrx_word' id='word_1_117' title='bbox 1167 2035 1614 2109; x_wconf 87' lang='lat' dir='ltr'><strong>creditorum</strong></span> <span class='ocrx_word' id='word_1_118' title='bbox 1634 2038 2137 2110; x_wconf 82' lang='lat' dir='ltr'><strong>existimentur</strong></span> <span class='ocrx_word' id='word_1_119' title='bbox 2161 2038 2254 2110; x_wconf 92' lang='lat' dir='ltr'><strong>ad</strong></span> <span class='ocrx_word' id='word_1_120' title='bbox 2281 2064 2436 2111; x_wconf 87' lang='lat' dir='ltr'><strong>rem</strong></span> 
     </span>
     <span class='ocr_line' id='line_1_17' title="bbox 290 2146 2441 2248; baseline -0.001 -25"><span class='ocrx_word' id='word_1_121' title='bbox 290 2153 605 2223; x_wconf 80' lang='lat' dir='ltr'><strong>maxime</strong></span> <span class='ocrx_word' id='word_1_122' title='bbox 630 2151 1019 2248; x_wconf 85' lang='lat' dir='ltr'><strong>pertinere.</strong></span> <span class='ocrx_word' id='word_1_123' title='bbox 1035 2154 1291 2221; x_wconf 86' lang='lat' dir='ltr'><strong>Postea</strong></span> <span class='ocrx_word' id='word_1_124' title='bbox 1308 2172 1471 2220; x_wconf 89' lang='lat' dir='ltr'><strong>sum</strong></span> <span class='ocrx_word' id='word_1_125' title='bbox 1505 2172 1682 2219; x_wconf 88' lang='lat' dir='ltr'><strong>usus</strong></span> <span class='ocrx_word' id='word_1_126' title='bbox 1702 2146 2090 2224; x_wconf 87' lang='lat' dir='ltr'><strong>adversarii</strong></span> <span class='ocrx_word' id='word_1_127' title='bbox 2115 2152 2441 2222; x_wconf 83' lang='lat' dir='ltr'><strong>testimo-</strong></span> 
     </span>
     <span class='ocr_line' id='line_1_18' title="bbox 296 2255 2438 2358; baseline 0.001 -27"><span class='ocrx_word' id='word_1_128' title='bbox 296 2263 423 2331; x_wconf 89' lang='lat' dir='ltr'><strong>nio</strong></span> <span class='ocrx_word' id='word_1_129' title='bbox 444 2312 467 2347; x_wconf 91' lang='lat'><strong>,</strong></span> <span class='ocrx_word' id='word_1_130' title='bbox 500 2261 633 2357; x_wconf 87' lang='lat' dir='ltr'><strong>qui</strong></span> <span class='ocrx_word' id='word_1_131' title='bbox 670 2256 808 2329; x_wconf 88' lang='lat' dir='ltr'><strong>sibi</strong></span> <span class='ocrx_word' id='word_1_132' title='bbox 843 2282 1013 2329; x_wconf 89' lang='lat' dir='ltr'><strong>eum</strong></span> <span class='ocrx_word' id='word_1_133' title='bbox 1046 2282 1286 2355; x_wconf 89' lang='lat' dir='ltr'><strong>nuper</strong></span> <span class='ocrx_word' id='word_1_134' title='bbox 1316 2255 1548 2329; x_wconf 89' lang='lat' dir='ltr'><strong>edidit</strong></span> <span class='ocrx_word' id='word_1_135' title='bbox 1583 2260 1866 2337; x_wconf 80' lang='lat' dir='ltr'><strong>socium</strong></span> <span class='ocrx_word' id='word_1_136' title='bbox 1889 2268 1941 2347; x_wconf 84' lang='lat'><strong>¹,</strong></span> <span class='ocrx_word' id='word_1_137' title='bbox 1975 2284 2233 2358; x_wconf 89' lang='lat' dir='ltr'><strong>quem,</strong></span> <span class='ocrx_word' id='word_1_138' title='bbox 2283 2284 2438 2358; x_wconf 91' lang='lat' dir='ltr'><strong>quo</strong></span> 
     </span>
     <span class='ocr_line' id='line_1_19' title="bbox 298 2366 2440 2465; baseline 0.001 -24"><span class='ocrx_word' id='word_1_139' title='bbox 298 2366 523 2442; x_wconf 91' lang='lat' dir='ltr'><strong>modo</strong></span> <span class='ocrx_word' id='word_1_140' title='bbox 556 2390 757 2439; x_wconf 89' lang='lat' dir='ltr'><strong>nunc</strong></span> <span class='ocrx_word' id='word_1_141' title='bbox 783 2366 1171 2455; x_wconf 75' lang='lat' dir='ltr'><strong>intendit2,</strong></span> <span class='ocrx_word' id='word_1_142' title='bbox 1199 2392 1293 2439; x_wconf 88' lang='lat' dir='ltr'><strong>ne</strong></span> <span class='ocrx_word' id='word_1_143' title='bbox 1327 2370 1407 2437; x_wconf 90' lang='lat' dir='ltr'><strong>in</strong></span> <span class='ocrx_word' id='word_1_144' title='bbox 1431 2369 1764 2439; x_wconf 76' lang='lat' dir='ltr'><strong>vivorum</strong></span> <span class='ocrx_word' id='word_1_145' title='bbox 1793 2367 2092 2465; x_wconf 87' lang='lat' dir='ltr'><strong>quidem</strong></span> <span class='ocrx_word' id='word_1_146' title='bbox 2129 2394 2440 2443; x_wconf 86' lang='lat' dir='ltr'><strong>numero</strong></span> 
     </span>
     <span class='ocr_line' id='line_1_20' title="bbox 296 2476 2442 2552; baseline 0 -1"><span class='ocrx_word' id='word_1_147' title='bbox 296 2494 457 2552; x_wconf 91' lang='lat' dir='ltr'><strong>tum</strong></span> <span class='ocrx_word' id='word_1_148' title='bbox 500 2478 953 2551; x_wconf 87' lang='lat' dir='ltr'><strong>demonstrat</strong></span> <span class='ocrx_word' id='word_1_149' title='bbox 985 2476 1231 2551; x_wconf 86' lang='lat' dir='ltr'><strong>fuisse.</strong></span> <span class='ocrx_word' id='word_1_150' title='bbox 1259 2480 1447 2547; x_wconf 90' lang='lat' dir='ltr'><strong>Tum</strong></span> <span class='ocrx_word' id='word_1_151' title='bbox 1482 2476 1680 2549; x_wconf 88' lang='lat' dir='ltr'><strong>illam</strong></span> <span class='ocrx_word' id='word_1_152' title='bbox 1720 2476 2221 2549; x_wconf 84' lang='lat' dir='ltr'><strong>incredibilem</strong></span> <span class='ocrx_word' id='word_1_153' title='bbox 2258 2480 2442 2551; x_wconf 90' lang='lat' dir='ltr'><strong>cele-</strong></span> 
     </span>
     <span class='ocr_line' id='line_1_21' title="bbox 300 2585 2438 2687; baseline -0 -25"><span class='ocrx_word' id='word_1_154' title='bbox 300 2594 586 2663; x_wconf 86' lang='lat' dir='ltr'><strong>ritatem</strong></span> <span class='ocrx_word' id='word_1_155' title='bbox 609 2641 630 2678; x_wconf 92' lang='lat'>‚</span> <span class='ocrx_word' id='word_1_156' title='bbox 678 2611 809 2660; x_wconf 87' lang='lat' dir='ltr'><strong>seu</strong></span> <span class='ocrx_word' id='word_1_157' title='bbox 858 2591 1107 2687; x_wconf 90' lang='lat' dir='ltr'><strong>potius</strong></span> <span class='ocrx_word' id='word_1_158' title='bbox 1164 2585 1542 2659; x_wconf 83' lang='lat' dir='ltr'><strong>audaciam</strong></span> <span class='ocrx_word' id='word_1_159' title='bbox 1562 2641 1583 2676; x_wconf 91' lang='lat'><strong>,</strong></span> <span class='ocrx_word' id='word_1_160' title='bbox 1635 2586 1910 2684; x_wconf 89' lang='lat' dir='ltr'><strong>protuli</strong></span> <span class='ocrx_word' id='word_1_161' title='bbox 1945 2613 1962 2655; x_wconf 72' lang='grc' dir='ltr'><em>ε</em></span> <span class='ocrx_word' id='word_1_162' title='bbox 2016 2586 2438 2661; x_wconf 81' lang='lat' dir='ltr'><strong>confirmavi</strong></span> 
     </span>
     <span class='ocr_line' id='line_1_22' title="bbox 300 2695 2446 2794; baseline -0.001 -22"><span class='ocrx_word' id='word_1_163' title='bbox 300 2722 595 2772; x_wconf 88' lang='lat' dir='ltr'><strong>necesse</strong></span> <span class='ocrx_word' id='word_1_164' title='bbox 637 2720 825 2785; x_wconf 89' lang='lat' dir='ltr'><strong>esse,</strong></span> <span class='ocrx_word' id='word_1_165' title='bbox 870 2712 999 2768; x_wconf 90' lang='lat' dir='ltr'><strong>aut</strong></span> <span class='ocrx_word' id='word_1_166' title='bbox 1029 2695 1261 2769; x_wconf 88' lang='lat' dir='ltr'><strong>biduo</strong></span> <span class='ocrx_word' id='word_1_167' title='bbox 1308 2720 1445 2768; x_wconf 82' lang='lat' dir='ltr'><strong>nec</strong></span> <span class='ocrx_word' id='word_1_168' title='bbox 1488 2695 1712 2785; x_wconf 86' lang='lat' dir='ltr'><strong>millia</strong></span> <span class='ocrx_word' id='word_1_169' title='bbox 1744 2719 2090 2794; x_wconf 88' lang='lat' dir='ltr'><strong>passuum</strong></span> <span class='ocrx_word' id='word_1_170' title='bbox 2133 2720 2288 2769; x_wconf 85' lang='lat' dir='ltr'><strong>esse</strong></span> <span class='ocrx_word' id='word_1_171' title='bbox 2321 2696 2446 2771; x_wconf 90' lang='lat' dir='ltr'><strong>de·-</strong></span> 
     </span>
     <span class='ocr_line' id='line_1_23' title="bbox 302 2804 2438 2902; baseline -0.002 -19"><span class='ocrx_word' id='word_1_172' title='bbox 302 2832 509 2883; x_wconf 85' lang='lat' dir='ltr'><strong>cursa</strong></span> <span class='ocrx_word' id='word_1_173' title='bbox 526 2862 549 2897; x_wconf 93' lang='lat'><strong>,</strong></span> <span class='ocrx_word' id='word_1_174' title='bbox 594 2820 727 2877; x_wconf 88' lang='lat' dir='ltr'><strong>aut</strong></span> <span class='ocrx_word' id='word_1_175' title='bbox 751 2809 911 2878; x_wconf 85' lang='lat' dir='ltr'><strong>Sex.</strong></span> <span class='ocrx_word' id='word_1_176' title='bbox 941 2808 1271 2879; x_wconf 71' lang='lat' dir='ltr'><strong>Naevium</strong></span> <span class='ocrx_word' id='word_1_177' title='bbox 1313 2804 1576 2877; x_wconf 90' lang='lat' dir='ltr'><strong>diebus</strong></span> <span class='ocrx_word' id='word_1_178' title='bbox 1615 2804 2114 2902; x_wconf 86' lang='lat' dir='ltr'><strong>compluribus</strong></span> <span class='ocrx_word' id='word_1_179' title='bbox 2147 2820 2316 2877; x_wconf 87' lang='lat' dir='ltr'><strong>ante</strong></span> <span class='ocrx_word' id='word_1_180' title='bbox 2362 2810 2438 2878; x_wconf 90' lang='lat' dir='ltr'><strong>in</strong></span> 
     </span>
     <span class='ocr_line' id='line_1_24' title="bbox 302 2914 2443 3016; baseline 0 -27"><span class='ocrx_word' id='word_1_181' title='bbox 302 2918 839 3016; x_wconf 88' lang='lat' dir='ltr'><strong>possessionem</strong></span> <span class='ocrx_word' id='word_1_182' title='bbox 873 2916 1149 2987; x_wconf 87' lang='lat' dir='ltr'><strong>misisse</strong></span> <span class='ocrx_word' id='word_1_183' title='bbox 1166 2968 1187 3004; x_wconf 91' lang='lat'><strong>,</strong></span> <span class='ocrx_word' id='word_1_184' title='bbox 1222 2940 1443 3013; x_wconf 89' lang='lat' dir='ltr'><strong>quam</strong></span> <span class='ocrx_word' id='word_1_185' title='bbox 1479 2914 1912 3013; x_wconf 86' lang='lat' dir='ltr'><strong>postularet,</strong></span> <span class='ocrx_word' id='word_1_186' title='bbox 1949 2917 2056 2986; x_wconf 91' lang='lat' dir='ltr'><strong>uti</strong></span> <span class='ocrx_word' id='word_1_187' title='bbox 2089 2918 2153 2986; x_wconf 91' lang='lat' dir='ltr'><strong>ei</strong></span> <span class='ocrx_word' id='word_1_188' title='bbox 2191 2916 2443 2990; x_wconf 85' lang='lat' dir='ltr'><strong>liceret</strong></span> 
     </span>
     <span class='ocr_line' id='line_1_25' title="bbox 302 3021 2442 3126; baseline 0 -27"><span class='ocrx_word' id='word_1_189' title='bbox 302 3026 501 3099; x_wconf 89' lang='lat' dir='ltr'><strong>bona</strong></span> <span class='ocrx_word' id='word_1_190' title='bbox 528 3023 923 3123; x_wconf 86' lang='lat' dir='ltr'><strong>possidere.</strong></span> <span class='ocrx_word' id='word_1_191' title='bbox 963 3028 1218 3097; x_wconf 86' lang='lat' dir='ltr'><strong>Postea</strong></span> <span class='ocrx_word' id='word_1_192' title='bbox 1253 3028 1546 3097; x_wconf 87' lang='lat' dir='ltr'><strong>recitavi</strong></span> <span class='ocrx_word' id='word_1_193' title='bbox 1574 3021 1893 3097; x_wconf 88' lang='lat' dir='ltr'><strong>edictum</strong></span> <span class='ocrx_word' id='word_1_194' title='bbox 1911 3076 1932 3113; x_wconf 87' lang='lat'><strong>,</strong></span> <span class='ocrx_word' id='word_1_195' title='bbox 1963 3025 2168 3123; x_wconf 92' lang='lat' dir='ltr'><strong>quod</strong></span> <span class='ocrx_word' id='word_1_196' title='bbox 2197 3042 2442 3126; x_wconf 86' lang='lat' dir='ltr'><strong>aperte</strong></span> 
     </span>
     <span class='ocr_line' id='line_1_26' title="bbox 305 3133 2440 3234; baseline 0.001 -27"><span class='ocrx_word' id='word_1_197' title='bbox 305 3134 693 3207; x_wconf 85' lang='lat' dir='ltr'><strong>dominum</strong></span> <span class='ocrx_word' id='word_1_198' title='bbox 718 3133 811 3205; x_wconf 91' lang='lat' dir='ltr'><strong>de</strong></span> <span class='ocrx_word' id='word_1_199' title='bbox 838 3133 1109 3232; x_wconf 80' lang='lat' dir='ltr'><strong>praedio</strong></span> <span class='ocrx_word' id='word_1_200' title='bbox 1133 3134 1424 3207; x_wconf 89' lang='lat' dir='ltr'><strong>detrudi</strong></span> <span class='ocrx_word' id='word_1_201' title='bbox 1456 3148 1766 3207; x_wconf 83' lang='lat' dir='ltr'><strong>vetaret:</strong></span> <span class='ocrx_word' id='word_1_202' title='bbox 1802 3138 2064 3234; x_wconf 75' lang='lat' dir='ltr'><strong>inquo</strong></span> <span class='ocrx_word' id='word_1_203' title='bbox 2089 3142 2440 3225; x_wconf 85' lang='lat' dir='ltr'><strong>constitit,</strong></span> 
     </span>
     <span class='ocr_line' id='line_1_27' title="bbox 304 3242 2446 3342; baseline 0 -23"><span class='ocrx_word' id='word_1_204' title='bbox 304 3249 633 3319; x_wconf 74' lang='lat' dir='ltr'><strong>Naevium</strong></span> <span class='ocrx_word' id='word_1_205' title='bbox 667 3269 757 3317; x_wconf 86' lang='lat' dir='ltr'><strong>ex</strong></span> <span class='ocrx_word' id='word_1_206' title='bbox 790 3242 1030 3317; x_wconf 87' lang='lat' dir='ltr'><strong>edicto</strong></span> <span class='ocrx_word' id='word_1_207' title='bbox 1061 3269 1215 3317; x_wconf 90' lang='lat' dir='ltr'><strong>non</strong></span> <span class='ocrx_word' id='word_1_208' title='bbox 1246 3243 1674 3342; x_wconf 84' lang='lat' dir='ltr'><strong>possedisse,</strong></span> <span class='ocrx_word' id='word_1_209' title='bbox 1705 3268 1936 3342; x_wconf 90' lang='lat' dir='ltr'><strong>quum</strong></span> <span class='ocrx_word' id='word_1_210' title='bbox 1974 3246 2446 3320; x_wconf 86' lang='lat' dir='ltr'><strong>confiteretur</strong></span> 
     </span>
     <span class='ocr_line' id='line_1_28' title="bbox 309 3352 2443 3455; baseline 0 -26"><span class='ocrx_word' id='word_1_211' title='bbox 309 3382 395 3429; x_wconf 85' lang='lat' dir='ltr'><strong>ex</strong></span> <span class='ocrx_word' id='word_1_212' title='bbox 425 3352 705 3455; x_wconf 82' lang='lat' dir='ltr'><strong>praedio</strong></span> <span class='ocrx_word' id='word_1_213' title='bbox 736 3356 809 3425; x_wconf 85' lang='lat' dir='ltr'><strong>vi</strong></span> <span class='ocrx_word' id='word_1_214' title='bbox 846 3352 1224 3427; x_wconf 88' lang='lat' dir='ltr'><strong>detrusum</strong></span> <span class='ocrx_word' id='word_1_215' title='bbox 1265 3378 1419 3426; x_wconf 88' lang='lat' dir='ltr'><strong>esse</strong></span> <span class='ocrx_word' id='word_1_216' title='bbox 1451 3357 1859 3446; x_wconf 85' lang='lat' dir='ltr'><strong>Quintium.</strong></span> <span class='ocrx_word' id='word_1_217' title='bbox 1903 3355 2278 3429; x_wconf 78' lang='lat' dir='ltr'><strong>Omnino³</strong></span> <span class='ocrx_word' id='word_1_218' title='bbox 2310 3384 2443 3430; x_wconf 87' lang='lat' dir='ltr'><strong>au·</strong></span> 
     </span>
     <span class='ocr_line' id='line_1_29' title="bbox 308 3463 2441 3562; baseline 0.003 -25"><span class='ocrx_word' id='word_1_219' title='bbox 308 3480 455 3537; x_wconf 86' lang='lat' dir='ltr'><strong>tem</strong></span> <span class='ocrx_word' id='word_1_220' title='bbox 480 3463 685 3535; x_wconf 87' lang='lat' dir='ltr'><strong>bona</strong></span> <span class='ocrx_word' id='word_1_221' title='bbox 710 3486 1039 3562; x_wconf 88' lang='lat' dir='ltr'><strong>possessa</strong></span> <span class='ocrx_word' id='word_1_222' title='bbox 1062 3488 1213 3535; x_wconf 88' lang='lat' dir='ltr'><strong>non</strong></span> <span class='ocrx_word' id='word_1_223' title='bbox 1251 3488 1403 3536; x_wconf 88' lang='lat' dir='ltr'><strong>esse</strong></span> <span class='ocrx_word' id='word_1_224' title='bbox 1433 3466 1778 3535; x_wconf 87' lang='lat' dir='ltr'><strong>constitui</strong></span> <span class='ocrx_word' id='word_1_225' title='bbox 1804 3491 1819 3534; x_wconf 74' lang='grc' dir='ltr'><strong><em>ε</em></strong></span> <span class='ocrx_word' id='word_1_226' title='bbox 1848 3464 2052 3562; x_wconf 91' lang='lat' dir='ltr'><strong>quod</strong></span> <span class='ocrx_word' id='word_1_227' title='bbox 2073 3466 2441 3542; x_wconf 86' lang='lat' dir='ltr'><strong>bonorum</strong></span> 
     </span>
    </p>
   </div>
   <div class='ocr_carea' id='block_1_3' title="bbox 308 3630 2446 3857">
    <p class='ocr_par' dir='ltr' id='par_1_4' title="bbox 308 3630 2446 3857">
     <span class='ocr_line' id='line_1_30' title="bbox 378 3630 2444 3697; baseline 0.002 -14"><span class='ocrx_word' id='word_1_228' title='bbox 378 3634 430 3683; x_wconf 77' lang='lat'><strong>5.</strong></span> <span class='ocrx_word' id='word_1_229' title='bbox 458 3634 615 3681; x_wconf 71' lang='lat' dir='ltr'><strong>Ismuc</strong></span> <span class='ocrx_word' id='word_1_230' title='bbox 630 3630 875 3697; x_wconf 68' lang='lat' dir='ltr'><strong>potentia.</strong></span> <span class='ocrx_word' id='word_1_231' title='bbox 909 3632 1109 3683; x_wconf 63' lang='lat' dir='ltr'><strong>Navius</strong></span> <span class='ocrx_word' id='word_1_232' title='bbox 1122 3666 1139 3693; x_wconf 87' lang='lat'><strong>,</strong></span> <span class='ocrx_word' id='word_1_233' title='bbox 1164 3633 1339 3683; x_wconf 69' lang='lat' dir='ltr'><strong>Marin-</strong></span> <span class='ocrx_word' id='word_1_234' title='bbox 1497 3650 1548 3682; x_wconf 79' lang='lat'><strong>2.</strong></span> <span class='ocrx_word' id='word_1_235' title='bbox 1587 3632 1816 3683; x_wconf 63' lang='lat' dir='ltr'><strong>Incendit.</strong></span> <span class='ocrx_word' id='word_1_236' title='bbox 1849 3633 1919 3681; x_wconf 80' lang='lat' dir='ltr'><strong>Ut</strong></span> <span class='ocrx_word' id='word_1_237' title='bbox 1957 3632 2158 3697; x_wconf 73' lang='lat' dir='ltr'><strong>quidem</strong></span> <span class='ocrx_word' id='word_1_238' title='bbox 2197 3651 2331 3686; x_wconf 79' lang='lat' dir='ltr'><strong>nuno</strong></span> <span class='ocrx_word' id='word_1_239' title='bbox 2365 3654 2444 3688; x_wconf 74' lang='grc' dir='ltr'>ιι·-</span> 
     </span>
     <span class='ocr_line' id='line_1_31' title="bbox 308 3710 2446 3781; baseline 0.003 -20"><span class='ocrx_word' id='word_1_240' title='bbox 308 3714 387 3761; x_wconf 74' lang='lat' dir='ltr'><strong>nis</strong></span> <span class='ocrx_word' id='word_1_241' title='bbox 404 3710 803 3771; x_wconf 75' lang='lat' dir='ltr'><strong>dominantibus,</strong></span> <span class='ocrx_word' id='word_1_242' title='bbox 826 3711 1084 3781; x_wconf 74' lang='lat' dir='ltr'><strong>nobisjam</strong></span> <span class='ocrx_word' id='word_1_243' title='bbox 1100 3714 1341 3777; x_wconf 73' lang='lat' dir='ltr'><strong>superior,</strong></span> <span class='ocrx_word' id='word_1_244' title='bbox 1424 3714 1559 3779; x_wconf 59' lang='lat' dir='ltr'><strong>gaii,</strong></span> <span class='ocrx_word' id='word_1_245' title='bbox 1581 3724 1634 3761; x_wconf 81' lang='lat' dir='ltr'><strong>et</strong></span> <span class='ocrx_word' id='word_1_246' title='bbox 1657 3712 1829 3775; x_wconf 79' lang='lat' dir='ltr'><strong>objicit</strong></span> <span class='ocrx_word' id='word_1_247' title='bbox 1853 3710 2096 3763; x_wconf 73' lang='lat' dir='ltr'><strong>absolute.</strong></span> <span class='ocrx_word' id='word_1_248' title='bbox 2125 3716 2224 3763; x_wconf 82' lang='lat' dir='ltr'><strong>Pro</strong></span> <span class='ocrx_word' id='word_1_249' title='bbox 2237 3718 2446 3781; x_wconf 78' lang='lat' dir='ltr'><strong>Milone,</strong></span> 
     </span>
     <span class='ocr_line' id='line_1_32' title="bbox 312 3790 2046 3857; baseline 0.001 -18"><span class='ocrx_word' id='word_1_250' title='bbox 312 3807 443 3840; x_wconf 78' lang='lat' dir='ltr'><strong>nunc</strong></span> <span class='ocrx_word' id='word_1_251' title='bbox 466 3806 623 3855; x_wconf 78' lang='lat' dir='ltr'><strong>quum</strong></span> <span class='ocrx_word' id='word_1_252' title='bbox 635 3790 843 3850; x_wconf 68' lang='lat' dir='ltr'><strong>sanni,</strong></span> <span class='ocrx_word' id='word_1_253' title='bbox 859 3791 923 3839; x_wconf 71' lang='lat' dir='ltr'><strong>ad</strong></span> <span class='ocrx_word' id='word_1_254' title='bbox 943 3808 1155 3857; x_wconf 80' lang='lat' dir='ltr'><strong>qnorum</strong></span> <span class='ocrx_word' id='word_1_255' title='bbox 1178 3803 1340 3857; x_wconf 73' lang='lat' dir='ltr'><strong>parte·</strong></span> <span class='ocrx_word' id='word_1_256' title='bbox 1428 3791 1723 3841; x_wconf 72' lang='lat' dir='ltr'><strong>«intendere</strong></span> <span class='ocrx_word' id='word_1_257' title='bbox 1746 3791 1990 3840; x_wconf 73' lang='lat' dir='ltr'><strong>actionem</strong></span> <span class='ocrx_word' id='word_1_258' title='bbox 2002 3814 2046 3841; x_wconf 65' lang='lat' dir='ltr'><strong>a.</strong></span> 
     </span>
    </p>
   </div>
   <div class='ocr_carea' id='block_1_4' title="bbox 312 3870 2454 4171">
    <p class='ocr_par' dir='ltr' id='par_1_5' title="bbox 314 3870 2449 4014">
     <span class='ocr_line' id='line_1_33' title="bbox 314 3870 2448 3939; baseline 0.003 -20"><span class='ocrx_word' id='word_1_259' title='bbox 314 3870 596 3934; x_wconf 71' lang='lat' dir='ltr'><strong>transfugit,</strong></span> <span class='ocrx_word' id='word_1_260' title='bbox 632 3870 801 3919; x_wconf 72' lang='lat' dir='ltr'><strong>omnia</strong></span> <span class='ocrx_word' id='word_1_261' title='bbox 820 3881 1013 3934; x_wconf 76' lang='lat' dir='ltr'><strong>tenent,</strong></span> <span class='ocrx_word' id='word_1_262' title='bbox 1036 3886 1129 3919; x_wconf 74' lang='lat' dir='ltr'><strong>noo</strong></span> <span class='ocrx_word' id='word_1_263' title='bbox 1152 3873 1223 3923; x_wconf 74' lang='lat' dir='ltr'><strong>ita</strong></span> <span class='ocrx_word' id='word_1_264' title='bbox 1250 3871 1342 3920; x_wconf 85' lang='lat' dir='ltr'><strong>ob-</strong></span> <span class='ocrx_word' id='word_1_265' title='bbox 1499 3874 1552 3921; x_wconf 83' lang='lat'><strong>3.</strong></span> <span class='ocrx_word' id='word_1_266' title='bbox 1593 3870 1817 3920; x_wconf 73' lang='lat' dir='ltr'><strong>omino.</strong></span> <span class='ocrx_word' id='word_1_267' title='bbox 1846 3874 1892 3919; x_wconf 93' lang='lat'><strong>1.</strong></span> <span class='ocrx_word' id='word_1_268' title='bbox 1929 3888 1972 3921; x_wconf 82' lang='lat' dir='ltr'><strong>e.</strong></span> <span class='ocrx_word' id='word_1_269' title='bbox 2007 3872 2232 3939; x_wconf 77' lang='lat' dir='ltr'><strong>denique.</strong></span> <span class='ocrx_word' id='word_1_270' title='bbox 2273 3878 2354 3924; x_wconf 87' lang='lat' dir='ltr'><strong>Sic</strong></span> <span class='ocrx_word' id='word_1_271' title='bbox 2387 3894 2448 3925; x_wconf 80' lang='lat' dir='ltr'><strong>ex</strong></span> 
     </span>
     <span class='ocr_line' id='line_1_34' title="bbox 314 3945 2449 4014; baseline 0.001 -17"><span class='ocrx_word' id='word_1_272' title='bbox 314 3950 437 4011; x_wconf 73' lang='lat' dir='ltr'><strong>ruit,</strong></span> <span class='ocrx_word' id='word_1_273' title='bbox 462 3960 521 3997; x_wconf 80' lang='lat' dir='ltr'><strong>nt</strong></span> <span class='ocrx_word' id='word_1_274' title='bbox 547 3948 635 3996; x_wconf 77' lang='lat' dir='ltr'><strong>vix</strong></span> <span class='ocrx_word' id='word_1_275' title='bbox 657 3950 965 4013; x_wconf 69' lang='lat' dir='ltr'><strong>respiremus.</strong></span> <span class='ocrx_word' id='word_1_276' title='bbox 1428 3954 1552 4000; x_wconf 61' lang='grc' dir='ltr'><strong>Ποῖ.</strong></span> <span class='ocrx_word' id='word_1_277' title='bbox 1575 3945 1696 3998; x_wconf 85' lang='lat' dir='ltr'><strong>olim</strong></span> <span class='ocrx_word' id='word_1_278' title='bbox 1719 3948 1970 4014; x_wconf 70' lang='lat' dir='ltr'><strong>legebatur</strong></span> <span class='ocrx_word' id='word_1_279' title='bbox 1994 3953 2180 4003; x_wconf 76' lang='lat' dir='ltr'><strong>omnia.</strong></span> <span class='ocrx_word' id='word_1_280' title='bbox 2204 3956 2321 4002; x_wconf 75' lang='lat' dir='ltr'><strong>Haec</strong></span> <span class='ocrx_word' id='word_1_281' title='bbox 2348 3966 2449 4003; x_wconf 73' lang='lat' dir='ltr'><strong>erat</strong></span> 
     </span>
    </p>

    <p class='ocr_par' dir='ltr' id='par_1_6' title="bbox 312 4027 2454 4171">
     <span class='ocr_line' id='line_1_35' title="bbox 384 4027 2454 4097; baseline 0.001 -22"><span class='ocrx_word' id='word_1_282' title='bbox 384 4029 583 4076; x_wconf 67' lang='lat'><strong>1111.</strong></span> <span class='ocrx_word' id='word_1_283' title='bbox 606 4043 657 4075; x_wconf 84' lang='lat'><strong>1.</strong></span> <span class='ocrx_word' id='word_1_284' title='bbox 678 4027 852 4077; x_wconf 74' lang='lat' dir='ltr'><strong>Edidit</strong></span> <span class='ocrx_word' id='word_1_285' title='bbox 870 4029 1069 4077; x_wconf 65' lang='lat' dir='ltr'><strong>accium.</strong></span> <span class='ocrx_word' id='word_1_286' title='bbox 1095 4032 1153 4079; x_wconf 81' lang='lat' dir='ltr'><strong>In</strong></span> <span class='ocrx_word' id='word_1_287' title='bbox 1180 4045 1341 4081; x_wconf 77' lang='lat' dir='ltr'><strong>emen-</strong></span> <span class='ocrx_word' id='word_1_288' title='bbox 1430 4030 1572 4079; x_wconf 76' lang='lat' dir='ltr'><strong>tertia</strong></span> <span class='ocrx_word' id='word_1_289' title='bbox 1597 4044 1710 4093; x_wconf 76' lang='lat' dir='ltr'><strong>pars</strong></span> <span class='ocrx_word' id='word_1_290' title='bbox 1739 4028 2157 4096; x_wconf 71' lang='lat' dir='ltr'><strong>confirmationis,</strong></span> <span class='ocrx_word' id='word_1_291' title='bbox 2187 4049 2296 4097; x_wconf 72' lang='lat' dir='ltr'><strong>quan</strong></span> <span class='ocrx_word' id='word_1_292' title='bbox 2317 4048 2454 4081; x_wconf 76' lang='lat' dir='ltr'><strong>nune</strong></span> 
     </span>
     <span class='ocr_line' id='line_1_36' title="bbox 312 4106 2000 4171; baseline 0.002 -18"><span class='ocrx_word' id='word_1_293' title='bbox 312 4106 398 4153; x_wconf 70' lang='lat' dir='ltr'><strong>dis</strong></span> <span class='ocrx_word' id='word_1_294' title='bbox 416 4106 630 4171; x_wconf 74' lang='lat' dir='ltr'><strong>Alphcni</strong></span> <span class='ocrx_word' id='word_1_295' title='bbox 657 4106 822 4155; x_wconf 80' lang='lat' dir='ltr'><strong>bonis.</strong></span> <span class='ocrx_word' id='word_1_296' title='bbox 1430 4120 1534 4157; x_wconf 72' lang='lat' dir='ltr'><strong>tota</strong></span> <span class='ocrx_word' id='word_1_297' title='bbox 1557 4108 1657 4157; x_wconf 78' lang='lat' dir='ltr'><strong>fere</strong></span> <span class='ocrx_word' id='word_1_298' title='bbox 1685 4107 2000 4158; x_wconf 68' lang='lat' dir='ltr'><strong>desideratur.</strong></span> 
     </span>
    </p>
   </div>
   <div class='ocr_carea' id='block_1_5' title="bbox 559 4194 2215 4279">
    <p class='ocr_par' dir='ltr' id='par_1_7' title="bbox 559 4194 2215 4279">
     <span class='ocr_line' id='line_1_37' title="bbox 559 4194 2215 4279; baseline -0.005 -19"><span class='ocrx_word' id='word_1_299' title='bbox 559 4194 609 4260; x_wconf 85' lang='grc' dir='ltr'><strong>Ῑ.</strong></span> <span class='ocrx_word' id='word_1_300' title='bbox 667 4210 759 4258; x_wconf 72' lang='lat' dir='ltr'><strong>ae.</strong></span> <span class='ocrx_word' id='word_1_301' title='bbox 772 4226 884 4271; x_wconf 76' lang='lat' dir='ltr'><strong>pars</strong></span> <span class='ocrx_word' id='word_1_302' title='bbox 904 4212 1119 4278; x_wconf 54' lang='lat' dir='ltr'><strong>secunda.</strong></span> <span class='ocrx_word' id='word_1_303' title='bbox 2169 4198 2215 4279; x_wconf 66' lang='grc'><strong>4</strong></span> 
     </span>
    </p>
   </div>
  </div>
 </body>
</html>
