2984 4684
588 324 674 394 16
1226 328 1323 396 M.
1374 330 1455 398 Τ.
1499 330 2062 407 CICERONIS

572 464 1119 549 sent‚etquum
1138 451 1594 549 aliquantum
1621 463 2068 557 tempor-isin
2097 488 2184 534 αι
2209 490 2290 537 re
2313 488 2510 544 esset
2535 498 2714 548 con-

570 574 989 660 sumptum,
1030 586 1275 659 neque
1310 562 1720 662 quidquam
1751 568 2206 665 profectum⁸
2253 596 2484 669 esset3
2513 590 2716 657 venit
2783 588 2794 595 '

570 670 667 743 ad
695 670 1201 743 vadimonium
1232 676 1538 746 Naevius.

666 789 793 855 VI.
844 782 1173 855 Obsecro
1204 795 1349 871 te¹‚
1382 790 1465 857 C.
1484 789 1794 883 Aquini,
1831 815 2144 891 vosque,
2173 803 2305 893 qui
2333 799 2604 875 adestis
2633 811 2712 877 in

566 893 913 981 consilio,
946 908 1033 964 ut
1066 892 1451 989 diligenter
1476 898 1867 971 attendatis
1885 956 1908 989 ‚
1949 918 2034 974 ut
2069 908 2438 1004 singulare
2475 936 2714 1009 genus

564 1003 839 1077 fi-audis
864 1018 939 1076 et
960 1028 1225 1075 novam
1254 1010 1610 1078 rationem
1639 1009 2070 1084 insidiarum
2089 1040 2534 1114 cognoscem
2551 1049 2716 1123 pos-

562 1120 739 1187 sitis.
754 1118 899 1199 Ait,
918 1138 997 1186 se
1020 1117 1524 1187 auctionatum
1551 1122 1800 1191 oesein
1815 1122 2049 1194 Gallia
2065 1151 2088 1213 ;
2105 1126 2316 1223 quod
2335 1130 2480 1202 sibi
2501 1132 2710 1208 vide-

564 1240 785 1313 retur,
826 1250 905 1295 se
952 1222 1413 1313 vendidisse3
1464 1250 1754 1301 curasse
1774 1285 1795 1317 ‚
1837 1256 1934 1304 ne
1973 1234 2156 1331 quid
2203 1236 2346 1311 sibi
2399 1246 2714 1319 societas

558 1335 891 1424 deberet3
911 1360 991 1406 se
1008 1336 1163 1430 jam
1192 1360 1435 1432 neque
1460 1336 1705 1411 vadari
1727 1343 2068 1441 amplius,
2093 1370 2340 1445 neque
2367 1352 2711 1428 vadimo.

558 1450 764 1518 nium
790 1448 1254 1544 promittere;
1278 1448 1339 1516 si
1362 1446 1548 1543 quid
1566 1460 1818 1545 agere²
1851 1478 2100 1524 secum
2121 1457 2300 1529 velit
2319 1462 2710 1554 Quintius,

556 1581 711 1627 non
743 1578 1098 1626 recusare.
1132 1554 1267 1625 Hic
1283 1608 1316 1658 ‚·
1334 1580 1568 1651 quum
1597 1584 1750 1629 rem
1777 1562 2220 1637 Gallicanam
2257 1588 2565 1668 cuperet
2595 1600 2712 1650 re·

552 1670 823 1753 visere,
866 1663 1243 1734 hominem
1284 1668 1361 1734 in
1400 1674 1788 1764 praesentia
1823 1696 1974 1743 non
2013 1674 2364 1750 vadatur:
2401 1684 2506 1753 ita
2541 1686 2704 1758 sine

550 1774 971 1847 vadimonio
1021 1772 1439 1846 disceditur.
1522 1778 1806 1853 Deinde
1851 1788 2098 1855 Romae
2141 1784 2298 1860 dies
2351 1816 2496 1863 xxx
2548 1791 2708 1869 fere

548 1890 895 1980 Quintius
942 1901 1439 1957 commoratur
1478 1914 1496 1956 :
1547 1914 1718 1960 cum
1773 1898 2062 1981 ceteri&
2114 1923 2280 1994 quae
2339 1898 2698 1995 habebat,

547 1996 965 2068 vadimonia
998 1994 1245 2067 differt
1264 2050 1285 2079 ‚
1320 2012 1403 2068 ut
1444 2000 1824 2097 expeditus
1867 2006 1946 2075 in
1977 2006 2284 2079 Galliam
2330 2011 2698 2108 proficisci

434 2200 441 2207 μ
549 2122 821 2205 posset:
850 2103 1353 2203 proficiscitur.
1370 2112 1602 2180 Roma
1625 2110 1996 2207 egreditur
2015 2132 2186 2189 ante
2215 2116 2410 2191 diem
2431 2148 2485 2193 11
2501 2122 2644 2197 kal.
2661 2122 2694 2169 ³

546 2216 931 2303 februarii,
966 2218 1301 2313 Scipione
1334 2232 1407 2288 et
1436 2220 1788 2292 Norbano
1819 2248 2001 2296 coss.
2035 2228 2300 2319 Quaeso
2321 2282 2342 2317 ,
2387 2246 2472 2301 ut
2516 2258 2692 2305 eum

544 2328 791 2399 diem⁴
822 2330 1189 2397 memoriae
1224 2326 1604 2401 mandetis,
1635 2336 1714 2401 L.
1745 2332 2034 2424 Albius,
2057 2339 2218 2408 Sex,
2245 2336 2476 2429 filius,
2501 2346 2692 2435 Qui-

544 2444 703 2509 rina
719 2435 775 2527 ⁵,
808 2442 919 2508 vir
949 2436 1226 2527 boum,
1256 2452 1333 2509 et
1372 2464 1542 2511 cum
1581 2446 1836 2539 primis
1883 2443 2282 2535 honestus»,
2327 2476 2476 2523 una
2517 2477 2690 2551 pro·

542 2550 773 2621 fectus
802 2563 932 2620 est.
962 2551 1213 2640 Quum
1234 2553 1608 2623 venissent
1631 2551 1724 2623 ad
1757 2553 1952 2627 Vada
1980 2557 2496 2632 Volaterrana⁶
2525 2590 2692 2661 quae

541 2662 1039 2745 nominantur,
1064 2658 1315 2731 vident
1335 2659 1892 2758 perfamiliarem
1907 2670 2161 2754 Naevii,
2185 2672 2314 2765 qui
2342 2696 2434 2742 ex
2456 2674 2692 2747 Gallia

538 2796 805 2868 pueros
834 2770 1125 2839 venales
1163 2772 1281 2841 isti
1316 2769 1726 2845 adducebat
1745 2828 1766 2861 ‚
1806 2779 1884 2844 L.
1925 2776 2380 2867 Publicium3
2433 2787 2567 2879 qui
2605 2802 2690 2857 ut

538 2888 841 2953 Romam
869 2882 1103 2966 venit,
1126 2895 1370 2952 narrat
1392 2886 1665 2972 Naevia,
1693 2909 1848 2980 quo
1874 2890 1952 2955 in
1985 2886 2148 2958 loco
2167 2888 2434 2962 viderit
2449 2895 2689 2986 Quin·

537 2996 755 3065 tium:
782 2988 986 3087 quod
1010 2992 1146 3060 nisi
1171 3016 1260 3061 ex
1280 2990 1611 3065 Publicio
1631 3009 2004 3067 narratum
2019 3002 2266 3070 Naevio
2289 3015 2503 3092 esset,
2527 3028 2684 3076 non

534 3154 645 3202 dua!
662 3150 971 3217 spondebant
996 3160 1158 3214 partes
1194 3167 1245 3199 se
1272 3152 1351 3201 die
1376 3154 1570 3217 praenti·
1727 3149 1781 3198 3.
1807 3150 1870 3196 ΙΙ
1888 3149 2084 3197 kalend.
2107 3150 2142 3199 i.
2165 3166 2210 3199 e.
2227 3152 2388 3215 pridie
2404 3154 2505 3203 kal.
2527 3168 2586 3205 ut
2611 3170 2684 3207 ωε

534 3246 639 3285 tuta
662 3232 724 3281 ad
746 3232 969 3299 praetoris
1000 3230 1217 3278 tribunal
1240 3234 1408 3280 itum.
1440 3235 1564 3295 Quae
1652 3226 1741 3276 inf.
1776 3230 1856 3275 18.
1883 3230 1964 3277 Sic
1995 3232 2262 3281 Hotoman.
2289 3233 2459 3281 Lamb.
2487 3236 2682 3287 Ernest.

530 3314 732 3380 sponsio
759 3310 1103 3360 vadimonium
1127 3311 1414 3363 vocabatur.
1443 3313 1560 3362 Vid.
1649 3306 1816 3371 Vulgo
1829 3310 1912 3354 17
1917 3308 2114 3357 kalend.
2129 3334 2202 3347 —-
2219 3312 2369 3359 Anno
2387 3312 2514 3363 Urb.
2535 3316 2656 3378 670.

531 3396 595 3443 nd
614 3394 795 3443 calcem
820 3391 967 3451 hujus
990 3388 1089 3437 vol.
1108 3390 1345 3455 Append.
1368 3390 1429 3439 de
1448 3392 1558 3441 ord.
1722 3395 1772 3444 4.
1800 3388 1929 3435 Eum
1947 3388 2092 3436 diem.
2117 3390 2246 3451 Quia
2266 3390 2448 3439 sactum
2473 3393 2682 3444 Nevius

530 3492 689 3525 exerc.
707 3472 815 3535 jud.
834 3470 867 3537 s
892 3472 951 3519 de
980 3469 1271 3535 sponsione.
1647 3466 1980 3515 vadimonium
2001 3467 2197 3517 dicebat
2209 3468 2363 3518 fuisse
2385 3472 2534 3521 nouis
2549 3473 2677 3524 febr.

604 3556 655 3603 8.
684 3553 817 3599 Olim
829 3548 1116 3616 perfectum.
1138 3549 1365 3599 Correxit
1386 3550 1554 3600 θην.
1645 3544 1765 3595 Vid.
1793 3562 1902 3610 cap.
1937 3548 2018 3595 18.
2222 3542 2230 3547 ”

530 3652 558 3683 e
584 3630 731 3681 codd.
758 3633 809 3680 J.
826 3630 893 3677 V.
920 3632 977 3679 L.
1717 3625 1772 3674 5.
1809 3625 2030 3688 Quirina.
2059 3626 2274 3678 Suband.
2303 3644 2371 3676 ea:
2407 3630 2554 3679 tribu.
2585 3634 2682 3683 10-

594 3714 686 3761 vl.
720 3724 767 3759 x.
787 3708 1029 3757 Addimus
1061 3718 1109 3755 te
1136 3718 1249 3771 post
1266 3706 1515 3757 Olivetum
1534 3745 1549 3769 ,
1645 3704 1780 3753 cutio
1804 3705 2050 3753 veteribus
2076 3706 2347 3756 familiaria.

524 3792 611 3860 qui
630 3808 657 3839 e
680 3788 807 3839 MSS
826 3788 1097 3836 addiderat.
1112 3788 1144 3835 J
1148 3788 1231 3837 .V.
1246 3788 1303 3835 1..
1711 3784 1761 3832 6.
1790 3784 1937 3833 Vada
1970 3784 2298 3834 Volaterrana
2326 3789 2380 3835 in
2403 3788 2482 3835 via
2510 3790 2678 3839 Aure-

596 3889 645 3920 2.
670 3868 725 3917 Si
748 3866 873 3932 quid
903 3882 1068 3933 agere.
1104 3866 1157 3915 Si
1196 3866 1321 3915 hanc
1348 3882 1482 3915 suam
1519 3883 1549 3916 a
1637 3864 1730 3923 lia,
1755 3878 1783 3912 a
1804 3864 2025 3913 Liburno
2047 3867 2220 3914 xvm
2249 3865 2468 3915 millibus
2489 3866 2681 3918 distan-

520 3954 605 4001 lite
632 3948 975 3999 discessionem
1004 3945 1241 4008 Quintius
1268 3946 1388 3994 velit
1408 3946 1547 4007 judi·
1639 3944 1723 3991 tia.
1742 3942 2088 3993 Volaterranos
2108 3961 2222 4010 ager
2239 3945 2292 3993 in
2311 3947 2504 3994 Etruria
2518 3950 2674 4009 ,mari

516 4038 589 4082 eis
617 4026 855 4081 sententia
894 4023 1197 4085 confirmari,
1236 4036 1453 4092 paratum
1492 4042 1544 4075 se
1637 4023 1834 4071 minime
1855 4024 2136 4089 profundo,
2171 4026 2224 4074 in
2251 4024 2360 4074 vadi
2385 4042 2579 4077 morem
2611 4028 2676 4077 al·

515 4132 635 4165 em,
1631 4100 1801 4150 luitur.
