2984 4684
777 365 887 432 IN
935 363 1367 432 VERREM
1414 365 1626 434 ACT.
1679 367 1788 450 Π,
1839 369 2023 436 LIB.
2079 371 2177 438 11.
2395 373 2537 456 435

410 485 797 558 videretur.
834 485 1059 555 Simul
1100 498 1321 580 atque
1354 509 1491 580 ego
1529 487 1600 556 in
1640 487 1948 560 Siciliam
1985 493 2189 579 veni,
2217 507 2537 570 mutatus

413 609 539 664 est.
563 600 877 666 Venerat
906 593 995 664 ad
1030 618 1199 664 eum
1224 592 1347 664 illo
1374 593 1602 666 biduo
1629 597 1928 669 Letilius
1950 600 2246 695 quidam
2265 657 2286 690 ‚
2311 603 2536 678 homo

408 729 559 775 non
592 704 869 776 alienus
908 729 951 774 a
992 703 1257 774 literis⁷
1294 731 1309 774 ε
1348 707 1596 800 itaque
1633 730 1722 778 eo
1759 709 1906 778 iste¹
1932 707 2304 782 tabellario
2345 737 2532 786 sem-

408 838 540 910 per
568 838 741 884 usus
774 827 903 884 est.
934 817 1010 884 'Is
1048 813 1383 910 epistolas
1422 815 1830 912 complures
1867 816 2201 890 attulerat
2241 849 2256 892 :
2302 823 2377 892 in
2423 824 2534 898 his

404 949 622 996 unam
676 923 938 1011 domo,
992 949 1155 1021 quae
1209 938 1444 995 totum
1484 926 1900 998 immutarat
1939 927 2332 1004 hominem.
2396 939 2532 1008 Re-

406 1051 625 1133 pente
660 1038 883 1133 coepit
916 1033 1155 1106 dicere
1176 1087 1197 1121 ‚
1232 1058 1309 1106 se
1339 1037 1584 1106 omnia
1620 1039 1862 1108 Verris
1901 1061 2114 1110 causa
2147 1041 2366 1130 velle3
2395 1045 2534 1117 sibi

400 1169 567 1215 cum
604 1171 694 1216 eo
732 1147 1121 1216 amicitiam
1156 1145 1814 1243 cognationemque
1859 1171 2034 1218 esse.
2085 1149 2536 1228 Mirabantur

398 1279 689 1337 omnes,
714 1255 857 1326 hoc
872 1259 939 1326 ei
962 1269 1119 1328 tum
1138 1253 1453 1351 denique
1472 1257 1546 1326 in
1571 1271 1888 1328 mentem
1909 1261 2212 1348 venisse,
2241 1279 2531 1360 postea-

398 1390 619 1460 quam
664 1380 811 1436 tam
862 1363 1107 1436 multis
1144 1389 1313 1436 eum
1358 1365 1561 1436 factis
1615 1366 2070 1464 decretisque
2109 1369 2530 1466 jugulasset.

398 1479 618 1546 Erant
639 1479 767 1572 qui
793 1489 1167 1573 putarent,
1194 1475 1529 1546 Letilium
1563 1475 1876 1574 legatum
1896 1502 1940 1550 a
1958 1483 2184 1551 Verre
2215 1485 2533 1571 venisse,

393 1587 524 1682 qui
552 1591 881 1684 gratiam,
918 1586 1303 1656 amicitiam
1335 1587 1992 1684 cognationemque
2019 1613 2532 1668 commemora-

395 1707 524 1764 ret.
562 1699 672 1765 Ex
707 1695 829 1767 illo
867 1707 1197 1792 tempore
1232 1719 1275 1764 a
1317 1693 1722 1766 civitatibus
1759 1695 2208 1770 laudationes
2243 1716 2526 1798 petere3

396 1819 611 1876 testes
648 1831 799 1876 non
835 1805 1069 1876 solum
1110 1803 1471 1877 deterrere
1508 1803 1778 1889 verbu,
1819 1806 1942 1878 sed
1989 1809 2206 1878 etiam
2245 1813 2316 1880 vi
2357 1813 2528 1882 reti-

392 1941 567 1987 nere
594 1918 837 2013 coepit.
874 1915 1094 2008 Quod
1121 1938 1259 2011 ego
1292 1915 1433 1984 nisi
1468 1939 1634 1986 meo
1667 1913 1982 1986 adventu
2009 1916 2198 1988 illius
2225 1934 2528 1992 conatus

390 2026 921 2124 aliquantulum
957 2026 1452 2124 repressissem
1475 2077 1496 2111 ,
1537 2040 1614 2096 et
1640 2025 1836 2123 apud
1871 2025 2152 2098 Siculos
2187 2052 2341 2098 non
2383 2034 2531 2102 Me-

390 2135 577 2224 telli,
606 2135 733 2208 sed
768 2131 1219 2208 Glabrionis⁸
1258 2133 1480 2206 literis
1503 2189 1524 2224 ,
1547 2157 1632 2206 ac
1669 2135 1826 2233 lege
1863 2159 2334 2234 pugnassem3
2379 2154 2524 2212 tam

390 2245 659 2318 multos
696 2245 842 2316 huc
882 2268 1181 2318 evocare
1222 2269 1375 2316 non
1416 2244 1840 2342 potuissem.

486 2360 775 2428 XXVII.
814 2359 1129 2440 Verum,
1171 2352 1376 2450 quod
1410 2354 1690 2430 institui
1727 2352 2000 2442 dicere,
2039 2359 2362 2430 miserias
2399 2383 2522 2432 00..

384 2469 711 2562 gnoscite
750 2463 1182 2536 Siculorum.
1220 2463 1588 2534 Heraclius
1622 2462 1746 2536 ille
1779 2478 1856 2534 et
1901 2467 2268 2560 Epicrates
2304 2467 2520 2564 longe

384 2575 565 2648 mihi
582 2574 871 2647 obviam
890 2598 1058 2644 cum
1078 2574 1224 2643 suis
1246 2570 1588 2642 omnibus
1619 2588 2170 2667 processenunt3
2199 2576 2522 2648 venienti

384 2691 765 2784 Syracusas
804 2695 1109 2781 egerunt
1140 2683 1433 2780 gratias,
1494 2680 1782 2768 flentes3
1821 2685 2128 2754 Romam
2169 2681 2520 2758 decedere

384 2821 669 2870 mecum
704 2797 1114 2894 cupierunt.
1140 2790 1359 2881 Quod
1390 2807 1598 2863 erant
1625 2790 1802 2862 mihi
1831 2791 2104 2889 oppida
2141 2795 2518 2892 complura

382 2910 593 2979 etiam
632 2907 945 3005 reliqua,
974 2929 1135 3002 quae
1162 2903 1361 2976 adire
1388 2901 1648 2975 vellem
1667 2955 1688 2989 ,
1719 2904 2064 2974 constitui
2089 2927 2256 2976 cum
2283 2903 2516 2978 homi-

384 3019 631 3102 nibus,
667 3043 818 3116 quo
853 3017 971 3089 die
1002 3014 1179 3086 mihi
1217 3019 1564 3085 Messanae
1602 3026 1860 3109 praesto
1901 3027 2158 3086 essent.
2205 3018 2310 3086 Eo
2339 3017 2516 3088 mihi

384 3133 721 3200 nuntium
760 3128 1151 3212 miserunt,
1179 3148 1255 3196 se
1290 3147 1329 3194 a
1359 3136 1666 3220 praetore
1703 3122 2021 3192 retineri.
2056 3122 2343 3212 Quibus
2377 3151 2513 3227 ego

380 3239 877 3310 testimonium
918 3233 1368 3322 denuntiavi,
1411 3255 1728 3329 quorum
1773 3231 2068 3302 nomina
2109 3233 2306 3305 edidi
2358 3239 2512 3307 Me-

378 3345 555 3420 tello
576 3357 597 3389 ¹
627 3375 643 3417 :
674 3344 1117 3444 cupidissimi
1144 3341 1523 3430 veniendi,
1547 3343 1878 3412 maximis
1915 3343 2201 3438 injuriis
2229 3341 2512 3434 affecti,

380 3531 681 3580 videretur».
704 3532 771 3578 At
792 3529 987 3594 vulgata
1013 3540 1069 3577 ut
1089 3526 1305 3588 brevior,
1330 3529 1400 3576 nic
1487 3527 1808 3591 questionem
1830 3525 2204 3591 repetundarum
2231 3527 2511 3588 exet-edat,

378 3623 429 3660 et
450 3611 615 3678 aptior
631 3619 719 3658 est.
740 3609 872 3660 LV.
896 3610 954 3657 L.
1487 3617 1538 3653 et
1575 3607 1801 3658 Ciceroni
1833 3606 1886 3653 in
1925 3607 2139 3659 Siciliam
2177 3605 2512 3672 proficincemi

451 3707 476 3752 7
489 3728 501 3741 .
522 3693 573 3740 A
592 3688 756 3740 liter-125.
774 3691 815 3738 1.
839 3705 881 3738 e.
902 3686 964 3736 ab
982 3685 1217 3752 epistolis,
1226 3696 1397 3752 utpote
1484 3694 1770 3749 potestatem
1790 3684 2064 3750 querendi,
2081 3684 2388 3735 exscribendi
2407 3704 2512 3736 om-

378 3769 669 3820 tabellarius.
699 3765 1024 3830 Subfrigidior
1049 3766 1212 3814 fortan
1230 3767 1394 3826 jocus.
1479 3763 1566 3810 nia
1594 3763 1812 3814 dederat.
1839 3789 1910 3800 -
1931 3766 2074 3830 Lege.
2096 3763 2326 3816 Cornelia
2351 3765 2413 3815 de
2437 3784 2512 3816 re.

308 3883 319 3894 ·
378 3877 446 3887 —
474 3849 736 3916 Epistulas.
762 3844 1083 3910 lnteuigenda
1105 3843 1205 3894 h.1.
1233 3843 1395 3892 chiro-
1482 3841 1732 3908 petundis.

378 3929 557 3994 ‘rapha
608 3927 749 3994 (gall.
797 3921 1305 3990 Ιστενοε-ᾰο-ὠωιςσ),
1340 3933 1399 3972 ut
1556 3921 1775 3970 xxvn.
1809 3936 1857 3968 x.
1883 3916 2037 3970 edida*
2062 3921 2279 3972 Metello.
2315 3925 2512 3977 Scilicet

377 4008 501 4056 intra
528 4008 664 4058 dicit.
1484 4011 1540 4047 ut
1562 3999 1622 4048 iis
1644 4009 1934 4066 potestatem
1961 4001 2141 4051 faceret
2167 4001 2230 4050 de
2254 4006 2510 4067 provincia

451 4089 499 4134 ⁸.
543 4085 835 4135 Glabrionis.
874 4084 975 4146 Qui
1007 4083 1178 4132 nomae
1215 4091 1396 4145 pretor
1488 4077 1782 4128 discedendi.

2113 4155 2118 4160 .
2174 4171 2282 4237 28.
