2984 4684
462 339 554 410 80
1085 335 1182 408 M.
1233 340 1312 406 Τ.
1364 339 1929 411 CICERONIS

459 485 733 547 amens»,
763 461 892 556 qui
925 457 1199 531 odisset
1225 481 1396 530 eum
1429 463 1585 530 sine
1618 484 1863 546 causa,
1896 484 2119 557 quem
2154 471 2593 558 procrearat.

461 579 553 645 At
588 575 646 642 is
682 568 980 668 quidem
1009 566 1150 640 fuit
1183 572 1517 639 omnium
1545 573 2169 642 constantissimus
2192 565 2243 637 ⁵.
2280 575 2469 664 Ergo
2505 569 2599 638 il-

462 681 592 755 lud
603 683 751 778 jam
769 681 1237 778 perspicuum
1255 679 1587 778 profecto
1611 695 1743 768 est,
1758 685 2079 777 sineque
2096 703 2349 750 amens
2368 693 2599 777 pater,

463 817 706 890 neque
731 789 1059 889 perditus
1085 787 1278 862 filius
1307 789 1566 879 fuerit,
1597 815 1841 889 neque
1870 790 2021 864 odii
2054 814 2335 862 causam
2376 791 2559 888 patri
2580 841 2601 874 ‚

468 927 711 1001 neque
739 901 1026 972 sceleris
1056 898 1208 971 filio
1240 899 1481 972 fuisse.

561 995 714 1086 XV'.
768 1013 1029 1082 Nescio
1051 1065 1072 1100 ‚
1103 1013 1381 1108 inquit,
1434 1034 1599 1107 quae
1644 1035 1860 1082 causa
1904 1010 2052 1081 odii
2086 1008 2339 1094 fuerit3
2380 1005 2603 1080 fuisse

465 1123 720 1196 odium
745 1120 1116 1216 intelligo:
1152 1123 1277 1217 qui
1313 1136 1559 1208 antea,
1585 1145 1817 1218 quum
1850 1120 2037 1192 duos
2063 1119 2253 1192 filios
2278 1118 2607 1208 haberet,

467 1235 674 1306 illum
695 1231 1006 1302 alterum
1029 1285 1050 1319 ,
1084 1233 1214 1327 qui
1239 1244 1573 1302 mortuus
1600 1245 1745 1319 est,
1770 1255 2019 1303 secum
2045 1232 2249 1302 omni
2276 1245 2606 1328 tempore

467 1342 758 1414 volebat
788 1366 980 1428 esse3
1019 1339 1222 1412 hunc
1253 1342 1329 1410 in
1370 1339 1641 1439 praedia
1678 1345 1947 1412 rustica
1972 1342 2339 1440 relegarat.
2386 1338 2609 1434 Quod

469 1458 733 1528 Erucio
773 1449 1149 1522 accidebat
1187 1453 1266 1521 in
1313 1451 1499 1522 mala
1542 1455 2069 1551 nugatoriaque
2108 1455 2568 1524 accusatione
2592 1503 2613 1538 ‚

471 1566 666 1638 idem
701 1562 884 1634 mihi
915 1587 1058 1634 usu
1093 1565 1398 1633 venitin
1433 1585 1651 1633 causa
1680 1565 1976 1660 optima.
2016 1563 2185 1651 Ille,
2231 1559 2611 1660 quomodo

476 1679 752 1747 crimen
796 1673 1379 1744 commentitium
1417 1669 1921 1760 confirmaret,
1966 1697 2117 1742 non
2162 1669 2615 1760 inveniebat;

473 1809 648 1883 ego,
697 1808 810 1854 res
843 1797 990 1853 tam
1037 1781 1229 1852 leves
1275 1805 1422 1879 qua
1463 1781 1742 1854 ratione
1776 1781 2139 1855 infirmem
2183 1807 2267 1854 ac
2299 1782 2574 1854 diluam
2596 1835 2617 1864 ‚

473 1894 790 1994 reperire
821 1915 973 1962 non
1005 1914 1326 1990 possum.

573 2002 769 2096 Quid
803 2005 942 2090 ais,
974 2001 1237 2072 Eruci?
1287 2015 1398 2072 tot
1425 2002 1729 2100 praedia,
1756 2017 1903 2074 tam
1931 2003 2237 2101 pulchra
2255 2057 2275 2091 ,
2302 2019 2449 2076 tam
2472 2001 2623 2072 fru-

483 2129 734 2186 ctuosa
769 2118 926 2184 Sex.
956 2114 1262 2184 Roscius
1291 2110 1447 2183 filio
1477 2138 1648 2201 sun,
1681 2114 2137 2211 relegationis
2162 2139 2247 2186 ac
2282 2113 2622 2213 supplicii

481 2225 742 2322 gratia,
779 2219 1085 2318 colenda
1121 2244 1206 2292 ac
1252 2220 1525 2292 tuenda
1566 2222 2000 2295 tradiderat?
2034 2223 2232 2314 Quid
2264 2223 2457 2296 hoc?
2498 2247 2627 2321 pa-

482 2331 964 2420 tresfamiliaS‚
995 2334 1127 2429 qui
1175 2329 1446 2402 liberos
1489 2332 1801 2420 habent,
1847 2339 2239 2434 praesertim
2288 2336 2625 2407 homines

484 2443 676 2516 illius
723 2440 1000 2512 ordinis
1021 2452 1074 2529 ¹,
1111 2465 1204 2512 ex
1244 2444 1661 2542 municipiis
1694 2449 2109 2535 rusticanis,
2134 2470 2385 2518 nonne
2416 2459 2627 2543 opta-

485 2556 844 2625 tissimum
897 2549 1038 2621 sibi
1083 2565 1348 2648 putant
1400 2576 1554 2624 esse
1582 2607 1601 2642 ‚
1674 2553 1863 2626 filios
1921 2581 2093 2628 suos
2148 2561 2247 2628 rei
2295 2555 2628 2629 familiari

489 2666 796 2736 maxime
839 2663 1147 2748 servire,
1191 2673 1264 2732 et
1313 2662 1390 2730 in
1421 2661 1709 2759 praediis
1746 2663 2069 2737 colendis
2103 2690 2341 2765 operae
2396 2666 2631 2765 pluri-

491 2797 693 2845 mum
722 2769 1095 2867 studiique
1129 2772 1605 2842 consumere?

586 2887 698 2952 An
725 2877 1144 2951 amandarat
1168 2878 1373 2950 hunc
1403 2882 1509 2950 sic
1526 2934 1547 2968 ‚
1571 2895 1656 2953 ut
1686 2887 1969 2956 essetin
1993 2908 2195 2982 agro,
2216 2909 2301 2956 ac
2322 2899 2639 2957 tantum-

495 2989 717 3063 modo
781 2988 1095 3058 aleretur
1137 2985 1232 3058 ad
1297 2989 1642 3060 villam2?
1688 3005 1773 3062 ut
1834 2995 2239 3066 commodis
2288 2993 2639 3066 omnibus

496 3097 822 3175 careret?
868 3093 1113 3189 Quid?
1141 3099 1200 3166 si
1235 3112 1559 3188 constat,
1606 3100 1819 3176 hunc.
1842 3128 1993 3174 non
2032 3103 2257 3175 modo
2307 3103 2641 3175 colendis

497 3209 786 3313 praediis
817 3203 1225 3306 praefuisse,
1263 3205 1392 3277 sed
1425 3212 1639 3280 certis
1677 3208 1927 3284 fundis
1949 3266 1969 3301 ,
2004 3229 2208 3312 patre
2244 3218 2447 3301 vim,
2492 3211 2641 3284 frui

499 3323 795 3394 solitum
822 3339 976 3408 esse
994 3367 1013 3402 ‚
1040 3328 1377 3388 tamenne
1406 3314 1559 3390 haec
1586 3319 1901 3393 attenta3
1929 3327 2106 3412 vita,
2133 3339 2207 3395 et
2238 3327 2601 3396 rusticana
2622 3379 2647 3412 ‚

500 3431 842 3530 relegatio
874 3441 1097 3524 atque
1127 3427 1540 3501 amandatio
1566 3432 2091 3529 appellabitur?
2121 3433 2366 3522 Vides,
2388 3437 2650 3524 Eruci,

577 3668 627 3716 5.
653 3661 1092 3732 constantissimus.
1113 3661 1214 3725 Qui
1228 3659 1308 3710 vel
1325 3661 1533 3710 maxime
1620 3681 1647 3702 α
1663 3659 1770 3708 haec
1789 3658 1891 3709 duo
1918 3657 2053 3724 sigua
2076 3676 2186 3725 quae
2210 3677 2341 3708 nunc
2366 3659 2434 3708 ad
2466 3662 2657 3726 implu-

507 3747 600 3797 sibi
625 3741 880 3793 constabat
899 3742 1086 3790 animo.
1620 3739 1755 3787 vium
1774 3750 1911 3788 tuum
1930 3749 2127 3804 stant-n,
2152 3741 2187 3788 i.
2203 3757 2249 3788 e.
2270 3741 2325 3788 iu
2340 3741 2600 3804 impluvio.

579 3823 698 3874 XV.
732 3837 754 3868 1
767 3855 781 3868 .
807 3820 945 3869 nlius
970 3819 1174 3868 ordinis.
1195 3823 1405 3870 suorum
1425 3835 1533 3867 mu·
1694 3819 1979 3868 &Accensa
1994 3819 2211 3870 Subaud.
2228 3819 2304 3868 ad
2320 3835 2437 3868 rem.
2454 3823 2665 3886 Integra

509 3903 808 3966 nieipiorum
851 3897 1076 3946 ditissimi
1113 3914 1172 3946 ac
1213 3898 1502 3947 nobilissimi
1517 3933 1534 3960 ,
1621 3896 1809 3946 locutio
1841 3897 1975 3962 apud
2015 3900 2211 3946 Terent.
2243 3898 2463 3964 Adelph.
2483 3903 2550 3958 V,
2588 3902 2619 3950 8
2644 3919 2663 3952 ε

509 3983 701 4050 qualem
718 3977 866 4026 fuisse
883 3978 935 4025 S.
957 3979 1192 4026 Roscium
1213 3977 1357 4026 dixit.
1622 3998 1651 4020 c
1666 3976 1839 4024 nitenti
1862 3977 1925 4023 ad
1952 3991 2051 4024 rem
2074 3977 2281 4026 nimium
2321 3979 2375 4025 in
2401 3990 2667 4030 senectute

582 4078 632 4110 2.
659 4057 740 4108 Ad
755 4053 951 4104 villam.
975 4059 1034 4104 Iu
1057 4055 1190 4106 villa.
1217 4055 1297 4105 Sic
1316 4059 1455 4106 Verr-
1475 4059 1499 4104 1
1519 4073 1533 4108 :
1624 4071 1790 4106 σωιιιιε
1804 4077 1845 4116 ιο,
1870 4056 1907 4106 i.
1928 4072 1975 4104 e.
1996 4057 2201 4104 nimium
2220 4055 2376 4121 parci.
