2984 4684
481 347 618 420 126
1115 351 1212 418 M.
1263 351 1342 420 T.
1396 349 1957 420 CICERONIS

469 475 589 542 vix
628 485 740 542 ter
773 473 851 542 in
899 493 1098 542 anno
1127 469 1381 566 audire
1425 473 1775 542 nuntium
1816 485 2147 570 possunt.
2194 471 2438 544 Alter²
2468 471 2603 544 tihi

471 579 848 653 descendit
895 579 986 652 de
1031 582 1300 654 Palatio
1317 578 1375 670 ³,
1435 595 1511 652 et
1545 580 1822 652 aedibus
1871 585 2063 670 suis;
2108 581 2328 654 habet
2379 587 2607 655 animi

471 691 839 766 relaxandi
877 716 1091 764 causa
1131 717 1255 764 rus
1285 717 1663 764 amoenum
1704 706 1776 764 et
1806 691 2310 764 suburbanum
2331 748 2351 782 ,
2395 694 2607 792 plura

465 817 810 903 praeterea
839 802 1149 901 praedia3
1175 827 1416 902 neque
1449 818 1691 875 tamen
1720 801 1985 893 ullum,
2010 807 2149 876 nisi
2181 805 2605 903 praeclarum

467 929 544 986 et
593 916 1100 1013 propinquum
1135 939 1152 982 ε
1199 913 1462 986 domus
1516 912 1780 986 referta
1824 917 2011 986 vasis
2072 915 2468 988 Corinthiis
2531 931 2610 988 et

469 1024 776 1096 Deliacis
791 1025 849 1114 ⁴,
895 1027 973 1094 in
1021 1022 1296 1121 quihus
1328 1039 1437 1096 est
1483 1021 1882 1122 authepsa⁵
1936 1026 2092 1115 illa,
2132 1051 2355 1124 quam
2400 1041 2605 1100 tanto

465 1136 702 1233 pretio
733 1157 972 1232 nuper
1001 1149 1358 1208 mercatus
1391 1148 1537 1224 est,
1572 1148 1688 1223 ut,
1730 1135 1859 1232 qui
1886 1150 2401 1234 praetereuntes
2442 1161 2610 1236 pre-

464 1242 694 1316 tium⁶
742 1249 1152 1318 enumerari
1175 1244 1572 1317 audiebant
1596 1300 1616 1334 ,
1662 1243 1977 1317 fundum
2021 1251 2271 1320 venire
2308 1247 2612 1320 arbitra·

465 1371 737 1430 rentur.
789 1356 986 1448 Quid
1030 1371 1378 1457 praeterea
1409 1357 1635 1428 caelati
1682 1361 2009 1455 argenti?
2050 1359 2232 1457 quid
2276 1360 2611 1458 stragulae

463 1469 732 1539 vestis?
785 1467 967 1565 quid
1024 1471 1382 1566 pictarum
1441 1465 1901 1539 tabularum?
1948 1468 2132 1566 quid
2184 1471 2610 1567 signorum?

461 1577 646 1676 quid
689 1581 1068 1649 marmoris
1109 1576 1306 1676 apud
1347 1578 1557 1649 illum
1598 1581 1875 1676 putatis·
1910 1581 2109 1651 esse?
2149 1595 2433 1652 tantum
2464 1581 2607 1650 sci·

459 1689 652 1778 licet,
675 1702 1032 1786 quantum
1057 1712 1098 1760 e
1129 1689 1373 1762 multis
1403 1688 1951 1788 splendidisque
1977 1687 2264 1762 familiis
2285 1694 2363 1761 in
2392 1688 2610 1761 turba

464 1813 538 1870 et
583 1801 852 1897 rapinis
884 1803 1293 1870 coacervari
1337 1823 1486 1870 una
1528 1803 1605 1870 in
1660 1799 1885 1872 domo
1932 1806 2195 1900 potuit.
2238 1802 2607 1875 Familiam

460 1933 636 1982 vero
687 1924 1034 2006 quantam
1055 1965 1076 1998 ,
1127 1925 1201 1981 et
1231 1934 1453 2008 quam
1485 1915 1698 1983 variis
1732 1937 1900 1984 cum
1939 1911 2263 1985 artificiis
2300 1913 2566 1985 habeat
2586 1967 2610 2000 ,

461 2021 645 2120 quid
675 2047 812 2120 ego
844 2021 1124 2094 dicam?
1165 2026 1376 2095 Mitto
1413 2023 1629 2096 hasce
1664 2040 1855 2097 artes
1894 2026 2259 2124 vulgares,
2287 2051 2609 2126 coquOS,

459 2137 769 2230 pistores
789 2187 809 2218 ,
835 2133 1278 2204 lecticarios:
1311 2138 1538 2206 animi
1561 2149 1636 2207 et
1666 2139 1955 2208 aurium
1984 2162 2197 2210 causa
2227 2152 2339 2209 tot
2363 2136 2611 2208 homi-

461 2269 592 2316 nes
623 2243 877 2333 habet,
905 2259 989 2314 ut
1018 2243 1452 2340 quotidiano
1483 2259 1704 2318 cantu
1726 2270 2017 2337 vocum,
2044 2257 2161 2318 et⁷
2188 2271 2612 2335 nervorum,

461 2372 536 2429 et
572 2356 939 2446 tibiarum,
972 2361 1500 2455 nocturnisque
1534 2362 1886 2430 conviviis
1914 2373 2067 2432 tota
2091 2363 2422 2432 vicinitas
2452 2383 2617 2458 per-

461 2483 692 2539 sonet.
735 2473 822 2539 In
855 2466 992 2538 hac
1013 2470 1182 2556 vita,
1199 2467 1508 2565 judiceS,
1532 2494 1721 2567 quos
1748 2485 2083 2569 sumptus
2114 2471 2611 2568 quotidianos,

461 2603 644 2676 quas
684 2577 1080 2650 effusiones
1115 2573 1272 2650 fieri
1308 2582 1625 2678 putatis?
1652 2606 1815 2678 quae
1850 2606 2026 2653 vero
2054 2583 2430 2654 convivia?
2473 2580 2615 2652 ho-

531 2767 581 2800 2.
608 2749 765 2799 Alter.
791 2749 1163 2816 Chrysogonus.
1200 2749 1320 2798 Tibi.
1343 2749 1486 2799 Pleo·

459 2848 654 2880 nssrnus
679 2841 752 2879 est
766 2865 782 2890 ,
816 2831 882 2879 sd
918 2831 1186 2896 emphasim
1216 2831 1399 2879 faciens
1435 2841 1486 2879 et

455 2911 857 2974 indignationem.

489 3049 496 3054 .
534 2991 584 3040 3.
639 2990 858 3038 Palatio.
907 2989 1050 3040 Colle
1096 2991 1348 3047 Palatino,
1397 2987 1486 3037 ubi

454 3071 703 3136 principes
745 3069 954 3118 civitatis
995 3069 1249 3129 habitant3
1298 3079 1351 3118 et
1394 3069 1486 3117 ubi

458 3152 838 3216 Chrysogonum
911 3149 1041 3198 aedes
1102 3164 1213 3198 suas
1270 3148 1449 3196 habere
1467 3183 1485 3210 ,

457 3247 611 3295 quum
656 3245 824 3277 servus
877 3228 1051 3290 fuerit,
1092 3227 1486 3296 indignissimum

455 3311 667 3360 videtur.
704 3309 850 3359 Conf.
881 3309 1073 3358 Horatii
1093 3307 1256 3372 Epod.
1271 3309 1362 3366 IV,
1388 3323 1485 3371 qun

457 3393 744 3442 vilissimum
782 3389 1006 3455 Pompeii
1045 3389 1276 3436 libertum
1318 3388 1487 3438 endem

460 3473 664 3521 andacia
699 3472 997 3519 insectatur:
1032 3487 1202 3518 verum
1237 3477 1489 3518 curaverat

464 3555 698 3602 Horatius
728 3563 786 3602 ut
809 3551 939 3601 hanc
965 3551 1136 3600 saltem
1155 3552 1283 3600 intra
1303 3549 1494 3599 chartas

459 3643 696 3682 servaret.

536 3721 586 3770 4.
618 3710 878 3761 Corinthiis
898 3723 949 3761 ee
966 3708 1195 3760 Deliacis.
1219 3711 1349 3758 Vasa
1383 3708 1492 3756 aeris

463 3791 711 3840 Corinthii
749 3791 1124 3840 celebratissima
1157 3801 1325 3851 erant3
1359 3787 1488 3836 illud

460 3887 525 3918 cx
543 3869 788 3919 Corinthii
805 3870 1038 3920 incendio
1057 3869 1340 3931 conflatum,
1363 3885 1485 3916 con·

461 3951 572 3998 fuso
613 3949 804 4014 qnippe
847 3967 967 4000 suro
987 3987 1003 4012 ,
1042 3961 1244 4015 argento
1283 3959 1332 3998 et
1367 3965 1485 4007 aere,

462 4029 674 4077 credidit
710 4028 917 4088 Florus;
963 4047 1111 4096 quam
1159 4029 1383 4078 fabellam
1424 4028 1488 4076 de

461 4111 570 4160 aeris
609 4109 912 4160 Corinthiaci
957 4111 1148 4176 origiue
1197 4109 1376 4160 refellit
1424 4125 1488 4158 ex

1574 2749 1687 2816 ipso
1709 2750 1895 2812 Plinio,
1918 2753 2165 2811 XXXIV,
2203 2751 2260 2812 3,
2304 2761 2363 2812 4,
2398 2752 2615 2800 Bcchar-

1574 2829 1667 2878 dus
1686 2831 1993 2890 Hicrozoici,
2036 2833 2110 2879 vt
2124 2867 2139 2890 ,
2198 2831 2280 2880 16.
2328 2829 2613 2880 Secundum

1572 2909 1738 2958 locum
1758 2912 1955 2959 Deliaca
1976 2909 2283 2961 obtinebant.

1648 2991 1698 3039 5.
1722 2991 1997 3054 Auekepsa.
2019 2991 2144 3040 011ae
2166 3005 2318 3054 genus
2338 2988 2611 3053 coquendis

1574 3069 1698 3118 cibis
1736 3087 1794 3119 sc
1834 3082 2007 3135 postea
2040 3069 2379 3119 calefaciendis
2421 3069 2613 3118 hnlneis

1573 3151 2025 3210 accommodatum,
2061 3165 2127 3197 ex
2161 3149 2328 3198 coctili
2366 3159 2495 3197 terra
2520 3159 2613 3196 sut

1576 3233 1707 3280 ferro
1732 3229 1836 3297 (hic
1870 3247 1990 3279 vero
2017 3247 2082 3278 ex
2111 3245 2207 3278 aere
2232 3228 2515 3294 Corinthio)
2534 3241 2551 3277 z
2574 3243 2611 3276 a

1575 3326 1738 3378 graeco
1768 3307 1939 3368 αὐτὸς,
1982 3310 2113 3376 ipse,
2155 3321 2205 3357 et
2236 3303 2333 3372 ἕψω
2353 3342 2369 3368 ,
2408 3324 2607 3372 coquo,

1574 3390 1715 3455 qnasi
1739 3405 1830 3454 per
1858 3406 1911 3438 se
1944 3401 2181 3453 coqueret
2198 3426 2214 3451 ,
2248 3405 2341 3438 nec
2380 3389 2501 3437 foco
2528 3387 2613 3435 in-

1582 3469 1787 3534 digeret.
1824 3468 1945 3520 vid.
1996 3473 2168 3520 Senec.
2212 3471 2401 3533 Quaest.
2440 3477 2611 3517 natur.

1580 3551 1658 3598 m
1671 3583 1687 3608 ,
1723 3557 1809 3605 2⁴0

1653 3630 1705 3678 6.
1741 3627 1975 3676 Pretium.
2010 3627 2164 3678 Pretii
2198 3640 2273 3678 est
2306 3625 2615 3678 enumeratio

1580 3709 1635 3757 in
1660 3710 1918 3767 auctione,
1955 3708 2044 3756 ubi
2070 3721 2307 3773 quantum
2343 3707 2528 3772 singuli
2552 3707 2619 3756 in

1580 3791 1693 3838 foro
1730 3789 2061 3852 licitarentur,
2104 3806 2166 3839 ex
2204 3790 2449 3856 praeconis
2486 3804 2622 3837 voce

1574 3869 1843 3935 intelligere
1870 3881 2099 3935 poterant
2124 3879 2494 3934 pretereuntes.
2515 3869 2623 3916 Lo-

1576 3965 1639 3998 co
1656 3950 1870 4014 pretinm
1892 3951 1945 3998 in
1971 3949 2075 4000 Pal.
2104 3951 2251 4016 prim.
2260 3947 2507 4014 proecons‘.

1651 4047 1700 4092 7.
1734 4031 2024 4081 Nemorum.
2051 4030 2245 4080 Fidium
2269 4042 2379 4094 «με
2414 4025 2624 4076 eichst-is

1577 4121 1830 4174 aptantur.
