2984 4684
522 365 655 437 136
731 367 829 436 M.
863 365 939 432 T.
979 364 1278 433 CICER.'
1309 361 1653 432 ORATIO
1702 363 1883 430 PRO
1934 362 2001 430 S.
2052 361 2419 432 ROSCIO.

505 488 702 560 blico
748 481 1085 558 consilio³
1125 482 1396 555 factum
1426 483 1814 555 videretur.
1859 489 2061 555 Hanc
2107 508 2319 572 vern,
2340 507 2503 581 quae
2550 485 2643 556 ad

505 623 762 669 eorum
785 595 1052 668 liberos
1073 609 1295 690 atque
1321 591 1709 664 infantium
1732 595 2171 692 puerorum⁴
2200 595 2645 668 incunabula

505 709 988 807 pertinet,nisi
1003 705 1146 775 hoc
1158 703 1436 800 judicio
1453 728 1497 774 a
1509 703 1719 775 vobis
1742 707 2035 802 rejicitis
2049 720 2123 776 et
2133 710 2643 806 aspernamini,

507 815 776 904 videte,
801 840 934 914 per
956 814 1130 885 deos
1153 815 1617 904 immortales,
1641 839 1859 912 quem
1884 814 2225 886 inlocum
2250 815 2647 914 rempubli-

510 951 668 998 cam
708 939 1217 1024 perventuram
1259 927 1549 1021 putetis.
1591 926 1939 996 Homines
1970 927 2364 1022 sapienteS,
2410 940 2485 995 et
2508 927 2645 996 ista

417 1126 426 1136 ¹
505 1038 933 1124 auctoritate
961 1048 1034 1115 et
1053 1047 1406 1132 potestate
1431 1033 1805 1132 praeditos,
1827 1057 1975 1132 qua
1995 1058 2125 1104 vos
2153 1037 2348 1124 estiS,
2370 1059 2460 1105 ex
2484 1039 2645 1131 qui-

506 1147 648 1218 bus
703 1144 922 1216 rebus
971 1147 1282 1216 maxime
1344 1142 1755 1243 respublica
1813 1143 2130 1232 laborat,
2186 1147 2275 1215 iis
2336 1148 2646 1216 maxime

511 1255 787 1328 mederi
838 1258 1202 1327 convenit.
1247 1260 1589 1328 Vestrum
1631 1280 1851 1327 nemo
1898 1268 2009 1327 est
2028 1309 2047 1344 ,
2079 1258 2260 1352 quin
2296 1255 2651 1351 intelligat

512 1366 872 1466 populum
892 1368 1435 1463 romanum,qui
1455 1364 1831 1462 quondam
1852 1367 1929 1434 in
1944 1359 2226 1435 hostes⁵
2243 1363 2651 1435 lenissimus

515 1477 1100 1565 existimabatur,
1164 1476 1310 1549 hoc
1373 1491 1699 1574 tempore
1771 1474 2169 1547 domestica
2232 1474 2651 1547 crudelitate

514 1587 861 1660 laborare.
907 1593 1108 1659 Hanc
1154 1588 1382 1659 tollite
1414 1611 1501 1658 ex
1536 1590 1821 1658 civitate
1847 1641 1867 1675 ,
1909 1585 2234 1683 judices;
2278 1583 2471 1656 hanc
2504 1587 2651 1682 pati

514 1699 742 1769 nolite
768 1695 1044 1767 diutius
1069 1700 1147 1769 in
1173 1695 1312 1768 hac
1337 1696 1712 1795 republica
1734 1699 2035 1768 versari:
2066 1721 2227 1794 quae
2254 1720 2407 1766 non
2432 1694 2656 1765 modo

513 1807 592 1878 id
615 1805 836 1878 habet
857 1810 934 1877 in
956 1833 1030 1878 se
1061 1808 1264 1896 mali,
1289 1807 1493 1905 quod
1517 1823 1628 1878 tot
1654 1809 1844 1878 cives
1870 1808 2315 1878 atrocissime
2342 1805 2655 1890 sustulit,

512 1943 768 1988 verum
823 1921 1038 1988 etiam
1069 1917 1492 1989 hominibus
1536 1917 1921 1989 lenissimis
1952 1915 2223 1988 ademit
2254 1917 2657 1985 misericor·

485 2041 490 2046 “
515 2027 710 2098 diam
725 2025 758 2072 ⁶
781 2027 1310 2100 consuetudine
1334 2027 1994 2099 incommodorum.
2026 2029 2211 2098 Nam
2236 2048 2469 2121 quum
2505 2048 2663 2095 om·

515 2136 736 2209 nibus
779 2136 980 2207 horis
1007 2137 1284 2236 aliquid
1319 2140 1659 2209 atrociter
1690 2136 1847 2209 fieri
1877 2134 2211 2208 videmus
2236 2189 2255 2222 ,
2294 2149 2425 2206 aut
2456 2133 2664 2204 audi·

519 2272 684 2318 mus
705 2301 725 2332 ,
775 2251 989 2318 etiam
1031 2251 1162 2345 qui
1203 2262 1463 2318 natura
1500 2247 1858 2318 mitissimi
1896 2269 2149 2318 sumus
2175 2299 2195 2332 ‚
2244 2243 2663 2314 assiduitate

520 2358 1016 2428 molestiarum
1066 2383 1360 2431 sensum
1407 2381 1701 2431 omnem
1758 2356 2229 2440 humanitatis
2269 2378 2357 2425 ex
2402 2356 2663 2424 animis

523 2469 946 2538 amittimus.
2132 2483 2139 2493 '

521 2635 728 2684 securim
756 2653 782 2684 a
811 2636 994 2685 civium
1013 2636 1309 2695 cervicibus,
1336 2637 1496 2701 virgas
1522 2652 1551 2684 ι
1638 2645 1763 2684 esset
1774 2655 1813 2682 n.
1846 2637 1987 2683 Hane
2004 2645 2175 2699 postea
2192 2633 2371 2695 Cesar,
2397 2648 2559 2680 rerum
2582 2645 2669 2695 po-

523 2727 663 2780 tergo
689 2714 1021 2764 removebant.
1637 2717 1776 2775 titus,
1794 2715 2069 2778 abrogavit.
2092 2714 2297 2762 Sueten.
2316 2713 2372 2760 in
2388 2709 2496 2762 sul.
2511 2727 2559 2760 c.
2577 2718 2667 2766 41.

595 2797 648 2844 3.
676 2795 878 2844 Publica
902 2794 1120 2844 consilio.
1147 2794 1455 2852 Auctoritate
1475 2810 1553 2843 ee·
1712 2794 1761 2843 5.
1786 2797 1849 2842 In
1874 2792 2033 2843 hostes
2052 2793 2337 2842 lenissimus.
2361 2791 2493 2839 Vide
2516 2791 2671 2840 cm-

523 2884 688 2923 mtue.
1638 2889 1741 2921 rem
1767 2873 1901 2938 apud
1923 2873 2121 2922 sallust.
2148 2872 2203 2919 in
2230 2871 2352 2920 Bell.
2374 2871 2523 2920 Catil.
2550 2871 2631 2918 50.

597 2959 652 3008 4.
680 2953 947 2998 Puerorum
969 2951 1284 3001 &cunabula
1312 2954 1455 3000 Hane
1472 2968 1555 3000 ve·
1710 2953 1763 3000 6.
1805 2951 2009 3001 Ademit
2042 2948 2451 2998 misericordiam.
2496 2949 2674 2996 Mouet

523 3029 884 3080 hemeutiesime
909 3031 1173 3080 insectatur
1194 3030 1350 3093 legem
1373 3031 1425 3077 in
1443 3029 1553 3078 Sal-
1636 3030 1827 3092 judices
1852 3047 1919 3082 ue
1948 3030 2094 3086 inviti
2134 3029 2285 3076 ferme
2321 3028 2383 3077 ad
2411 3026 2673 3075 crudelita-

524 3109 678 3158 lnetIo
701 3109 916 3174 Lepidm
939 3123 953 3156 :
983 3110 1141 3172 «quin
1172 3110 1308 3168 solus
1330 3109 1553 3159 omnium
1640 3119 1738 3158 tem
1760 3110 1860 3157 sint
1884 3108 2248 3174 propensiores.
2280 3107 2413 3156 Illud
2440 3105 2593 3166 enim,
2611 3119 2673 3152 ex

527 3186 702 3253 (Sulla)
717 3223 732 3246 ‚
784 3199 901 3252 poet
941 3189 1224 3236 memoriam
1268 3187 1522 3235 hominum
1537 3224 1550 3247 ,
1639 3188 1883 3237 bellorum
1906 3187 2123 3236 civilium
2142 3185 2426 3252 spectaculo
2446 3182 2671 3242 trahitur,

527 3267 769 3332 supplicia
805 3267 859 3316 in
895 3268 1206 3332 postfuturos
1243 3267 1521 3332 composuit
1534 3302 1551 3328 ,
1638 3278 1694 3316 ut
1742 3267 2111 3331 quodammodo
2152 3263 2473 3315 humanitatis
2512 3261 2672 3311 omnin

525 3346 662 3410 quein
697 3347 834 3411 prius
868 3347 1044 3407 injuria
1087 3361 1232 3410 quam
1268 3345 1370 3406 vita
1417 3357 1549 3396 cem
1635 3345 1862 3396 hebescat
1888 3363 2081 3406 seusus.
