2984 4684
795 365 1189 435 ORATIO
1245 365 1441 434 PRO
1491 367 1561 435 S.
1610 367 2029 438 ROSCIO.
2384 369 2480 468 95

337 486 520 558 nihil
563 501 712 557 tam
752 485 933 569 vile,
971 511 1214 584 neque
1245 501 1394 559 tam
1437 489 1735 585 vulgare
1768 504 1912 579 est,
1954 491 2163 588 cujus
2200 507 2479 592 partem

337 597 561 668 ullam
583 599 687 668 eis
712 597 1160 694 reliquerint.
1192 600 1480 669 Etenim
1506 597 1686 694 quid
1703 595 1735 642 ⁵
1760 613 1906 670 mm
1931 615 2040 672 est
2066 625 2483 693 commune,

336 731 560 804 quam
587 710 883 806 spiritus
907 709 1113 796 viviS,
1141 721 1328 779 terra
1354 709 1685 796 mortuiS,
1714 733 1909 780 mare
1932 708 2483 801 fluctuantibus,

335 819 506 889 litus
535 817 830 913 ejectis?
859 823 968 889 Ita
1005 821 1301 906 vivunt,
1331 817 1513 888 dum
1544 833 1892 916 possunt,
1922 834 2008 891 ut
2032 819 2300 894 ducere
2330 826 2485 894 ani-

335 952 525 999 mam
559 926 653 998 de
699 929 872 999 caelo
911 952 1067 999 non
1113 941 1424 1024 queant;
1469 930 1574 998 ita
1616 931 2055 1018 moriuntur,
2108 945 2193 1001 ut
2226 943 2482 1003 eorum

335 1063 496 1109 ossa
551 1051 742 1108 terra
797 1062 950 1108 non
1004 1034 1338 1133 tangat⁶;
1389 1039 1490 1108 ita
1534 1039 1901 1135 jactantur
1942 1038 2289 1113 fluctibus
2318 1095 2338 1128 ,
2399 1056 2487 1114 ut

337 1173 744 1247 numquam
785 1149 1232 1237 alluantur73
1279 1151 1380 1218 ita
1409 1162 1781 1246 postremo
1816 1151 2231 1247 ejiciuntur,
2272 1167 2356 1223 ut
2386 1177 2481 1224 ne

331 1257 426 1330 ad
455 1282 627 1330 saxa
661 1257 965 1356 quidem
999 1260 1269 1328 mortui
1303 1261 1841 1355 conquiescant.

425 1373 640 1441 Tanti
685 1366 1020 1440 maleficii
1064 1370 1339 1438 crimen
1363 1421 1384 1456 ,
1437 1369 1557 1438 cui
1603 1367 1959 1440 maleficio
1997 1383 2143 1440 tam
2193 1371 2481 1467 insigne

331 1481 778 1579 supplicium
807 1493 918 1550 est
941 1479 1424 1549 constitutum
1442 1530 1463 1565 ,
1488 1477 1800 1576 probare
1834 1494 1930 1567 te,
1954 1483 2203 1566 Eruci,
2232 1505 2483 1552 censes

332 1615 546 1688 posse
573 1589 839 1661 talibus
867 1590 1040 1658 viris
1057 1641 1078 1676 ,
1103 1590 1163 1658 si
1192 1611 1284 1658 ne
1313 1611 1602 1658 musam
1631 1587 1933 1686 quidem
1961 1587 2288 1661 maleficii
2313 1615 2482 1688 pro-

333 1699 634 1771 tuleris?
678 1703 748 1772 Si
781 1697 984 1768 hunc
1013 1696 1211 1795 apud
1241 1695 1611 1770 bonorum
1645 1713 2008 1797 emptores
2039 1703 2235 1798 ipsos
2270 1724 2481 1772 accu·
2592 1759 2607 1767 -

331 1835 559 1899 sareS,
613 1812 826 1907 eique
883 1807 1164 1905 judicio
1227 1807 1763 1904 Chrysogonus·
1803 1825 2135 1907 proeesset
2153 1864 2174 1899 ,
2232 1825 2476 1882 tamen

331 1921 754 2017 diligentius
788 1923 1254 2018 paratiusque
1291 1921 1628 1990 venisses.
1662 1921 1965 2010 Utrum,
1990 1921 2171 2018 quid
2200 1935 2479 2018 agatur,

331 2055 486 2102 non
509 2028 754 2100 vides?
775 2053 898 2118 an,
921 2027 1120 2126 apud
1149 2052 1337 2127 quos
1355 2031 1651 2125 agatur?
1671 2032 1929 2135 Agitur
1951 2030 2041 2102 de
2063 2031 2479 2130 parricidio,

329 2140 541 2239 quod
573 2143 731 2213 sine
761 2141 1010 2212 multis
1043 2141 1278 2210 causis
1311 2142 1579 2238 suscipi
1613 2164 1765 2211 non
1802 2156 2063 2240 potest.
2098 2141 2313 2241 Apud
2344 2142 2477 2213 ho·-

329 2256 568 2324 mines
611 2266 856 2324 autem
895 2248 1501 2349 prudentissimos
1544 2253 1805 2348 agitur,
1855 2254 1983 2350 qui
2022 2253 2479 2350 intelligunt,

329 2366 710 2434 neminem
741 2385 834 2432 ne
867 2363 1256 2432 minimum
1287 2360 1587 2458 quidem
1614 2360 2049 2434 maleficium
2076 2367 2235 2434 sine
2262 2387 2476 2437 causa

325 2471 736 2544 admittere.

429 2585 728 2654 XXVII.
760 2583 932 2652 Esto
965 2603 984 2647 ε
1019 2603 1308 2652 causam
1337 2579 1665 2678 proferre
1702 2606 1853 2652 non
1885 2595 2095 2681 potes
2125 2607 2143 2651 ε
2188 2589 2474 2657 tametsi

325 2695 577 2764 statim
607 2693 864 2764 vicisse
896 2688 1132 2762 debeo
1154 2744 1174 2780 ,
1200 2705 1443 2762 tamen
1475 2689 1570 2762 de
1604 2715 1767 2762 meo
1791 2692 1955 2788 jure
1986 2691 2334 2764 decedam
2354 2720 2374 2781 ;
2398 2709 2475 2766 et

325 2801 466 2874 tibi
485 2857 505 2891 ,
531 2799 742 2899 quod
771 2805 847 2872 in
884 2800 1020 2872 alia
1051 2825 1268 2873 causa
1292 2825 1446 2872 non
1475 2799 1987 2890 concederem,
2018 2804 2095 2872 in
2131 2801 2267 2875 hac
2292 2828 2475 2876 con-

323 2912 586 2986 cedam
605 2966 626 3000 ,
669 2909 900 2984 fretus
951 2911 1173 3008 hujus
1215 2914 1656 2983 innocentia.
1702 2915 1867 2984 Non
1910 2936 2159 3009 quaero
2204 2911 2335 2985 abs
2368 2929 2479 3002 te,

319 3047 560 3122 quare
583 3037 864 3122 patrem
889 3027 1044 3094 Sex.
1063 3025 1366 3094 Roscius
1387 3019 1774 3094 occiderit:
1800 3045 2075 3120 quaero,
2096 3024 2477 3120 quomodo

321 3131 708 3206 occiderit.
745 3137 854 3203 Ita
881 3155 1130 3230 quaero
1162 3131 1292 3204 abs
1321 3147 1418 3222 te,
1437 3136 1521 3205 C.
1548 3133 1806 3221 Eruci,
1828 3133 2243 3230 quomod03
2270 3151 2351 3210 et.
2376 3137 2481 3207 sic

409 3389 460 3438 5.
497 3385 696 3435 Enim
719 3384 872 3450 quid,
895 3395 994 3435 etc.
1023 3387 1174 3434 Hune
1199 3386 1366 3434 locum
1455 3387 1516 3444 6,
1542 3385 1612 3433 ait
1639 3387 1785 3433 etiam
1813 3394 1974 3434 totum
2000 3383 2133 3432 hunc
2164 3385 2329 3432 locum
2343 3385 2483 3450 juvo-

325 3469 515 3518 Εἶτα-ο
535 3465 744 3514 adducit
765 3475 816 3513 et
836 3463 898 3513 de
921 3479 984 3513 σο
1005 3464 1252 3526 indicium
1274 3466 1370 3514 fert
1454 3463 1621 3513 uiliter
1642 3479 1746 3513 esse
1784 3475 2059 3514 truentum.
2086 3464 2223 3526 Quid
2254 3466 2385 3514 enim
2428 3467 2483 3515 in

327 3548 390 3594 in
429 3547 571 3594 ont.
610 3543 710 3593 30:
751 3543 1010 3606 -Quantis
1040 3543 1125 3592 illa
1166 3543 1370 3592 circum·
1453 3545 1659 3608 argutiis
1692 3554 1744 3592 et
1780 3543 2033 3592 antithetis
2082 3544 2373 3592 commorari
2420 3545 2483 3594 de

327 3625 512 3674 stantis
533 3623 712 3688 populi
735 3622 1061 3682 clamoribus,
1089 3622 1370 3696 adoles-pn-
1454 3623 1721 3688 parricidio
1746 3623 2031 3686 loquentem
2058 3621 2201 3670 decet
2214 3622 2237 3668 i·

329 3704 430 3752 tuli
467 3703 684 3752 dixmu-
723 3703 786 3753 de
815 3703 1064 3769 applinio
1103 3681 1370 3770 parricida-
1526 3703 1579 3750 6.
1606 3701 1825 3752 Cimini
1804 3699 1942 3764 ipse,
1968 3703 2111 3749 Orat.
2141 3716 2185 3748 c.
2212 3702 2311 3752 30:
2345 3713 2484 3753 ntur·

325 3785 488 3831 rum?
525 3785 652 3847 Qua
695 3799 1001 3848 nequ-quum
1050 3784 1168 3833 satin
1217 3783 1370 3832 defet-
1455 3797 1559 3830 nm
1584 3797 1689 3830 non
1712 3791 1963 3843 ungant·
1962 3781 2111 3830 .J.V.
2136 3781 2195 3830 1..

323 3863 638 3926 buain-epea
647 3861 901 3927 aliquanto
919 3865 1100 3912 nontin-0
1113 3865 1365 3928 ooepimns.
1529 3861 2009 3923 7.A11uaaewr.Ut
2042 3873 2311 3924 numquam
2352 3877 2479 3926 aqna
2543 3913 2552 3921 ,

315 3939 466 3993 Sunt
502 3943 636 3990 uim
665 3943 832 3991 omni·
857 3943 990 3992 dont
1014 3943 1364 4000 adolente-ntis,
1451 3939 1672 4003 undssque
1720 3936 1981 3987 madefiant
2000 3967 2017 3998 ‚
2082 3953 2237 4004 enque
2284 3955 2399 4005 pem
2386 3940 2484 3987 itus

319 4037 442 4070 nou
465 4033 566 4070 tam
593 4037 646 4071 m
676 4033 730 4070 et
753 4025 1062 4082 maturitate,
1105 4037 1250 4086 quam
1277 4037 1368 4086 spe
1452 4017 1837 4084 perfunduntur,
1864 4017 2001 4080 qnod
2018 4019 2115 4065 niti
2132 4018 2301 4066 culeus
2327 4018 2489 4066 obsta-

313 4111 382 4148 et
407 4101 774 4167 exspectatione
787 4101 1234 4166 laudati-Quintil.
1247 4103 1368 4160 111,
1456 4109 1545 4156 ret,
1564 4095 1673 4145 fieri
1691 4111 1887 4144 neeesse
1898 4107 2020 4145 erat.
2033 4095 2173 4160 Quid
2191 4111 2311 4144 vero
2335 4094 2487 4144 admi·
