2984 4684
689 342 806 411 IN
857 342 944 431 Q.
993 341 1537 411 cAEC1LIUM
1588 341 2159 412 DIVINATIO.
2369 368 2495 442 ιρι
2594 296 2601 305 ’

357 454 616 535 omnes
649 486 808 535 sese
849 460 994 533 hoc
1033 486 1186 533 uno
1221 476 1531 560 praetore
1577 484 1709 559 per
1738 456 2135 535 triennium
2158 475 2213 511 ¹¹
2262 482 2507 565 pertu-

356 574 522 645 lisse
548 600 566 643 z
593 598 852 672 rogare
883 583 944 616 ¹²
975 587 1052 643 et
1082 594 1328 661 orare,
1354 596 1450 643 ne
1473 571 1635 643 illos
1660 574 2023 671 supplices
2048 600 2503 675 aspernarer,

359 708 584 781 quos,
609 708 730 756 me
773 683 1162 768 incolumi,
1201 683 1479 753 nemini
1514 682 1883 779 supplices
1918 708 2075 757 esse
2103 702 2501 785 oporteret.

453 800 546 866 ΙΙ.
561 794 722 867 Tuli
739 795 1050 893 graviter
1064 808 1140 865 et
1153 791 1452 879 acerbe,
1475 819 1501 887 J
1512 793 1791 881 'udice5‚
1818 795 1895 864 in
1914 820 2085 867 eum
2112 822 2229 870 me
2256 798 2503 872 locum

362 904 756 977 adductum
775 916 830 993 ¹,
855 918 938 975 ut
956 918 1082 975 aut
1105 927 1232 975 eos
1251 902 1589 975 homines
1608 927 1773 1002 spes
1806 902 2105 995 falleret,
2132 910 2259 1005 qui
2288 934 2509 1009 opem

361 1040 404 1087 a
445 1040 561 1087 me
602 1030 824 1113 atque
852 1014 1204 1087 auxilinm
1237 1014 1673 1112 petissent23
1710 1029 1837 1085 aut
1874 1039 2011 1113 ego
2035 1070 2056 1104 ,
2094 1020 2226 1115 qui
2260 1044 2381 1091 me
2414 1020 2511 1093 ad

361 1124 862 1197 defendendos
897 1124 1232 1197 homines
1268 1122 1361 1195 ab
1403 1124 1707 1195 ineunte
1744 1122 2227 1199 adolescentia
2278 1128 2509 1202 dedis-

361 1260 555 1321 sem,
599 1250 932 1335 tempore
979 1249 1202 1332 atque
1246 1232 1494 1305 officio
1538 1248 1835 1307 coactus
1885 1234 1977 1306 ad
2018 1238 2505 1311 accusandum

359 1344 800 1417 traducerer.
849 1343 1230 1431 Dicebam,
1265 1342 1539 1415 habere
1580 1368 1704 1414 eos
1754 1358 2075 1417 actorem
2098 1341 2127 1389 ³
2171 1350 2260 1438 Q.
2282 1352 2509 1421 Caeci-

363 1455 576 1541 lium,
603 1456 734 1553 qui
765 1455 1160 1553 praesertim
1196 1468 1517 1553 quaestor
1542 1454 1619 1525 in
1654 1452 1909 1525 eadem
1938 1457 2311 1552 provincia
2343 1474 2511 1555 post

363 1588 484 1637 me
515 1580 950 1664 quaestorem
975 1562 1250 1636 fuisset.
1283 1566 1452 1653 Quo
1490 1588 1629 1661 ego
1664 1564 2089 1657 adjumento
2132 1566 2513 1664 sperabam

365 1675 555 1747 hanc
586 1700 628 1745 a
664 1698 783 1747 me
823 1673 1232 1746 molestiam
1275 1698 1491 1772 posse
1534 1672 1901 1746 demoveri
1922 1677 1979 1763 ⁴,
2026 1674 2100 1746 id
2136 1676 2318 1748 mihi
2356 1693 2513 1751 erat

365 1786 852 1858 adversarium
893 1787 1228 1857 maxime.
1283 1786 1468 1857 Nam
1506 1783 1613 1855 illi
1656 1783 1887 1855 multo
1941 1784 2119 1855 mihi
2160 1786 2307 1859 hoc
2340 1786 2513 1861 faci·

364 1896 502 1968 lius
564 1897 1046 1984 remisissent,
1099 1896 1164 1967 si
1211 1896 1431 1967 istum
1475 1919 1631 1965 non
1676 1910 1977 1967 nossent
1996 1892 2053 1985 ⁵,
2101 1912 2227 1969 aut
2272 1899 2335 1969 si
2376 1902 2511 1972 iste

364 2007 562 2105 apud
600 2031 726 2079 eos
767 2022 1084 2105 quaestor
1121 2030 1276 2078 non
1323 2004 1596 2077 fuisset.
1650 2004 2029 2077 Adductus
2076 2031 2279 2093 sum,
2296 2008 2511 2103 -judi-

365 2142 514 2207 ces,
559 2116 805 2190 officio
822 2113 882 2207 ⁶,
909 2116 1054 2189 fide
1071 2172 1092 2207 ,
1131 2115 1660 2201 misericordia,
1696 2116 2095 2187 multorum
2138 2116 2509 2192 bonorum

365 2228 698 2329 exemplo
713 2283 734 2315 ,
759 2229 990 2301 veteri
1019 2226 1547 2300 consuetudine
1562 2280 1583 2314 ,
1606 2226 2093 2323 institutoque
2118 2228 2513 2323 majorum,

365 2355 450 2411 ut
473 2364 662 2413 onus
688 2339 830 2412 hoc
859 2338 1128 2411 laboris
1151 2354 1373 2437 atque
1401 2334 1662 2423 officii,
1690 2363 1844 2410 non
1872 2363 1962 2410 ex
1984 2350 2219 2429 meo',
2266 2340 2393 2413 sed
2422 2369 2514 2415 ex
2624 2390 2635 2411 .

369 2474 700 2521 meorum
735 2451 1307 2521 necessariorum
1347 2461 1713 2544 tempore,
1758 2448 1939 2519 mihi
1968 2448 2529 2547 suscipiendum

367 2575 721 2657 putarem.
759 2552 983 2650 Quo
965 2584 1044 2631 m
1085 2558 1382 2655 negotio
1420 2570 1665 2631 tamen
1703 2555 1823 2628 illa
1858 2581 1977 2627 me
2010 2582 2157 2646 res,
2190 2558 2473 2653 judices
2492 2616 2513 2651 ‚

369 2735 521 2785 dem
504 2752 611 2801 ipsa
645 2736 845 2785 numina
871 2736 924 2785 in
957 2734 1226 2785 simulacris
1252 2732 1393 2781 habi·
1474 2733 1558 2794 jus
1589 2732 1631 2779 ai
1671 2749 1765 2797 qua
1802 2740 1962 2780 essent
1996 2732 2051 2779 in
2085 2732 2275 2782 Siculos
2310 2736 2481 2785 merita
2496 2772 2513 2798 ,

367 2826 469 2864 tare
489 2814 749 2875 credeban
780 2816 858 2865 cui
882 2816 1033 2864 errori
1053 2812 1396 2881 prudentiores
1481 2828 1653 2862 eorum
1680 2812 1913 2861 memoria
1947 2812 2192 2861 recentior
2216 2824 2343 2863 esset
2363 2832 2513 2881 quam

368 2910 420 2943 ae
444 2894 908 2957 accommodabat,
933 2896 1050 2945 lieet
1063 2895 1229 2943 auimo
1249 2893 1398 2959 longe
1482 2906 1719 2943 meorum.

365 2974 506 3023 aliter
519 2976 771 3027 sentirent.
789 2975 908 3025 vm.
933 2976 1108 3023 Horat.
1131 2973 1219 3023 od.
1241 2976 1281 3033 1,
1308 2981 1394 3029 14.
1559 2982 1605 3031 4.
1644 2972 1724 3021 Sic
1760 2971 1983 3021 Lambini.
2017 2972 2328 3021 Graev.01im
2356 2974 2515 3024 dimo·

369 3055 467 3103 sat.
494 3056 550 3113 1,
576 3056 626 3105 8.
659 3056 880 3105 Pers.'V1
900 3089 917 3115 ,
955 3070 1042 3117 ²9·

447 3148 470 3180 ι
485 3148 506 3180 1
519 3169 534 3182 .
578 3138 676 3183 Per
710 3134 985 3183 trienninm.
1031 3136 1224 3183 Annua
1258 3144 1396 3184 erant

373 3216 612 3277 pretoria
650 3216 944 3281 provincia,
985 3214 1072 3263 aed
1106 3232 1258 3279 quum
1287 3232 1396 3265 anc-

373 3308 538 3342 ceaaor
576 3304 938 3361 exspectaretur
980 3294 1153 3342 Arrius
1169 3328 1184 3351 ,
1227 3310 1398 3359 proro-

373 3384 537 3435 gatum
555 3376 700 3424 'Verri
721 3376 880 3424 fuerat
895 3373 1169 3438 imperium.
1188 3372 1314 3422 Vide
1335 3373 1398 3422 ad

373 3453 556 3502 calcem
572 3454 719 3517 hujus
741 3465 865 3504 orat.
889 3452 951 3502 de
972 3453 1258 3519 provinciis.

451 3548 533 3581 ια.
553 3535 767 3599 Rogare.
786 3536 876 3583 Est
897 3530 1076 3581 blande
1111 3531 1398 3596 petentium.

375 3612 534 3659 Orare
551 3624 626 3661 est
645 3612 939 3677 supplicum.

445 3692 516 3739 11.
545 3706 589 3739 1.
610 3692 712 3740 Alii
731 3706 790 3740 ex
811 3692 937 3740 MSS
963 3689 1166 3741 adduci.
1185 3690 1312 3739 J.V.
1341 3692 1396 3739 L.

447 3786 496 3819 a.
519 3772 715 3823 Mavult
730 3772 933 3821 Hotom.
952 3770 1120 3821 hmb.
1139 3772 1329 3819 Manut-
1350 3778 1400 3817 et

375 3848 597 3913 Deajard.
634 3862 1014 3916 exspectassent.
1057 3850 1240 3901 Contra
1285 3860 1401 3898 aunt

371 3944 544 3981 omne·
565 3930 694 3981 MSS
722 3942 771 3981 et
795 3930 914 3981 edd.
933 3940 1138 3979 veteres.

451 4010 498 4059 ³.
539 4012 790 4061 Actor-em.
829 4014 894 4061 H.
923 4008 962 4059 l.
1001 4008 1090 4073 qui
1123 4009 1176 4057 in
1207 4008 1398 4070 jndicio

373 4106 542 4138 canna
583 4090 702 4156 agit.
737 4088 1017 4141 Pae-sertim
1046 4100 1275 4154 qua-scor.
1301 4090 1397 4137 Cu-

1485 3070 1598 3101 UOH-

1558 3135 1605 3183 5.
1638 3136 1753 3183 Nost
1790 3144 2003 3183 nossent.
2048 3133 2242 3183 Acci-be
2270 3136 2325 3184 in
2360 3138 2513 3187 (3εοὶ-

1487 3216 1637 3274 lium,
1663 3232 1811 3281 quem
1847 3214 1902 3263 h.
1942 3213 1981 3263 1.
2009 3215 2151 3279 quasi
2194 3214 2329 3267 alind
2364 3232 2512 3283 agens

1487 3296 1793 3344 acerbissime
1816 3296 2006 3360 pungit.

1558 3378 1608 3424 6.
1631 3376 1824 3443 Officio.
1844 3374 1997 3437 Quod
2026 3390 2196 3423 eorum
2224 3375 2511 3439 petitionem

1486 3470 1591 3503 nou
1617 3456 1819 3505 debeam
1838 3457 2117 3519 aspernari,
2139 3441 2349 3519 quoi-iim
2384 3472 2515 3519 qua!-

1486 3547 1591 3585 ator
1633 3535 1731 3592 fui3
1778 3534 1909 3599 fide,
1954 3534 2134 3597 quibus
2178 3532 2416 3582 decedens
2452 3536 2515 3585 de

1484 3616 1741 3681 provincia
1766 3613 1999 3677 promia&
2023 3611 2371 3669 misericordia,
2396 3632 2518 3679 quo.

1485 3711 1597 3743 rum
1631 3710 1709 3742 me
1745 3703 1937 3755 tempus
1972 3702 2023 3739 et
2060 3690 2306 3739 calamitas
2342 3692 2517 3745 debeat

1488 3788 1817 3823 commovere.

1565 3862 1617 3907 7.
1646 3846 1759 3893 Non
1789 3858 1853 3889 ex
1882 3856 2005 3889 meo.
2040 3839 2156 3890 Non
2175 3851 2232 3889 ut
2256 3858 2367 3891 meo
2396 3854 2516 3893 tem..

1487 3926 1600 3993 pori
1624 3926 1854 3973 servirem
1868 3955 1884 3980 ‚
1912 3920 1997 3969 sed
2015 3922 2135 3969 meis
2154 3921 2321 3970 amicis
2339 3922 2517 3971 subve-

1485 4008 1669 4056 nirem:
1692 4020 1799 4053 non
1818 4012 1875 4049 ut
1900 4017 2028 4051 meaa
2047 4001 2247 4063 injurias
2266 4019 2515 4068 peneque-

1487 4104 1581 4147 rer,
1609 4098 1663 4135 ut
1690 4082 1915 4135 Coecilius
1936 4082 2159 4147 persequi
2180 4082 2285 4131 vult
2304 4098 2427 4131 suas.
