<?xml version="1.0" encoding="UTF-8"?>
<!DOCTYPE html PUBLIC "-//W3C//DTD XHTML 1.0 Transitional//EN"
    "http://www.w3.org/TR/xhtml1/DTD/xhtml1-transitional.dtd">
<html xmlns="http://www.w3.org/1999/xhtml" xml:lang="en" lang="en">
 <head>
  <title>
</title>
<meta http-equiv="Content-Type" content="text/html;charset=utf-8" />
  <meta name='ocr-system' content='tesseract 3.04.00' />
  <meta name='ocr-capabilities' content='ocr_page ocr_carea ocr_par ocr_line ocrx_word'/>
</head>
<body>
  <div class='ocr_page' id='page_1' title='image "./mtciceronisquae03lemagoog_0211.png"; bbox 0 0 2984 4684; ppageno 0'>
   <div class='ocr_carea' id='block_1_1' title="bbox 378 394 1959 614">
    <p class='ocr_par' dir='ltr' id='par_1_1' title="bbox 378 394 1959 614">
     <span class='ocr_line' id='line_1_1' title="bbox 722 394 1959 483; baseline 0.001 -20"><span class='ocrx_word' id='word_1_1' title='bbox 722 394 1116 465; x_wconf 75' lang='lat' dir='ltr'>ORATIO</span> <span class='ocrx_word' id='word_1_2' title='bbox 1164 394 1367 465; x_wconf 87' lang='lat' dir='ltr'><strong>PRO</strong></span> <span class='ocrx_word' id='word_1_3' title='bbox 1412 395 1504 483; x_wconf 92' lang='lat' dir='ltr'><strong>Q.</strong></span> <span class='ocrx_word' id='word_1_4' title='bbox 1552 394 1959 465; x_wconf 86' lang='lat' dir='ltr'><strong>ROSCIO.</strong></span> 
     </span>
     <span class='ocr_line' id='line_1_2' title="bbox 378 512 1706 614; baseline -0.001 -28"><span class='ocrx_word' id='word_1_5' title='bbox 378 519 534 587; x_wconf 84' lang='lat' dir='ltr'><strong>Jam</strong></span> <span class='ocrx_word' id='word_1_6' title='bbox 591 515 932 614; x_wconf 84' lang='lat' dir='ltr'><strong>intelligis</strong></span> <span class='ocrx_word' id='word_1_7' title='bbox 953 572 974 607; x_wconf 91' lang='lat'>,</span> <span class='ocrx_word' id='word_1_8' title='bbox 1025 517 1104 588; x_wconf 90' lang='lat' dir='ltr'><strong>C.</strong></span> <span class='ocrx_word' id='word_1_9' title='bbox 1150 516 1348 605; x_wconf 82' lang='lat' dir='ltr'><strong>Piso,</strong></span> <span class='ocrx_word' id='word_1_10' title='bbox 1389 512 1529 585; x_wconf 81' lang='lat' dir='ltr'><strong>sihi</strong></span> <span class='ocrx_word' id='word_1_11' title='bbox 1570 512 1706 585; x_wconf 82' lang='lat' dir='ltr'><strong>soli</strong></span> 
     </span>
    </p>
   </div>
   <div class='ocr_carea' id='block_1_2' title="bbox 1730 420 2417 605">
    <p class='ocr_par' dir='ltr' id='par_1_2' title="bbox 1730 420 2417 605">
     <span class='ocr_line' id='line_1_3' title="bbox 2272 420 2399 467; baseline 0 0"><span class='ocrx_word' id='word_1_12' title='bbox 2272 420 2301 467; x_wconf 84' lang='lat'>1</span> <span class='ocrx_word' id='word_1_13' title='bbox 2372 420 2399 467; x_wconf 84' lang='grc' dir='ltr'><strong><em>ι</em></strong></span> 
     </span>
     <span class='ocr_line' id='line_1_4' title="bbox 1730 420 2417 605; baseline 0.007 -21"><span class='ocrx_word' id='word_1_14' title='bbox 1730 510 1765 559; x_wconf 81' lang='lat'>⁶</span> <span class='ocrx_word' id='word_1_15' title='bbox 1786 568 1807 603; x_wconf 92' lang='lat'>,</span> <span class='ocrx_word' id='word_1_16' title='bbox 1850 516 2175 605; x_wconf 71' lang='lat' dir='ltr'><strong>societati</strong></span> <span class='ocrx_word' id='word_1_17' title='bbox 2230 420 2417 589; x_wconf 77' lang='lat' dir='ltr'><strong>uil71il</strong></span> 
     </span>
    </p>
   </div>
   <div class='ocr_carea' id='block_1_3' title="bbox 285 624 2429 1938">
    <p class='ocr_par' dir='ltr' id='par_1_3' title="bbox 285 624 2429 1938">
     <span class='ocr_line' id='line_1_5' title="bbox 288 624 2419 725; baseline 0 -28"><span class='ocrx_word' id='word_1_18' title='bbox 288 628 628 698; x_wconf 84' lang='lat' dir='ltr'><strong>Roscium</strong></span> <span class='ocrx_word' id='word_1_19' title='bbox 659 627 944 724; x_wconf 83' lang='lat' dir='ltr'><strong>petisse.</strong></span> <span class='ocrx_word' id='word_1_20' title='bbox 973 630 1132 697; x_wconf 83' lang='lat' dir='ltr'><strong>Hoc</strong></span> <span class='ocrx_word' id='word_1_21' title='bbox 1156 650 1387 723; x_wconf 90' lang='lat' dir='ltr'><strong>quum</strong></span> <span class='ocrx_word' id='word_1_22' title='bbox 1417 624 1637 695; x_wconf 82' lang='lat' dir='ltr'><strong>sentit</strong></span> <span class='ocrx_word' id='word_1_23' title='bbox 1668 625 1994 695; x_wconf 84' lang='lat' dir='ltr'><strong>Saturius</strong></span> <span class='ocrx_word' id='word_1_24' title='bbox 2022 648 2172 697; x_wconf 81' lang='lat' dir='ltr'><strong>esse</strong></span> <span class='ocrx_word' id='word_1_25' title='bbox 2204 649 2419 725; x_wconf 85' lang='lat' dir='ltr'><strong>aper-</strong></span> 
     </span>
     <span class='ocr_line' id='line_1_6' title="bbox 287 736 2421 835; baseline 0.001 -28"><span class='ocrx_word' id='word_1_26' title='bbox 287 750 444 809; x_wconf 88' lang='lat' dir='ltr'><strong>tum</strong></span> <span class='ocrx_word' id='word_1_27' title='bbox 465 791 486 826; x_wconf 92' lang='lat'>,</span> <span class='ocrx_word' id='word_1_28' title='bbox 509 738 844 809; x_wconf 81' lang='lat' dir='ltr'><strong>resistere</strong></span> <span class='ocrx_word' id='word_1_29' title='bbox 875 750 950 809; x_wconf 87' lang='lat' dir='ltr'><strong>et</strong></span> <span class='ocrx_word' id='word_1_30' title='bbox 981 759 1388 835; x_wconf 86' lang='lat' dir='ltr'><strong>repugnare</strong></span> <span class='ocrx_word' id='word_1_31' title='bbox 1415 748 1671 806; x_wconf 88' lang='lat' dir='ltr'><strong>contra</strong></span> <span class='ocrx_word' id='word_1_32' title='bbox 1700 736 2077 805; x_wconf 69' lang='lat' dir='ltr'><strong>veritatem</strong></span> <span class='ocrx_word' id='word_1_33' title='bbox 2100 760 2257 807; x_wconf 88' lang='lat' dir='ltr'><strong>non</strong></span> <span class='ocrx_word' id='word_1_34' title='bbox 2291 761 2421 809; x_wconf 84' lang='lat' dir='ltr'><strong>au-</strong></span> 
     </span>
     <span class='ocr_line' id='line_1_7' title="bbox 288 834 2421 945; baseline 0.001 -28"><span class='ocrx_word' id='word_1_35' title='bbox 288 846 446 935; x_wconf 88' lang='lat' dir='ltr'><strong>det;</strong></span> <span class='ocrx_word' id='word_1_36' title='bbox 497 844 692 917; x_wconf 85' lang='lat' dir='ltr'><strong>aliud</strong></span> <span class='ocrx_word' id='word_1_37' title='bbox 743 844 1010 917; x_wconf 87' lang='lat' dir='ltr'><strong>fraudis</strong></span> <span class='ocrx_word' id='word_1_38' title='bbox 1057 834 1132 919; x_wconf 83' lang='lat' dir='ltr'><strong>et</strong></span> <span class='ocrx_word' id='word_1_39' title='bbox 1173 845 1598 917; x_wconf 85' lang='lat' dir='ltr'><strong>insidiarum</strong></span> <span class='ocrx_word' id='word_1_40' title='bbox 1648 844 1727 915; x_wconf 89' lang='lat' dir='ltr'><strong>iu</strong></span> <span class='ocrx_word' id='word_1_41' title='bbox 1774 842 2073 916; x_wconf 79' lang='lat' dir='ltr'><strong>eodem⁷</strong></span> <span class='ocrx_word' id='word_1_42' title='bbox 2118 848 2421 945; x_wconf 78' lang='lat' dir='ltr'><strong>vestigio</strong></span> 
     </span>
     <span class='ocr_line' id='line_1_8' title="bbox 289 954 2423 1055; baseline 0.001 -28"><span class='ocrx_word' id='word_1_43' title='bbox 289 956 796 1029; x_wconf 80' lang='lat' dir='ltr'><strong>diverticulum</strong></span> <span class='ocrx_word' id='word_1_44' title='bbox 842 956 1152 1055; x_wconf 81' lang='lat' dir='ltr'><strong>reperit..</strong></span> <span class='ocrx_word' id='word_1_45' title='bbox 1202 956 1470 1027; x_wconf 81' lang='lat' dir='ltr'><strong>Petisse</strong></span> <span class='ocrx_word' id='word_1_46' title='bbox 1491 1006 1513 1041; x_wconf 88' lang='lat'>‚</span> <span class='ocrx_word' id='word_1_47' title='bbox 1568 954 1812 1052; x_wconf 86' lang='lat' dir='ltr'><strong>inquit</strong></span> <span class='ocrx_word' id='word_1_48' title='bbox 1833 1008 1854 1043; x_wconf 92' lang='lat'>,</span> <span class='ocrx_word' id='word_1_49' title='bbox 1898 977 2103 1025; x_wconf 82' lang='lat' dir='ltr'><strong>suam</strong></span> <span class='ocrx_word' id='word_1_50' title='bbox 2144 970 2423 1054; x_wconf 81' lang='lat' dir='ltr'><strong>partem</strong></span> 
     </span>
     <span class='ocr_line' id='line_1_9' title="bbox 286 1058 2429 1164; baseline 0.002 -27"><span class='ocrx_word' id='word_1_51' title='bbox 286 1068 628 1139; x_wconf 77' lang='lat' dir='ltr'><strong>Roscium</strong></span> <span class='ocrx_word' id='word_1_52' title='bbox 663 1090 706 1138; x_wconf 82' lang='lat' dir='ltr'>a</span> <span class='ocrx_word' id='word_1_53' title='bbox 729 1066 969 1137; x_wconf 84' lang='lat' dir='ltr'><strong>Flavio</strong></span> <span class='ocrx_word' id='word_1_54' title='bbox 1003 1064 1395 1155; x_wconf 82' lang='lat' dir='ltr'><strong>confiteor3</strong></span> <span class='ocrx_word' id='word_1_55' title='bbox 1423 1058 1781 1137; x_wconf 80' lang='lat' dir='ltr'><strong>vacuam⁸</strong></span> <span class='ocrx_word' id='word_1_56' title='bbox 1818 1078 1892 1137; x_wconf 87' lang='lat' dir='ltr'><strong>et</strong></span> <span class='ocrx_word' id='word_1_57' title='bbox 1928 1068 2281 1164; x_wconf 85' lang='lat' dir='ltr'><strong>integram</strong></span> <span class='ocrx_word' id='word_1_58' title='bbox 2314 1093 2429 1141; x_wconf 87' lang='lat' dir='ltr'><strong>re·</strong></span> 
     </span>
     <span class='ocr_line' id='line_1_10' title="bbox 285 1173 2419 1275; baseline 0.002 -28"><span class='ocrx_word' id='word_1_59' title='bbox 285 1175 586 1275; x_wconf 83' lang='lat' dir='ltr'><strong>liquisse</strong></span> <span class='ocrx_word' id='word_1_60' title='bbox 629 1177 884 1248; x_wconf 84' lang='lat' dir='ltr'><strong>Fannii</strong></span> <span class='ocrx_word' id='word_1_61' title='bbox 933 1174 1310 1249; x_wconf 83' lang='lat' dir='ltr'><strong>concedo:</strong></span> <span class='ocrx_word' id='word_1_62' title='bbox 1366 1173 1490 1247; x_wconf 89' lang='lat' dir='ltr'><strong>sed</strong></span> <span class='ocrx_word' id='word_1_63' title='bbox 1512 1230 1533 1261; x_wconf 89' lang='lat'>‚</span> <span class='ocrx_word' id='word_1_64' title='bbox 1578 1174 1782 1273; x_wconf 91' lang='lat' dir='ltr'><strong>quod</strong></span> <span class='ocrx_word' id='word_1_65' title='bbox 1828 1174 1969 1248; x_wconf 84' lang='lat' dir='ltr'><strong>sibi</strong></span> <span class='ocrx_word' id='word_1_66' title='bbox 2010 1180 2247 1274; x_wconf 86' lang='lat' dir='ltr'><strong>exegit</strong></span> <span class='ocrx_word' id='word_1_67' title='bbox 2264 1232 2287 1267; x_wconf 90' lang='lat'>,</span> <span class='ocrx_word' id='word_1_68' title='bbox 2338 1179 2419 1251; x_wconf 91' lang='lat' dir='ltr'><strong>id</strong></span> 
     </span>
     <span class='ocr_line' id='line_1_11' title="bbox 287 1282 2421 1379; baseline 0.001 -22"><span class='ocrx_word' id='word_1_69' title='bbox 287 1308 676 1357; x_wconf 87' lang='lat' dir='ltr'><strong>commune</strong></span> <span class='ocrx_word' id='word_1_70' title='bbox 715 1286 1116 1359; x_wconf 77' lang='lat' dir='ltr'><strong>societatis⁹</strong></span> <span class='ocrx_word' id='word_1_71' title='bbox 1145 1282 1418 1358; x_wconf 76' lang='lat' dir='ltr'><strong>factum</strong></span> <span class='ocrx_word' id='word_1_72' title='bbox 1441 1309 1599 1357; x_wconf 86' lang='lat' dir='ltr'><strong>esse</strong></span> <span class='ocrx_word' id='word_1_73' title='bbox 1628 1284 2015 1358; x_wconf 88' lang='lat' dir='ltr'><strong>contendo.</strong></span> <span class='ocrx_word' id='word_1_74' title='bbox 2039 1290 2209 1379; x_wconf 88' lang='lat' dir='ltr'><strong>Quo</strong></span> <span class='ocrx_word' id='word_1_75' title='bbox 2236 1288 2421 1361; x_wconf 85' lang='lat' dir='ltr'><strong>nihil</strong></span> 
     </span>
     <span class='ocr_line' id='line_1_12' title="bbox 285 1392 2420 1495; baseline 0 -26"><span class='ocrx_word' id='word_1_76' title='bbox 285 1392 766 1494; x_wconf 68' lang='lat' dir='ltr'><strong>captiosiusw,</strong></span> <span class='ocrx_word' id='word_1_77' title='bbox 787 1420 1030 1495; x_wconf 88' lang='lat' dir='ltr'><strong>neque</strong></span> <span class='ocrx_word' id='word_1_78' title='bbox 1053 1395 1422 1494; x_wconf 84' lang='lat' dir='ltr'><strong>indignius</strong></span> <span class='ocrx_word' id='word_1_79' title='bbox 1447 1406 1695 1493; x_wconf 85' lang='lat' dir='ltr'><strong>potest</strong></span> <span class='ocrx_word' id='word_1_80' title='bbox 1718 1394 1883 1467; x_wconf 88' lang='lat' dir='ltr'><strong>dici.</strong></span> <span class='ocrx_word' id='word_1_81' title='bbox 1907 1396 2175 1485; x_wconf 79' lang='lat' dir='ltr'><strong>Quaero</strong></span> <span class='ocrx_word' id='word_1_82' title='bbox 2201 1400 2420 1485; x_wconf 84' lang='lat' dir='ltr'><strong>enim,</strong></span> 
     </span>
     <span class='ocr_line' id='line_1_13' title="bbox 285 1506 2425 1605; baseline 0.002 -28"><span class='ocrx_word' id='word_1_83' title='bbox 285 1506 702 1605; x_wconf 82' lang='lat' dir='ltr'><strong>potueritne</strong></span> <span class='ocrx_word' id='word_1_84' title='bbox 731 1510 1031 1579; x_wconf 88' lang='lat' dir='ltr'><strong>Roscius</strong></span> <span class='ocrx_word' id='word_1_85' title='bbox 1061 1532 1152 1579; x_wconf 85' lang='lat' dir='ltr'><strong>ex</strong></span> <span class='ocrx_word' id='word_1_86' title='bbox 1189 1510 1526 1578; x_wconf 85' lang='lat' dir='ltr'><strong>societate</strong></span> <span class='ocrx_word' id='word_1_87' title='bbox 1576 1530 1781 1577; x_wconf 87' lang='lat' dir='ltr'><strong>suam</strong></span> <span class='ocrx_word' id='word_1_88' title='bbox 1816 1520 2101 1604; x_wconf 89' lang='lat' dir='ltr'><strong>partem</strong></span> <span class='ocrx_word' id='word_1_89' title='bbox 2138 1522 2388 1605; x_wconf 88' lang='lat' dir='ltr'><strong>petere</strong></span> <span class='ocrx_word' id='word_1_90' title='bbox 2404 1564 2425 1598; x_wconf 95' lang='lat'>,</span> 
     </span>
     <span class='ocr_line' id='line_1_14' title="bbox 287 1614 2425 1716; baseline 0.002 -29"><span class='ocrx_word' id='word_1_91' title='bbox 287 1617 568 1689; x_wconf 81' lang='lat' dir='ltr'><strong>necue?</strong></span> <span class='ocrx_word' id='word_1_92' title='bbox 593 1618 666 1689; x_wconf 91' lang='lat' dir='ltr'><strong>Si</strong></span> <span class='ocrx_word' id='word_1_93' title='bbox 695 1642 848 1689; x_wconf 89' lang='lat' dir='ltr'><strong>uon</strong></span> <span class='ocrx_word' id='word_1_94' title='bbox 877 1622 1121 1716; x_wconf 85' lang='lat' dir='ltr'><strong>potuit</strong></span> <span class='ocrx_word' id='word_1_95' title='bbox 1143 1671 1164 1707; x_wconf 95' lang='lat'>,</span> <span class='ocrx_word' id='word_1_96' title='bbox 1191 1614 1811 1715; x_wconf 83' lang='lat' dir='ltr'><strong>quemadmodum</strong></span> <span class='ocrx_word' id='word_1_97' title='bbox 1844 1614 2179 1687; x_wconf 79' lang='lat' dir='ltr'><strong>abstulit?</strong></span> <span class='ocrx_word' id='word_1_98' title='bbox 2202 1619 2263 1688; x_wconf 85' lang='lat' dir='ltr'><strong>si</strong></span> <span class='ocrx_word' id='word_1_99' title='bbox 2293 1642 2425 1716; x_wconf 87' lang='lat' dir='ltr'><strong>po·</strong></span> 
     </span>
     <span class='ocr_line' id='line_1_15' title="bbox 288 1726 2425 1826; baseline 0.001 -28"><span class='ocrx_word' id='word_1_100' title='bbox 288 1728 463 1817; x_wconf 88' lang='lat' dir='ltr'><strong>tuit,</strong></span> <span class='ocrx_word' id='word_1_101' title='bbox 497 1727 1116 1825; x_wconf 82' lang='lat' dir='ltr'><strong>quemadmodum</strong></span> <span class='ocrx_word' id='word_1_102' title='bbox 1152 1752 1304 1800; x_wconf 88' lang='lat' dir='ltr'><strong>nou</strong></span> <span class='ocrx_word' id='word_1_103' title='bbox 1344 1726 1483 1799; x_wconf 84' lang='lat' dir='ltr'><strong>sihi</strong></span> <span class='ocrx_word' id='word_1_104' title='bbox 1522 1726 1798 1825; x_wconf 83' lang='lat' dir='ltr'><strong>exegit?</strong></span> <span class='ocrx_word' id='word_1_105' title='bbox 1836 1730 2019 1799; x_wconf 85' lang='lat' dir='ltr'><strong>Nam</strong></span> <span class='ocrx_word' id='word_1_106' title='bbox 2059 1728 2261 1826; x_wconf 91' lang='lat' dir='ltr'><strong>quod</strong></span> <span class='ocrx_word' id='word_1_107' title='bbox 2288 1728 2425 1801; x_wconf 81' lang='lat' dir='ltr'><strong>sibi</strong></span> 
     </span>
     <span class='ocr_line' id='line_1_16' title="bbox 287 1837 2423 1938; baseline 0.003 -31"><span class='ocrx_word' id='word_1_108' title='bbox 287 1837 586 1934; x_wconf 88' lang='lat' dir='ltr'><strong>petitur,</strong></span> <span class='ocrx_word' id='word_1_109' title='bbox 610 1851 806 1910; x_wconf 88' lang='lat' dir='ltr'><strong>certe</strong></span> <span class='ocrx_word' id='word_1_110' title='bbox 841 1838 1050 1911; x_wconf 82' lang='lat' dir='ltr'><strong>alteri</strong></span> <span class='ocrx_word' id='word_1_111' title='bbox 1079 1862 1231 1909; x_wconf 89' lang='lat' dir='ltr'><strong>nou</strong></span> <span class='ocrx_word' id='word_1_112' title='bbox 1258 1838 1591 1935; x_wconf 81' lang='lat' dir='ltr'><strong>exigitur.</strong></span> <span class='ocrx_word' id='word_1_113' title='bbox 1626 1840 1738 1909; x_wconf 82' lang='lat' dir='ltr'><strong>An</strong></span> <span class='ocrx_word' id='word_1_114' title='bbox 1774 1838 1875 1909; x_wconf 83' lang='lat' dir='ltr'><strong>ita</strong></span> <span class='ocrx_word' id='word_1_115' title='bbox 1900 1850 2006 1909; x_wconf 82' lang='lat' dir='ltr'><strong>est</strong></span> <span class='ocrx_word' id='word_1_116' title='bbox 2020 1837 2061 1907; x_wconf 77' lang='grc' dir='ltr'><strong>ἱ).</strong></span> <span class='ocrx_word' id='word_1_117' title='bbox 2088 1841 2187 1927; x_wconf 89' lang='lat' dir='ltr'><strong>si,</strong></span> <span class='ocrx_word' id='word_1_118' title='bbox 2219 1839 2423 1938; x_wconf 90' lang='lat' dir='ltr'><strong>quod</strong></span> 
     </span>
    </p>
   </div>
   <div class='ocr_carea' id='block_1_4' title="bbox 285 2052 1310 2277">
    <p class='ocr_par' dir='ltr' id='par_1_4' title="bbox 285 2052 1310 2277">
     <span class='ocr_line' id='line_1_17' title="bbox 351 2052 1307 2121; baseline 0.003 -18"><span class='ocrx_word' id='word_1_119' title='bbox 351 2052 408 2103; x_wconf 69' lang='grc'><strong>6.</strong></span> <span class='ocrx_word' id='word_1_120' title='bbox 432 2053 539 2103; x_wconf 75' lang='lat' dir='ltr'><strong>Sibi</strong></span> <span class='ocrx_word' id='word_1_121' title='bbox 561 2054 670 2105; x_wconf 75' lang='lat' dir='ltr'><strong>soli.</strong></span> <span class='ocrx_word' id='word_1_122' title='bbox 696 2056 948 2121; x_wconf 70' lang='lat' dir='ltr'><strong>Siquidem</strong></span> <span class='ocrx_word' id='word_1_123' title='bbox 975 2057 1188 2107; x_wconf 79' lang='lat' dir='ltr'><strong>Fauuius</strong></span> <span class='ocrx_word' id='word_1_124' title='bbox 1215 2058 1307 2107; x_wconf 80' lang='lat' dir='ltr'><strong>Pa·-</strong></span> 
     </span>
     <span class='ocr_line' id='line_1_18' title="bbox 285 2132 1310 2203; baseline 0.005 -23"><span class='ocrx_word' id='word_1_125' title='bbox 285 2132 432 2197; x_wconf 73' lang='lat' dir='ltr'><strong>nurgi</strong></span> <span class='ocrx_word' id='word_1_126' title='bbox 469 2135 670 2182; x_wconf 79' lang='lat' dir='ltr'><strong>nomine</strong></span> <span class='ocrx_word' id='word_1_127' title='bbox 702 2150 731 2182; x_wconf 90' lang='lat' dir='ltr'><strong>a</strong></span> <span class='ocrx_word' id='word_1_128' title='bbox 763 2134 932 2184; x_wconf 80' lang='lat' dir='ltr'><strong>Flavio</strong></span> <span class='ocrx_word' id='word_1_129' title='bbox 966 2137 1141 2203; x_wconf 74' lang='lat' dir='ltr'><strong>etipse</strong></span> <span class='ocrx_word' id='word_1_130' title='bbox 1164 2152 1310 2201; x_wconf 78' lang='lat' dir='ltr'><strong>peen-</strong></span> 
     </span>
     <span class='ocr_line' id='line_1_19' title="bbox 285 2208 657 2277; baseline 0.008 -18"><span class='ocrx_word' id='word_1_131' title='bbox 285 2208 418 2260; x_wconf 79' lang='lat' dir='ltr'><strong>uim</strong></span> <span class='ocrx_word' id='word_1_132' title='bbox 447 2213 657 2277; x_wconf 80' lang='lat' dir='ltr'><strong>aecepit.</strong></span> 
     </span>
    </p>
   </div>
   <div class='ocr_carea' id='block_1_5' title="bbox 351 2291 1326 2359">
    <p class='ocr_par' dir='ltr' id='par_1_5' title="bbox 351 2291 1326 2359">
     <span class='ocr_line' id='line_1_20' title="bbox 351 2291 1326 2359; baseline 0.009 -21"><span class='ocrx_word' id='word_1_133' title='bbox 351 2300 407 2353; x_wconf 74' lang='lat'><strong>7.</strong></span> <span class='ocrx_word' id='word_1_134' title='bbox 433 2293 496 2339; x_wconf 76' lang='lat' dir='ltr'><strong>1ae</strong></span> <span class='ocrx_word' id='word_1_135' title='bbox 520 2291 690 2341; x_wconf 71' lang='lat' dir='ltr'><strong>eodan</strong></span> <span class='ocrx_word' id='word_1_136' title='bbox 715 2291 939 2359; x_wconf 68' lang='lat' dir='ltr'><strong>vestigio.</strong></span> <span class='ocrx_word' id='word_1_137' title='bbox 958 2292 1096 2343; x_wconf 76' lang='lat' dir='ltr'><strong>Nihil</strong></span> <span class='ocrx_word' id='word_1_138' title='bbox 1117 2304 1326 2347; x_wconf 80' lang='lat' dir='ltr'><strong>mutato.</strong></span> 
     </span>
    </p>
   </div>
   <div class='ocr_carea' id='block_1_6' title="bbox 279 2367 1314 4097">
    <p class='ocr_par' dir='ltr' id='par_1_6' title="bbox 282 2367 1307 2591">
     <span class='ocr_line' id='line_1_21' title="bbox 283 2367 1305 2433; baseline 0.006 -15"><span class='ocrx_word' id='word_1_139' title='bbox 283 2367 395 2419; x_wconf 87' lang='lat' dir='ltr'><strong>loeo</strong></span> <span class='ocrx_word' id='word_1_140' title='bbox 413 2402 431 2429; x_wconf 84' lang='lat'>‚</span> <span class='ocrx_word' id='word_1_141' title='bbox 453 2369 542 2419; x_wconf 81' lang='lat' dir='ltr'><strong>ubi</strong></span> <span class='ocrx_word' id='word_1_142' title='bbox 561 2371 868 2431; x_wconf 68' lang='lat' dir='ltr'><strong>constiterat,</strong></span> <span class='ocrx_word' id='word_1_143' title='bbox 885 2372 1072 2422; x_wconf 79' lang='lat' dir='ltr'><strong>ibidem</strong></span> <span class='ocrx_word' id='word_1_144' title='bbox 1085 2408 1101 2433; x_wconf 87' lang='lat'>,</span> <span class='ocrx_word' id='word_1_145' title='bbox 1121 2373 1305 2424; x_wconf 84' lang='lat' dir='ltr'><strong>statim.</strong></span> 
     </span>
     <span class='ocr_line' id='line_1_22' title="bbox 284 2448 1307 2519; baseline 0.007 -22"><span class='ocrx_word' id='word_1_146' title='bbox 284 2448 361 2497; x_wconf 68' lang='lat' dir='ltr'><strong>ste</strong></span> <span class='ocrx_word' id='word_1_147' title='bbox 382 2450 516 2500; x_wconf 67' lang='lat' dir='ltr'><strong>Ceo.</strong></span> <span class='ocrx_word' id='word_1_148' title='bbox 543 2450 662 2499; x_wconf 83' lang='lat' dir='ltr'><strong>Bell.</strong></span> <span class='ocrx_word' id='word_1_149' title='bbox 678 2453 774 2502; x_wconf 75' lang='lat' dir='ltr'><strong>civ.</strong></span> <span class='ocrx_word' id='word_1_150' title='bbox 789 2452 840 2501; x_wconf 91' lang='lat'><strong>11</strong></span> <span class='ocrx_word' id='word_1_151' title='bbox 860 2467 875 2503; x_wconf 73' lang='grc' dir='ltr'><strong><em>ε</em></strong></span> <span class='ocrx_word' id='word_1_152' title='bbox 910 2474 936 2495; x_wconf 73' lang='grc' dir='ltr'>α</span> <span class='ocrx_word' id='word_1_153' title='bbox 951 2454 1158 2519; x_wconf 70' lang='lat' dir='ltr'><strong>vestigio</strong></span> <span class='ocrx_word' id='word_1_154' title='bbox 1183 2464 1307 2503; x_wconf 84' lang='lat' dir='ltr'><strong>tem·</strong></span> 
     </span>
     <span class='ocr_line' id='line_1_23' title="bbox 282 2528 785 2591; baseline 0.002 -14"><span class='ocrx_word' id='word_1_155' title='bbox 282 2528 422 2591; x_wconf 73' lang='lat' dir='ltr'><strong>poris</strong></span> <span class='ocrx_word' id='word_1_156' title='bbox 449 2528 508 2577; x_wconf 79' lang='lat' dir='ltr'><strong>id</strong></span> <span class='ocrx_word' id='word_1_157' title='bbox 535 2528 719 2579; x_wconf 75' lang='lat' dir='ltr'><strong>saetum</strong></span> <span class='ocrx_word' id='word_1_158' title='bbox 739 2550 785 2578; x_wconf 74' lang='grc' dir='ltr'><strong>ι.</strong></span> 
     </span>
    </p>

    <p class='ocr_par' dir='ltr' id='par_1_7' title="bbox 283 2608 1309 2911">
     <span class='ocr_line' id='line_1_24' title="bbox 353 2608 1308 2678; baseline 0.007 -23"><span class='ocrx_word' id='word_1_159' title='bbox 353 2608 404 2657; x_wconf 78' lang='lat'><strong>8.</strong></span> <span class='ocrx_word' id='word_1_160' title='bbox 431 2610 677 2659; x_wconf 69' lang='lat' dir='ltr'><strong>Vacuus-⁸.</strong></span> <span class='ocrx_word' id='word_1_161' title='bbox 700 2609 922 2659; x_wconf 78' lang='lat' dir='ltr'><strong>Liberam</strong></span> <span class='ocrx_word' id='word_1_162' title='bbox 937 2644 954 2671; x_wconf 89' lang='lat'><em>,</em></span> <span class='ocrx_word' id='word_1_163' title='bbox 988 2626 1082 2660; x_wconf 85' lang='lat' dir='ltr'><strong>uee</strong></span> <span class='ocrx_word' id='word_1_164' title='bbox 1101 2626 1308 2678; x_wconf 71' lang='lat' dir='ltr'><strong>oocupa-</strong></span> 
     </span>
     <span class='ocr_line' id='line_1_25' title="bbox 283 2688 1309 2755; baseline 0.002 -20"><span class='ocrx_word' id='word_1_165' title='bbox 283 2688 640 2737; x_wconf 64' lang='lat' dir='ltr'><strong>mvsa-mm</strong></span> <span class='ocrx_word' id='word_1_166' title='bbox 661 2689 792 2737; x_wconf 88' lang='lat' dir='ltr'><strong>euim</strong></span> <span class='ocrx_word' id='word_1_167' title='bbox 818 2690 996 2755; x_wconf 67' lang='lat' dir='ltr'><strong>sapius</strong></span> <span class='ocrx_word' id='word_1_168' title='bbox 1020 2700 1095 2739; x_wconf 83' lang='lat' dir='ltr'><strong>est</strong></span> <span class='ocrx_word' id='word_1_169' title='bbox 1117 2690 1255 2755; x_wconf 80' lang='lat' dir='ltr'><strong>quod</strong></span> <span class='ocrx_word' id='word_1_170' title='bbox 1278 2706 1309 2737; x_wconf 88' lang='lat' dir='ltr'><strong>a</strong></span> 
     </span>
     <span class='ocr_line' id='line_1_26' title="bbox 283 2766 1309 2834; baseline 0.006 -20"><span class='ocrx_word' id='word_1_171' title='bbox 283 2767 480 2815; x_wconf 81' lang='lat' dir='ltr'><strong>uemiue</strong></span> <span class='ocrx_word' id='word_1_172' title='bbox 506 2766 783 2827; x_wconf 82' lang='lat' dir='ltr'><strong>detinetur,</strong></span> <span class='ocrx_word' id='word_1_173' title='bbox 815 2778 874 2817; x_wconf 86' lang='lat' dir='ltr'><strong>ut</strong></span> <span class='ocrx_word' id='word_1_174' title='bbox 893 2784 988 2834; x_wconf 79' lang='lat' dir='ltr'><strong>pro</strong></span> <span class='ocrx_word' id='word_1_175' title='bbox 1017 2768 1167 2820; x_wconf 78' lang='lat' dir='ltr'><strong>Rose.</strong></span> <span class='ocrx_word' id='word_1_176' title='bbox 1193 2770 1309 2820; x_wconf 73' lang='lat' dir='ltr'><strong>Am.</strong></span> 
     </span>
     <span class='ocr_line' id='line_1_27' title="bbox 283 2844 895 2911; baseline 0.008 -17"><span class='ocrx_word' id='word_1_177' title='bbox 283 2860 394 2911; x_wconf 74' lang='lat' dir='ltr'><strong>esp.</strong></span> <span class='ocrx_word' id='word_1_178' title='bbox 431 2860 499 2897; x_wconf 78' lang='grc' dir='ltr'><strong>ιο</strong></span> <span class='ocrx_word' id='word_1_179' title='bbox 519 2844 895 2899; x_wconf 74' lang='lat' dir='ltr'><strong>obsemvimm.</strong></span> 
     </span>
    </p>

    <p class='ocr_par' dir='ltr' id='par_1_8' title="bbox 285 2925 1309 3070">
     <span class='ocr_line' id='line_1_28' title="bbox 351 2925 1309 2991; baseline 0.003 -17"><span class='ocrx_word' id='word_1_180' title='bbox 351 2940 405 2989; x_wconf 73' lang='lat'><strong>9.</strong></span> <span class='ocrx_word' id='word_1_181' title='bbox 435 2925 704 2975; x_wconf 73' lang='lat' dir='ltr'><strong>comme</strong></span> <span class='ocrx_word' id='word_1_182' title='bbox 726 2927 987 2977; x_wconf 51' lang='lat' dir='ltr'><strong>societatu-</strong></span> <span class='ocrx_word' id='word_1_183' title='bbox 1020 2928 1140 2991; x_wconf 76' lang='lat' dir='ltr'><strong>Ejus</strong></span> <span class='ocrx_word' id='word_1_184' title='bbox 1167 2926 1309 2978; x_wconf 83' lang='lat' dir='ltr'><strong>dimi-</strong></span> 
     </span>
     <span class='ocr_line' id='line_1_29' title="bbox 285 2999 1152 3070; baseline 0.005 -17"><span class='ocrx_word' id='word_1_185' title='bbox 285 2999 414 3053; x_wconf 71' lang='lat' dir='ltr'><strong>diam</strong></span> <span class='ocrx_word' id='word_1_186' title='bbox 437 3014 630 3070; x_wconf 85' lang='lat' dir='ltr'><strong>partem</strong></span> <span class='ocrx_word' id='word_1_187' title='bbox 654 3006 791 3054; x_wconf 84' lang='lat' dir='ltr'><strong>socio</strong></span> <span class='ocrx_word' id='word_1_188' title='bbox 813 3006 1152 3070; x_wconf 73' lang='lat' dir='ltr'><strong>praestandam.</strong></span> 
     </span>
    </p>

    <p class='ocr_par' dir='ltr' id='par_1_9' title="bbox 279 3082 1314 4097">
     <span class='ocr_line' id='line_1_30' title="bbox 357 3082 1310 3151; baseline 0.006 -19"><span class='ocrx_word' id='word_1_189' title='bbox 357 3098 437 3133; x_wconf 78' lang='grc' dir='ltr'><strong>ιο.</strong></span> <span class='ocrx_word' id='word_1_190' title='bbox 464 3082 610 3133; x_wconf 68' lang='lat' dir='ltr'><strong>Nihil</strong></span> <span class='ocrx_word' id='word_1_191' title='bbox 633 3085 911 3151; x_wconf 73' lang='lat' dir='ltr'><strong>captiosius.</strong></span> <span class='ocrx_word' id='word_1_192' title='bbox 933 3088 1152 3137; x_wconf 72' lang='lat' dir='ltr'><strong>Potuisse</strong></span> <span class='ocrx_word' id='word_1_193' title='bbox 1175 3088 1310 3137; x_wconf 80' lang='lat' dir='ltr'><strong>vide-</strong></span> 
     </span>
     <span class='ocr_line' id='line_1_31' title="bbox 283 3155 1308 3234; baseline 0.006 -23"><span class='ocrx_word' id='word_1_194' title='bbox 283 3170 364 3211; x_wconf 83' lang='lat' dir='ltr'><strong>tur</strong></span> <span class='ocrx_word' id='word_1_195' title='bbox 377 3155 597 3213; x_wconf 62' lang='lat' dir='ltr'><strong>Roscius</strong></span> <span class='ocrx_word' id='word_1_196' title='bbox 623 3175 812 3230; x_wconf 72' lang='lat' dir='ltr'><strong>portem</strong></span> <span class='ocrx_word' id='word_1_197' title='bbox 847 3182 982 3215; x_wconf 86' lang='lat' dir='ltr'><strong>suam</strong></span> <span class='ocrx_word' id='word_1_198' title='bbox 1003 3178 1193 3232; x_wconf 78' lang='lat' dir='ltr'><strong>petere,</strong></span> <span class='ocrx_word' id='word_1_199' title='bbox 1220 3170 1308 3234; x_wconf 85' lang='lat' dir='ltr'><strong>qui</strong></span> 
     </span>
     <span class='ocr_line' id='line_1_32' title="bbox 283 3242 1308 3307; baseline 0.006 -17"><span class='ocrx_word' id='word_1_200' title='bbox 283 3244 452 3307; x_wconf 77' lang='lat' dir='ltr'><strong>potuit</strong></span> <span class='ocrx_word' id='word_1_201' title='bbox 473 3242 723 3305; x_wconf 71' lang='lat' dir='ltr'><strong>solidumg</strong></span> <span class='ocrx_word' id='word_1_202' title='bbox 749 3246 790 3293; x_wconf 88' lang='lat' dir='ltr'><strong>si</strong></span> <span class='ocrx_word' id='word_1_203' title='bbox 830 3254 994 3293; x_wconf 75' lang='lat' dir='ltr'><strong>tamen</strong></span> <span class='ocrx_word' id='word_1_204' title='bbox 1029 3246 1236 3295; x_wconf 77' lang='lat' dir='ltr'><strong>Roscius</strong></span> <span class='ocrx_word' id='word_1_205' title='bbox 1277 3264 1308 3296; x_wconf 93' lang='lat' dir='ltr'><strong>a</strong></span> 
     </span>
     <span class='ocr_line' id='line_1_33' title="bbox 283 3320 1310 3389; baseline 0.007 -20"><span class='ocrx_word' id='word_1_206' title='bbox 283 3320 456 3371; x_wconf 72' lang='lat' dir='ltr'><strong>Flavio</strong></span> <span class='ocrx_word' id='word_1_207' title='bbox 492 3322 760 3388; x_wconf 82' lang='lat' dir='ltr'><strong>quidquam</strong></span> <span class='ocrx_word' id='word_1_208' title='bbox 801 3326 962 3389; x_wconf 73' lang='lat' dir='ltr'><strong>exegit</strong></span> <span class='ocrx_word' id='word_1_209' title='bbox 979 3360 996 3389; x_wconf 87' lang='lat'><strong>,</strong></span> <span class='ocrx_word' id='word_1_210' title='bbox 1036 3324 1161 3375; x_wconf 84' lang='lat' dir='ltr'><strong>nihil</strong></span> <span class='ocrx_word' id='word_1_211' title='bbox 1191 3342 1310 3376; x_wconf 76' lang='lat' dir='ltr'><strong>vero</strong></span> 
     </span>
     <span class='ocr_line' id='line_1_34' title="bbox 284 3402 1310 3467; baseline 0.005 -18"><span class='ocrx_word' id='word_1_212' title='bbox 284 3402 528 3460; x_wconf 75' lang='lat' dir='ltr'><strong>Fannius,</strong></span> <span class='ocrx_word' id='word_1_213' title='bbox 553 3402 692 3467; x_wconf 83' lang='lat' dir='ltr'><strong>quod</strong></span> <span class='ocrx_word' id='word_1_214' title='bbox 711 3403 910 3453; x_wconf 71' lang='lat' dir='ltr'><strong>Flavius</strong></span> <span class='ocrx_word' id='word_1_215' title='bbox 931 3404 1175 3453; x_wconf 76' lang='lat' dir='ltr'><strong>solvendo</strong></span> <span class='ocrx_word' id='word_1_216' title='bbox 1205 3422 1310 3455; x_wconf 85' lang='lat' dir='ltr'><strong>esse</strong></span> 
     </span>
     <span class='ocr_line' id='line_1_35' title="bbox 283 3472 1312 3550; baseline 0.004 -21"><span class='ocrx_word' id='word_1_217' title='bbox 283 3472 456 3539; x_wconf 69' lang='lat' dir='ltr'><strong>desiit,</strong></span> <span class='ocrx_word' id='word_1_218' title='bbox 491 3480 614 3529; x_wconf 78' lang='lat' dir='ltr'><strong>nihil</strong></span> <span class='ocrx_word' id='word_1_219' title='bbox 635 3483 875 3547; x_wconf 77' lang='lat' dir='ltr'><strong>captionis</strong></span> <span class='ocrx_word' id='word_1_220' title='bbox 893 3493 967 3531; x_wconf 83' lang='lat' dir='ltr'><strong>est</strong></span> <span class='ocrx_word' id='word_1_221' title='bbox 989 3498 1081 3532; x_wconf 78' lang='lat' dir='ltr'><strong>uec</strong></span> <span class='ocrx_word' id='word_1_222' title='bbox 1095 3483 1312 3550; x_wconf 75' lang='lat' dir='ltr'><strong>indigui·-</strong></span> 
     </span>
     <span class='ocr_line' id='line_1_36' title="bbox 281 3559 1314 3626; baseline 0.007 -20"><span class='ocrx_word' id='word_1_223' title='bbox 281 3560 397 3607; x_wconf 64' lang='grc' dir='ltr'><strong>ιώ</strong></span> <span class='ocrx_word' id='word_1_224' title='bbox 431 3560 730 3623; x_wconf 64' lang='lat' dir='ltr'><strong>respoudoee</strong></span> <span class='ocrx_word' id='word_1_225' title='bbox 759 3559 1081 3626; x_wconf 76' lang='lat' dir='ltr'><strong>redigendum</strong></span> <span class='ocrx_word' id='word_1_226' title='bbox 1103 3562 1158 3611; x_wconf 90' lang='lat' dir='ltr'><strong>iu</strong></span> <span class='ocrx_word' id='word_1_227' title='bbox 1183 3580 1314 3613; x_wconf 83' lang='lat' dir='ltr'><strong>eom·</strong></span> 
     </span>
     <span class='ocr_line' id='line_1_37' title="bbox 281 3638 1312 3709; baseline 0.007 -22"><span class='ocrx_word' id='word_1_228' title='bbox 281 3652 432 3687; x_wconf 85' lang='lat' dir='ltr'><strong>muue</strong></span> <span class='ocrx_word' id='word_1_229' title='bbox 453 3638 700 3703; x_wconf 83' lang='lat' dir='ltr'><strong>quidquid</strong></span> <span class='ocrx_word' id='word_1_230' title='bbox 723 3640 932 3690; x_wconf 77' lang='lat' dir='ltr'><strong>Roscius</strong></span> <span class='ocrx_word' id='word_1_231' title='bbox 960 3640 1192 3709; x_wconf 70' lang='lat' dir='ltr'><strong>exegerit.</strong></span> <span class='ocrx_word' id='word_1_232' title='bbox 1223 3644 1312 3693; x_wconf 87' lang='lat' dir='ltr'><strong>Ce-</strong></span> 
     </span>
     <span class='ocr_line' id='line_1_38' title="bbox 281 3718 1306 3789; baseline 0.008 -24"><span class='ocrx_word' id='word_1_233' title='bbox 281 3728 444 3766; x_wconf 82' lang='lat' dir='ltr'><strong>terum</strong></span> <span class='ocrx_word' id='word_1_234' title='bbox 469 3732 533 3766; x_wconf 77' lang='lat' dir='ltr'><strong>ex</strong></span> <span class='ocrx_word' id='word_1_235' title='bbox 555 3718 649 3767; x_wconf 71' lang='lat' dir='ltr'><strong>hae</strong></span> <span class='ocrx_word' id='word_1_236' title='bbox 683 3730 785 3769; x_wconf 86' lang='lat' dir='ltr'><strong>tota</strong></span> <span class='ocrx_word' id='word_1_237' title='bbox 809 3720 1142 3787; x_wconf 83' lang='lat' dir='ltr'><strong>disputatione</strong></span> <span class='ocrx_word' id='word_1_238' title='bbox 1162 3738 1306 3789; x_wconf 72' lang='lat' dir='ltr'><strong>appe·</strong></span> 
     </span>
     <span class='ocr_line' id='line_1_39' title="bbox 279 3796 1312 3867; baseline 0.01 -24"><span class='ocrx_word' id='word_1_239' title='bbox 279 3805 381 3856; x_wconf 79' lang='lat' dir='ltr'><strong>ret,</strong></span> <span class='ocrx_word' id='word_1_240' title='bbox 417 3796 504 3858; x_wconf 79' lang='lat' dir='ltr'><strong>ius</strong></span> <span class='ocrx_word' id='word_1_241' title='bbox 535 3796 690 3858; x_wconf 80' lang='lat' dir='ltr'><strong>illud,</strong></span> <span class='ocrx_word' id='word_1_242' title='bbox 731 3799 868 3864; x_wconf 82' lang='lat' dir='ltr'><strong>quod</strong></span> <span class='ocrx_word' id='word_1_243' title='bbox 915 3812 1084 3867; x_wconf 78' lang='lat' dir='ltr'><strong>postea</strong></span> <span class='ocrx_word' id='word_1_244' title='bbox 1123 3814 1312 3853; x_wconf 86' lang='lat' dir='ltr'><strong>eertum</strong></span> 
     </span>
     <span class='ocr_line' id='line_1_40' title="bbox 281 3875 1311 3945; baseline 0.007 -22"><span class='ocrx_word' id='word_1_245' title='bbox 281 3875 378 3924; x_wconf 75' lang='lat' dir='ltr'><strong>fuit</strong></span> <span class='ocrx_word' id='word_1_246' title='bbox 392 3907 410 3934; x_wconf 84' lang='lat'>‚</span> <span class='ocrx_word' id='word_1_247' title='bbox 441 3875 648 3927; x_wconf 84' lang='lat' dir='ltr'><strong>relatum</strong></span> <span class='ocrx_word' id='word_1_248' title='bbox 693 3879 878 3945; x_wconf 83' lang='lat' dir='ltr'><strong>quippe</strong></span> <span class='ocrx_word' id='word_1_249' title='bbox 925 3880 980 3928; x_wconf 86' lang='lat' dir='ltr'><strong>iu</strong></span> <span class='ocrx_word' id='word_1_250' title='bbox 1022 3878 1311 3941; x_wconf 79' lang='lat' dir='ltr'><strong>Paudectas,</strong></span> 
     </span>
     <span class='ocr_line' id='line_1_41' title="bbox 281 3954 1310 4022; baseline 0.008 -21"><span class='ocrx_word' id='word_1_251' title='bbox 281 3954 526 4003; x_wconf 70' lang='lat' dir='ltr'><strong>Tullianis</strong></span> <span class='ocrx_word' id='word_1_252' title='bbox 583 3958 890 4022; x_wconf 73' lang='lat' dir='ltr'><strong>temporibus</strong></span> <span class='ocrx_word' id='word_1_253' title='bbox 942 3970 1310 4009; x_wconf 72' lang='lat' dir='ltr'><strong>eunti-eversum</strong></span> 
     </span>
     <span class='ocr_line' id='line_1_42' title="bbox 281 4032 1308 4097; baseline 0.007 -16"><span class='ocrx_word' id='word_1_254' title='bbox 281 4032 449 4083; x_wconf 77' lang='lat' dir='ltr'><strong>fuisse.</strong></span> <span class='ocrx_word' id='word_1_255' title='bbox 469 4036 716 4085; x_wconf 79' lang='lat' dir='ltr'><strong>lueet-tum</strong></span> <span class='ocrx_word' id='word_1_256' title='bbox 731 4048 850 4087; x_wconf 79' lang='lat' dir='ltr'><strong>tuuc</strong></span> <span class='ocrx_word' id='word_1_257' title='bbox 878 4049 984 4087; x_wconf 81' lang='lat' dir='ltr'><strong>erat</strong></span> <span class='ocrx_word' id='word_1_258' title='bbox 999 4038 1221 4097; x_wconf 84' lang='lat' dir='ltr'><strong>omuino,</strong></span> <span class='ocrx_word' id='word_1_259' title='bbox 1243 4056 1308 4089; x_wconf 92' lang='lat' dir='ltr'><strong>au</strong></span> 
     </span>
    </p>
   </div>
   <div class='ocr_carea' id='block_1_7' title="bbox 283 4113 1308 4184">
    <p class='ocr_par' dir='ltr' id='par_1_10' title="bbox 283 4113 1308 4184">
     <span class='ocr_line' id='line_1_43' title="bbox 283 4113 1308 4184; baseline -0.003 -15"><span class='ocrx_word' id='word_1_260' title='bbox 283 4114 454 4169; x_wconf 63' lang='lat' dir='ltr'><strong>weh·</strong></span> <span class='ocrx_word' id='word_1_261' title='bbox 475 4113 530 4163; x_wconf 84' lang='lat' dir='ltr'><strong>iu</strong></span> <span class='ocrx_word' id='word_1_262' title='bbox 547 4116 740 4178; x_wconf 77' lang='lat' dir='ltr'><strong>indieio</strong></span> <span class='ocrx_word' id='word_1_263' title='bbox 761 4128 929 4184; x_wconf 72' lang='lat' dir='ltr'><strong>petere</strong></span> <span class='ocrx_word' id='word_1_264' title='bbox 955 4115 1172 4168; x_wconf 82' lang='lat' dir='ltr'><strong>solidum</strong></span> <span class='ocrx_word' id='word_1_265' title='bbox 1194 4132 1308 4183; x_wconf 77' lang='lat' dir='ltr'><strong>pos·</strong></span> 
     </span>
    </p>
   </div>
   <div class='ocr_carea' id='block_1_8' title="bbox 1391 2052 2431 4106">
    <p class='ocr_par' dir='ltr' id='par_1_11' title="bbox 1391 2052 2431 4106">
     <span class='ocr_line' id='line_1_44' title="bbox 1393 2052 2423 2123; baseline 0.006 -20"><span class='ocrx_word' id='word_1_266' title='bbox 1393 2065 1509 2104; x_wconf 82' lang='lat' dir='ltr'><strong>set:</strong></span> <span class='ocrx_word' id='word_1_267' title='bbox 1546 2052 1685 2120; x_wconf 82' lang='lat' dir='ltr'><strong>quod</strong></span> <span class='ocrx_word' id='word_1_268' title='bbox 1716 2055 1771 2103; x_wconf 86' lang='lat' dir='ltr'><strong>ui</strong></span> <span class='ocrx_word' id='word_1_269' title='bbox 1800 2054 1964 2115; x_wconf 80' lang='lat' dir='ltr'><strong>fuerit,</strong></span> <span class='ocrx_word' id='word_1_270' title='bbox 1986 2056 2156 2105; x_wconf 76' lang='lat' dir='ltr'><strong>Roscii</strong></span> <span class='ocrx_word' id='word_1_271' title='bbox 2188 2058 2423 2123; x_wconf 73' lang='lat' dir='ltr'><strong>coguitor</strong></span> 
     </span>
     <span class='ocr_line' id='line_1_45' title="bbox 1395 2135 2421 2189; baseline 0.006 -7"><span class='ocrx_word' id='word_1_272' title='bbox 1395 2135 1604 2183; x_wconf 77' lang='lat' dir='ltr'><strong>Fannius</strong></span> <span class='ocrx_word' id='word_1_273' title='bbox 1636 2150 1738 2183; x_wconf 85' lang='lat' dir='ltr'><strong>uou</strong></span> <span class='ocrx_word' id='word_1_274' title='bbox 1768 2146 1895 2184; x_wconf 82' lang='lat' dir='ltr'><strong>esset</strong></span> <span class='ocrx_word' id='word_1_275' title='bbox 1936 2135 2111 2185; x_wconf 77' lang='lat' dir='ltr'><strong>sactus.</strong></span> <span class='ocrx_word' id='word_1_276' title='bbox 2140 2137 2421 2189; x_wconf 86' lang='lat' dir='ltr'><strong>Solutioues</strong></span> 
     </span>
     <span class='ocr_line' id='line_1_46' title="bbox 1391 2214 2423 2278; baseline 0.004 -16"><span class='ocrx_word' id='word_1_277' title='bbox 1391 2214 1839 2278; x_wconf 72' lang='lat' dir='ltr'><strong>musaetiouesque</strong></span> <span class='ocrx_word' id='word_1_278' title='bbox 1860 2222 1997 2263; x_wconf 78' lang='lat' dir='ltr'><strong>extra</strong></span> <span class='ocrx_word' id='word_1_279' title='bbox 2021 2214 2261 2277; x_wconf 80' lang='lat' dir='ltr'><strong>iudicium</strong></span> <span class='ocrx_word' id='word_1_280' title='bbox 2280 2218 2423 2267; x_wconf 63' lang='lat' dir='ltr'><strong>foetu</strong></span> 
     </span>
     <span class='ocr_line' id='line_1_47' title="bbox 1392 2290 2421 2353; baseline 0.007 -13"><span class='ocrx_word' id='word_1_281' title='bbox 1392 2290 1458 2341; x_wconf 88' lang='lat' dir='ltr'><strong>ad</strong></span> <span class='ocrx_word' id='word_1_282' title='bbox 1479 2308 1705 2341; x_wconf 85' lang='lat' dir='ltr'><strong>uuumue</strong></span> <span class='ocrx_word' id='word_1_283' title='bbox 1728 2292 1945 2353; x_wconf 76' lang='lat' dir='ltr'><strong>socium,</strong></span> <span class='ocrx_word' id='word_1_284' title='bbox 1965 2309 2029 2343; x_wconf 89' lang='lat' dir='ltr'><strong>au</strong></span> <span class='ocrx_word' id='word_1_285' title='bbox 2052 2293 2117 2344; x_wconf 83' lang='lat' dir='ltr'><strong>ad</strong></span> <span class='ocrx_word' id='word_1_286' title='bbox 2136 2296 2421 2347; x_wconf 74' lang='lat' dir='ltr'><strong>soeietatem</strong></span> 
     </span>
     <span class='ocr_line' id='line_1_48' title="bbox 1395 2372 2421 2442; baseline 0.006 -22"><span class='ocrx_word' id='word_1_287' title='bbox 1395 2388 1591 2423; x_wconf 84' lang='lat' dir='ltr'><strong>omnem</strong></span> <span class='ocrx_word' id='word_1_288' title='bbox 1628 2374 1955 2437; x_wconf 81' lang='lat' dir='ltr'><strong>pertinerent,</strong></span> <span class='ocrx_word' id='word_1_289' title='bbox 1980 2372 2034 2422; x_wconf 84' lang='lat' dir='ltr'><strong>id</strong></span> <span class='ocrx_word' id='word_1_290' title='bbox 2066 2390 2187 2423; x_wconf 80' lang='lat' dir='ltr'><strong>vero</strong></span> <span class='ocrx_word' id='word_1_291' title='bbox 2218 2390 2282 2424; x_wconf 76' lang='lat' dir='ltr'><strong>ex</strong></span> <span class='ocrx_word' id='word_1_292' title='bbox 2306 2378 2421 2442; x_wconf 76' lang='lat' dir='ltr'><strong>ipso</strong></span> 
     </span>
     <span class='ocr_line' id='line_1_49' title="bbox 1392 2450 2422 2516; baseline 0.005 -16"><span class='ocrx_word' id='word_1_293' title='bbox 1392 2463 1499 2500; x_wconf 86' lang='lat' dir='ltr'><strong>erat</strong></span> <span class='ocrx_word' id='word_1_294' title='bbox 1528 2453 1660 2500; x_wconf 79' lang='lat' dir='ltr'><strong>facto</strong></span> <span class='ocrx_word' id='word_1_295' title='bbox 1677 2486 1693 2511; x_wconf 87' lang='lat'>,</span> <span class='ocrx_word' id='word_1_296' title='bbox 1728 2452 1973 2515; x_wconf 75' lang='lat' dir='ltr'><strong>sociisque</strong></span> <span class='ocrx_word' id='word_1_297' title='bbox 2006 2450 2059 2499; x_wconf 85' lang='lat' dir='ltr'><strong>in</strong></span> <span class='ocrx_word' id='word_1_298' title='bbox 2094 2452 2309 2516; x_wconf 80' lang='lat' dir='ltr'><strong>gerendo</strong></span> <span class='ocrx_word' id='word_1_299' title='bbox 2338 2472 2422 2505; x_wconf 88' lang='lat' dir='ltr'><strong>ue-</strong></span> 
     </span>
     <span class='ocr_line' id='line_1_50' title="bbox 1394 2526 2417 2599; baseline 0.005 -20"><span class='ocrx_word' id='word_1_300' title='bbox 1394 2532 1531 2595; x_wconf 70' lang='lat' dir='ltr'><strong>gotio</strong></span> <span class='ocrx_word' id='word_1_301' title='bbox 1551 2531 1808 2580; x_wconf 78' lang='lat' dir='ltr'><strong>voluntate</strong></span> <span class='ocrx_word' id='word_1_302' title='bbox 1822 2526 2223 2596; x_wconf 72' lang='lat' dir='ltr'><strong>cognoscendum</strong></span> <span class='ocrx_word' id='word_1_303' title='bbox 2238 2550 2254 2582; x_wconf 80' lang='lat' dir='ltr'><strong>t</strong></span> <span class='ocrx_word' id='word_1_304' title='bbox 2280 2536 2417 2599; x_wconf 81' lang='lat' dir='ltr'><strong>quod</strong></span> 
     </span>
     <span class='ocr_line' id='line_1_51' title="bbox 1393 2610 2421 2677; baseline 0.004 -18"><span class='ocrx_word' id='word_1_305' title='bbox 1393 2626 1505 2676; x_wconf 73' lang='lat' dir='ltr'><strong>esp.</strong></span> <span class='ocrx_word' id='word_1_306' title='bbox 1522 2626 1582 2659; x_wconf 74' lang='grc' dir='ltr'>υ</span> <span class='ocrx_word' id='word_1_307' title='bbox 1604 2611 1791 2676; x_wconf 77' lang='lat' dir='ltr'><strong>optime</strong></span> <span class='ocrx_word' id='word_1_308' title='bbox 1805 2610 1999 2659; x_wconf 82' lang='lat' dir='ltr'><strong>Tullius</strong></span> <span class='ocrx_word' id='word_1_309' title='bbox 2012 2612 2261 2677; x_wconf 62' lang='lat' dir='ltr'><strong>prutitit.</strong></span> <span class='ocrx_word' id='word_1_310' title='bbox 2272 2613 2421 2663; x_wconf 74' lang='lat' dir='ltr'><strong>Nm</strong></span> 
     </span>
     <span class='ocr_line' id='line_1_52' title="bbox 1391 2689 2420 2757; baseline 0.003 -18"><span class='ocrx_word' id='word_1_311' title='bbox 1391 2704 1547 2757; x_wconf 82' lang='lat' dir='ltr'><strong>porro</strong></span> <span class='ocrx_word' id='word_1_312' title='bbox 1586 2706 1737 2755; x_wconf 82' lang='lat' dir='ltr'><strong>quum</strong></span> <span class='ocrx_word' id='word_1_313' title='bbox 1787 2689 2007 2737; x_wconf 82' lang='lat' dir='ltr'><strong>Saturius</strong></span> <span class='ocrx_word' id='word_1_314' title='bbox 2049 2692 2283 2739; x_wconf 68' lang='lat' dir='ltr'><strong>Roscium</strong></span> <span class='ocrx_word' id='word_1_315' title='bbox 2324 2693 2420 2743; x_wconf 81' lang='lat' dir='ltr'><strong>sibi</strong></span> 
     </span>
     <span class='ocr_line' id='line_1_53' title="bbox 1395 2768 2424 2836; baseline 0 -15"><span class='ocrx_word' id='word_1_316' title='bbox 1395 2770 1489 2821; x_wconf 88' lang='lat' dir='ltr'><strong>soli</strong></span> <span class='ocrx_word' id='word_1_317' title='bbox 1506 2770 1754 2836; x_wconf 70' lang='lat' dir='ltr'><strong>excepisse</strong></span> <span class='ocrx_word' id='word_1_318' title='bbox 1781 2768 2044 2828; x_wconf 83' lang='lat' dir='ltr'><strong>ooueedat,</strong></span> <span class='ocrx_word' id='word_1_319' title='bbox 2070 2770 2157 2818; x_wconf 81' lang='lat' dir='ltr'><strong>sed</strong></span> <span class='ocrx_word' id='word_1_320' title='bbox 2180 2770 2235 2818; x_wconf 85' lang='lat' dir='ltr'><strong>id</strong></span> <span class='ocrx_word' id='word_1_321' title='bbox 2262 2772 2315 2820; x_wconf 84' lang='lat' dir='ltr'><strong>iu</strong></span> <span class='ocrx_word' id='word_1_322' title='bbox 2342 2789 2424 2821; x_wconf 85' lang='lat' dir='ltr'><strong>so·</strong></span> 
     </span>
     <span class='ocr_line' id='line_1_54' title="bbox 1394 2848 2417 2914; baseline 0 -13"><span class='ocrx_word' id='word_1_323' title='bbox 1394 2852 1619 2901; x_wconf 79' lang='lat' dir='ltr'><strong>eietatem</strong></span> <span class='ocrx_word' id='word_1_324' title='bbox 1636 2848 1790 2914; x_wconf 70' lang='lat' dir='ltr'><strong>redigi</strong></span> <span class='ocrx_word' id='word_1_325' title='bbox 1814 2848 2109 2909; x_wconf 64' lang='lat' dir='ltr'><strong>ennuntiat,</strong></span> <span class='ocrx_word' id='word_1_326' title='bbox 2135 2850 2281 2899; x_wconf 81' lang='lat' dir='ltr'><strong>aliam</strong></span> <span class='ocrx_word' id='word_1_327' title='bbox 2304 2868 2417 2901; x_wconf 81' lang='lat' dir='ltr'><strong>ora·</strong></span> 
     </span>
     <span class='ocr_line' id='line_1_55' title="bbox 1395 2926 2423 2997; baseline 0.002 -19"><span class='ocrx_word' id='word_1_328' title='bbox 1395 2940 1476 2979; x_wconf 85' lang='lat' dir='ltr'><strong>tor</strong></span> <span class='ocrx_word' id='word_1_329' title='bbox 1518 2928 1643 2977; x_wconf 87' lang='lat' dir='ltr'><strong>inire</strong></span> <span class='ocrx_word' id='word_1_330' title='bbox 1685 2930 1818 2978; x_wconf 80' lang='lat' dir='ltr'><strong>viam</strong></span> <span class='ocrx_word' id='word_1_331' title='bbox 1870 2926 2031 2979; x_wconf 85' lang='lat' dir='ltr'><strong>debet.</strong></span> <span class='ocrx_word' id='word_1_332' title='bbox 2079 2930 2235 2979; x_wconf 84' lang='lat' dir='ltr'><strong>Sumit</strong></span> <span class='ocrx_word' id='word_1_333' title='bbox 2268 2932 2423 2997; x_wconf 67' lang='lat' dir='ltr'><strong>igitur</strong></span> 
     </span>
     <span class='ocr_line' id='line_1_56' title="bbox 1393 3006 2421 3077; baseline 0.002 -19"><span class='ocrx_word' id='word_1_334' title='bbox 1393 3020 1732 3074; x_wconf 70' lang='lat' dir='ltr'><strong>argumentum</strong></span> <span class='ocrx_word' id='word_1_335' title='bbox 1783 3008 1999 3073; x_wconf 79' lang='lat' dir='ltr'><strong>primum</strong></span> <span class='ocrx_word' id='word_1_336' title='bbox 2050 3006 2114 3057; x_wconf 86' lang='lat' dir='ltr'><strong>de</strong></span> <span class='ocrx_word' id='word_1_337' title='bbox 2164 3010 2259 3059; x_wconf 83' lang='lat' dir='ltr'><strong>hac</strong></span> <span class='ocrx_word' id='word_1_338' title='bbox 2314 3012 2421 3077; x_wconf 82' lang='lat' dir='ltr'><strong>ipsa</strong></span> 
     </span>
     <span class='ocr_line' id='line_1_57' title="bbox 1393 3085 2424 3153; baseline 0.001 -15"><span class='ocrx_word' id='word_1_339' title='bbox 1393 3088 1738 3147; x_wconf 82' lang='lat' dir='ltr'><strong>eoueessioue,</strong></span> <span class='ocrx_word' id='word_1_340' title='bbox 1722 3104 1735 3118; x_wconf 94' lang='lat'><strong>·</strong></span> <span class='ocrx_word' id='word_1_341' title='bbox 1766 3085 1943 3136; x_wconf 86' lang='lat' dir='ltr'><strong>deiude</strong></span> <span class='ocrx_word' id='word_1_342' title='bbox 1969 3088 2175 3137; x_wconf 84' lang='lat' dir='ltr'><strong>alterum</strong></span> <span class='ocrx_word' id='word_1_343' title='bbox 2208 3089 2270 3138; x_wconf 87' lang='lat' dir='ltr'><strong>de</strong></span> <span class='ocrx_word' id='word_1_344' title='bbox 2290 3090 2424 3153; x_wconf 72' lang='lat' dir='ltr'><strong>judi-</strong></span> 
     </span>
     <span class='ocr_line' id='line_1_58' title="bbox 1395 3166 2421 3232; baseline 0.003 -17"><span class='ocrx_word' id='word_1_345' title='bbox 1395 3168 1493 3217; x_wconf 77' lang='lat' dir='ltr'><strong>cio.</strong></span> <span class='ocrx_word' id='word_1_346' title='bbox 1520 3166 1757 3215; x_wconf 77' lang='lat' dir='ltr'><strong>Pnuuimu</strong></span> <span class='ocrx_word' id='word_1_347' title='bbox 1782 3168 1913 3214; x_wconf 80' lang='lat' dir='ltr'><strong>euim</strong></span> <span class='ocrx_word' id='word_1_348' title='bbox 1929 3168 2097 3217; x_wconf 80' lang='lat' dir='ltr'><strong>Roeeii</strong></span> <span class='ocrx_word' id='word_1_349' title='bbox 2118 3168 2421 3232; x_wconf 74' lang='lat' dir='ltr'><strong>coguitorem</strong></span> 
     </span>
     <span class='ocr_line' id='line_1_59' title="bbox 1400 3245 2425 3313; baseline 0.003 -19"><span class='ocrx_word' id='word_1_350' title='bbox 1400 3262 1515 3294; x_wconf 82' lang='lat' dir='ltr'><strong>eum</strong></span> <span class='ocrx_word' id='word_1_351' title='bbox 1546 3245 1733 3294; x_wconf 78' lang='lat' dir='ltr'><strong>Roscio</strong></span> <span class='ocrx_word' id='word_1_352' title='bbox 1766 3246 1938 3310; x_wconf 79' lang='lat' dir='ltr'><strong>partiri</strong></span> <span class='ocrx_word' id='word_1_353' title='bbox 1973 3258 2283 3313; x_wconf 70' lang='lat' dir='ltr'><strong>oportuerat,</strong></span> <span class='ocrx_word' id='word_1_354' title='bbox 2319 3264 2425 3297; x_wconf 80' lang='lat' dir='ltr'><strong>uon</strong></span> 
     </span>
     <span class='ocr_line' id='line_1_60' title="bbox 1398 3324 2430 3393; baseline 0.003 -20"><span class='ocrx_word' id='word_1_355' title='bbox 1398 3324 1515 3373; x_wconf 82' lang='lat' dir='ltr'><strong>item</strong></span> <span class='ocrx_word' id='word_1_356' title='bbox 1531 3340 1643 3373; x_wconf 87' lang='lat' dir='ltr'><strong>eum</strong></span> <span class='ocrx_word' id='word_1_357' title='bbox 1666 3328 1855 3375; x_wconf 75' lang='lat' dir='ltr'><strong>Fauuio</strong></span> <span class='ocrx_word' id='word_1_358' title='bbox 1873 3327 2132 3387; x_wconf 76' lang='lat' dir='ltr'><strong>Roscium,</strong></span> <span class='ocrx_word' id='word_1_359' title='bbox 2154 3328 2239 3391; x_wconf 86' lang='lat' dir='ltr'><strong>qui</strong></span> <span class='ocrx_word' id='word_1_360' title='bbox 2260 3330 2430 3393; x_wconf 70' lang='lat' dir='ltr'><strong>cogui-</strong></span> 
     </span>
     <span class='ocr_line' id='line_1_61' title="bbox 1397 3404 2425 3471; baseline 0.002 -17"><span class='ocrx_word' id='word_1_361' title='bbox 1397 3415 1480 3454; x_wconf 74' lang='lat' dir='ltr'><strong>tor</strong></span> <span class='ocrx_word' id='word_1_362' title='bbox 1520 3404 1654 3453; x_wconf 81' lang='lat' dir='ltr'><strong>illius</strong></span> <span class='ocrx_word' id='word_1_363' title='bbox 1696 3404 1853 3454; x_wconf 77' lang='lat' dir='ltr'><strong>fuerat</strong></span> <span class='ocrx_word' id='word_1_364' title='bbox 1890 3422 2175 3471; x_wconf 76' lang='lat' dir='ltr'><strong>numquam.</strong></span> <span class='ocrx_word' id='word_1_365' title='bbox 2213 3408 2425 3456; x_wconf 76' lang='lat' dir='ltr'><strong>Roscius</strong></span> 
     </span>
     <span class='ocr_line' id='line_1_62' title="bbox 1399 3484 2423 3551; baseline 0.002 -18"><span class='ocrx_word' id='word_1_366' title='bbox 1399 3484 1462 3533; x_wconf 80' lang='lat' dir='ltr'><strong>de</strong></span> <span class='ocrx_word' id='word_1_367' title='bbox 1500 3500 1561 3533; x_wconf 85' lang='lat' dir='ltr'><strong>eo</strong></span> <span class='ocrx_word' id='word_1_368' title='bbox 1602 3485 1739 3548; x_wconf 85' lang='lat' dir='ltr'><strong>quod</strong></span> <span class='ocrx_word' id='word_1_369' title='bbox 1776 3502 1865 3551; x_wconf 79' lang='lat' dir='ltr'><strong>per</strong></span> <span class='ocrx_word' id='word_1_370' title='bbox 1896 3488 2199 3551; x_wconf 75' lang='lat' dir='ltr'><strong>cognitorem</strong></span> <span class='ocrx_word' id='word_1_371' title='bbox 2234 3486 2423 3548; x_wconf 81' lang='lat' dir='ltr'><strong>judicio</strong></span> 
     </span>
     <span class='ocr_line' id='line_1_63' title="bbox 1397 3564 2423 3630; baseline 0.002 -17"><span class='ocrx_word' id='word_1_372' title='bbox 1397 3566 1631 3629; x_wconf 80' lang='lat' dir='ltr'><strong>petierat,</strong></span> <span class='ocrx_word' id='word_1_373' title='bbox 1657 3564 1789 3613; x_wconf 86' lang='lat' dir='ltr'><strong>solus</strong></span> <span class='ocrx_word' id='word_1_374' title='bbox 1815 3578 1971 3615; x_wconf 80' lang='lat' dir='ltr'><strong>extra.</strong></span> <span class='ocrx_word' id='word_1_375' title='bbox 1977 3566 2217 3630; x_wconf 79' lang='lat' dir='ltr'><strong>judicium</strong></span> <span class='ocrx_word' id='word_1_376' title='bbox 2231 3601 2247 3625; x_wconf 88' lang='lat'><strong>,</strong></span> <span class='ocrx_word' id='word_1_377' title='bbox 2280 3564 2423 3615; x_wconf 78' lang='lat' dir='ltr'><strong>nullo</strong></span> 
     </span>
     <span class='ocr_line' id='line_1_64' title="bbox 1398 3644 2424 3709; baseline 0.002 -18"><span class='ocrx_word' id='word_1_378' title='bbox 1398 3644 1569 3692; x_wconf 79' lang='lat' dir='ltr'><strong>Fannii</strong></span> <span class='ocrx_word' id='word_1_379' title='bbox 1602 3644 1857 3705; x_wconf 79' lang='lat' dir='ltr'><strong>mandato,</strong></span> <span class='ocrx_word' id='word_1_380' title='bbox 1889 3644 2090 3695; x_wconf 81' lang='lat' dir='ltr'><strong>decidit.</strong></span> <span class='ocrx_word' id='word_1_381' title='bbox 2131 3644 2268 3694; x_wconf 80' lang='lat' dir='ltr'><strong>Nihil</strong></span> <span class='ocrx_word' id='word_1_382' title='bbox 2304 3660 2424 3709; x_wconf 70' lang='lat' dir='ltr'><strong>ergo</strong></span> 
     </span>
     <span class='ocr_line' id='line_1_65' title="bbox 1396 3723 2425 3789; baseline 0.002 -18"><span class='ocrx_word' id='word_1_383' title='bbox 1396 3738 1456 3771; x_wconf 83' lang='lat' dir='ltr'><strong>ex</strong></span> <span class='ocrx_word' id='word_1_384' title='bbox 1472 3724 1563 3771; x_wconf 83' lang='lat' dir='ltr'><strong>hac</strong></span> <span class='ocrx_word' id='word_1_385' title='bbox 1591 3723 1835 3772; x_wconf 75' lang='lat' dir='ltr'><strong>decisione</strong></span> <span class='ocrx_word' id='word_1_386' title='bbox 1864 3725 2051 3773; x_wconf 73' lang='lat' dir='ltr'><strong>Fannio</strong></span> <span class='ocrx_word' id='word_1_387' title='bbox 2072 3724 2258 3785; x_wconf 85' lang='lat' dir='ltr'><strong>debuit,</strong></span> <span class='ocrx_word' id='word_1_388' title='bbox 2268 3740 2425 3789; x_wconf 85' lang='lat' dir='ltr'><strong>quum</strong></span> 
     </span>
     <span class='ocr_line' id='line_1_66' title="bbox 1395 3802 2427 3869; baseline 0 -18"><span class='ocrx_word' id='word_1_389' title='bbox 1395 3818 1488 3851; x_wconf 81' lang='lat' dir='ltr'><strong>suo</strong></span> <span class='ocrx_word' id='word_1_390' title='bbox 1512 3802 1712 3851; x_wconf 78' lang='lat' dir='ltr'><strong>nomine</strong></span> <span class='ocrx_word' id='word_1_391' title='bbox 1730 3802 1921 3864; x_wconf 76' lang='lat' dir='ltr'><strong>judicio</strong></span> <span class='ocrx_word' id='word_1_392' title='bbox 1948 3803 2175 3867; x_wconf 60' lang='lat' dir='ltr'><strong>petie-riez</strong></span> <span class='ocrx_word' id='word_1_393' title='bbox 2204 3818 2317 3851; x_wconf 82' lang='lat' dir='ltr'><strong>uam</strong></span> <span class='ocrx_word' id='word_1_394' title='bbox 2336 3818 2427 3869; x_wconf 80' lang='lat' dir='ltr'><strong>per</strong></span> 
     </span>
     <span class='ocr_line' id='line_1_67' title="bbox 1395 3878 2427 3947; baseline 0.002 -16"><span class='ocrx_word' id='word_1_395' title='bbox 1395 3898 1449 3931; x_wconf 90' lang='lat' dir='ltr'><strong>se</strong></span> <span class='ocrx_word' id='word_1_396' title='bbox 1473 3892 1659 3947; x_wconf 80' lang='lat' dir='ltr'><strong>petere,</strong></span> <span class='ocrx_word' id='word_1_397' title='bbox 1677 3897 1734 3931; x_wconf 87' lang='lat' dir='ltr'><strong>ae</strong></span> <span class='ocrx_word' id='word_1_398' title='bbox 1755 3898 1845 3946; x_wconf 82' lang='lat' dir='ltr'><strong>per</strong></span> <span class='ocrx_word' id='word_1_399' title='bbox 1862 3882 2165 3947; x_wconf 75' lang='lat' dir='ltr'><strong>cognitorem</strong></span> <span class='ocrx_word' id='word_1_400' title='bbox 2182 3878 2427 3933; x_wconf 61' lang='lat' dir='ltr'><strong>ide-&#39;esu</strong></span> 
     </span>
     <span class='ocr_line' id='line_1_68' title="bbox 1401 3960 2431 4026; baseline 0.001 -18"><span class='ocrx_word' id='word_1_401' title='bbox 1401 3960 1489 4009; x_wconf 72' lang='lat' dir='ltr'><strong>ma</strong></span> <span class='ocrx_word' id='word_1_402' title='bbox 1520 3960 1755 4009; x_wconf 76' lang='lat' dir='ltr'><strong>differunt</strong></span> <span class='ocrx_word' id='word_1_403' title='bbox 1790 3976 1881 4025; x_wconf 81' lang='lat' dir='ltr'><strong>per</strong></span> <span class='ocrx_word' id='word_1_404' title='bbox 1910 3976 1965 4009; x_wconf 88' lang='lat' dir='ltr'><strong>se</strong></span> <span class='ocrx_word' id='word_1_405' title='bbox 1992 3968 2159 4026; x_wconf 80' lang='lat' dir='ltr'><strong>petere</strong></span> <span class='ocrx_word' id='word_1_406' title='bbox 2183 3970 2234 4008; x_wconf 84' lang='lat' dir='ltr'><strong>et</strong></span> <span class='ocrx_word' id='word_1_407' title='bbox 2262 3961 2431 4026; x_wconf 72' lang='lat' dir='ltr'><strong>cogui-</strong></span> 
     </span>
     <span class='ocr_line' id='line_1_69' title="bbox 1397 4038 2427 4106; baseline 0.001 -18"><span class='ocrx_word' id='word_1_408' title='bbox 1397 4050 1554 4089; x_wconf 83' lang='lat' dir='ltr'><strong>torem</strong></span> <span class='ocrx_word' id='word_1_409' title='bbox 1573 4040 1771 4091; x_wconf 85' lang='lat' dir='ltr'><strong>alterius</strong></span> <span class='ocrx_word' id='word_1_410' title='bbox 1789 4038 1897 4090; x_wconf 77' lang='lat' dir='ltr'><strong>fleri</strong></span> <span class='ocrx_word' id='word_1_411' title='bbox 1916 4054 1931 4090; x_wconf 76' lang='grc' dir='ltr'><strong><em>ε</em></strong></span> <span class='ocrx_word' id='word_1_412' title='bbox 1959 4056 2107 4106; x_wconf 83' lang='lat' dir='ltr'><strong>quam</strong></span> <span class='ocrx_word' id='word_1_413' title='bbox 2124 4056 2245 4090; x_wconf 74' lang='lat' dir='ltr'><strong>vero</strong></span> <span class='ocrx_word' id='word_1_414' title='bbox 2262 4040 2427 4089; x_wconf 72' lang='lat' dir='ltr'><strong>differ·</strong></span> 
     </span>
    </p>
   </div>
   <div class='ocr_carea' id='block_1_9' title="bbox 1395 4118 2423 4187">
    <p class='ocr_par' dir='ltr' id='par_1_12' title="bbox 1395 4118 2423 4187">
     <span class='ocr_line' id='line_1_70' title="bbox 1395 4118 2423 4187; baseline -0.003 -20"><span class='ocrx_word' id='word_1_415' title='bbox 1395 4130 1526 4180; x_wconf 81' lang='lat' dir='ltr'><strong>reut,</strong></span> <span class='ocrx_word' id='word_1_416' title='bbox 1551 4122 1657 4185; x_wconf 79' lang='lat' dir='ltr'><strong>ipae</strong></span> <span class='ocrx_word' id='word_1_417' title='bbox 1670 4153 1686 4179; x_wconf 91' lang='lat'>‚</span> <span class='ocrx_word' id='word_1_418' title='bbox 1712 4121 1801 4186; x_wconf 80' lang='lat' dir='ltr'><strong>qui</strong></span> <span class='ocrx_word' id='word_1_419' title='bbox 1816 4136 1907 4187; x_wconf 77' lang='lat' dir='ltr'><strong>per</strong></span> <span class='ocrx_word' id='word_1_420' title='bbox 1924 4138 1975 4171; x_wconf 90' lang='lat' dir='ltr'><strong>se</strong></span> <span class='ocrx_word' id='word_1_421' title='bbox 1994 4120 2217 4187; x_wconf 80' lang='lat' dir='ltr'><strong>petierat,</strong></span> <span class='ocrx_word' id='word_1_422' title='bbox 2248 4118 2423 4169; x_wconf 77' lang='lat' dir='ltr'><strong>simul·</strong></span> 
     </span>
    </p>
   </div>
  </div>
 </body>
</html>
