2984 4684
449 373 577 457 184
1123 378 1883 449 ARGUMENTUM.

595 496 815 555 Divisio
836 498 1204 577 principali3‚
1238 520 1350 558 una
1380 498 1454 557 de
1489 518 1553 557 se
1574 499 1704 577 ipso
1722 542 1739 571 ,
1784 497 1965 556 altera
1990 494 2065 554 de
2094 496 2465 557 contentione
2486 502 2579 559 sui

520 606 578 652 et
600 594 835 653 Caecilii.

592 691 888 749 Divinatio
919 690 1130 753 dicitur
1159 693 1283 751 haec
1310 692 1532 764 oratio,
1560 690 1699 771 quia
1734 710 1853 749 non
1892 689 1966 749 de
2006 691 2163 749 facto
2200 690 2483 768 quaeritur
2518 704 2579 750 et

517 786 877 864 conjectura,
925 789 1026 847 sed
1066 789 1142 849 de
1177 790 1376 849 futuro
1395 834 1412 862 ,
1468 810 1599 867 quae
1644 802 1731 847 est
1780 786 2093 859 divinatio,
2138 804 2160 829 ²
2185 800 2315 845 uter
2365 787 2578 847 debeat

515 902 805 944 accusare.
833 886 951 943 Alii
980 884 1116 944 ideo
1155 898 1360 965 putant
1385 886 1797 944 divinationem
1824 884 1972 957 dici,
2012 882 2174 962 quod
2204 882 2446 960 injurati
2473 886 2577 963 ju:-

517 978 673 1039 dices
721 984 780 1039 in
829 982 942 1041 hac
987 1004 1160 1041 causa
1211 983 1488 1055 sedeant,
1528 995 1624 1056 ut,
1664 980 1827 1060 quod
1862 980 2075 1053 velint,
2118 982 2458 1059 praesentire
2502 982 2577 1039 de

520 1088 772 1155 utroque
799 1079 1042 1157 possint.
1069 1080 1183 1137 Alii
1202 1123 1219 1152 ,
1243 1079 1402 1157 quod
1427 1099 1521 1137 res
1544 1090 1749 1157 agatur
1774 1078 1901 1136 sine
1932 1076 2173 1136 testibus
2193 1121 2210 1149 ‚
2256 1089 2316 1135 et
2336 1078 2458 1136 sine
2484 1092 2575 1137 ta-

521 1170 704 1246 bulis,
731 1186 792 1232 et
817 1174 908 1233 his
937 1176 1175 1234 remotis
1203 1189 1543 1257 argumenta
1576 1174 1699 1233 sola
1724 1186 2045 1252 sequantur
2057 1172 2305 1264 judices,
2332 1186 2389 1231 et
2411 1176 2575 1251 quasi

515 1266 797 1327 divinent.
841 1272 1084 1350 Cogitur
1132 1286 1326 1330 autem
1373 1290 1582 1341 causa,
1632 1269 1932 1329 senatoriis
1970 1268 2209 1346 judiciis
2252 1270 2312 1327 in
2356 1270 2577 1328 invidia

514 1364 670 1441 apud
699 1354 983 1444 populum
1009 1368 1368 1439 constitutis,
1393 1367 1773 1445 corruptione
1804 1367 2150 1438 multorum,
2186 1367 2408 1424 vexatis
2431 1386 2576 1445 pro-

523 1462 729 1520 vinciis
752 1461 1053 1536 omnibus,
1089 1484 1156 1523 ac
1183 1466 1353 1524 sociis
1383 1465 1590 1544 populi
1616 1464 1843 1523 romani
1868 1463 2030 1521 fessis
2056 1474 2181 1521 toto
2210 1461 2355 1521 orbe
2387 1476 2577 1521 terra-

516 1576 645 1616 rum
666 1601 685 1630 ,
713 1557 957 1619 libidine
983 1574 1044 1618 et
1071 1561 1379 1639 iniquitate
1409 1574 1785 1619 romanorum
1812 1558 2253 1635 magistratuum
2279 1603 2296 1630 ,
2341 1580 2577 1618 accusa-

511 1654 736 1713 toribus
761 1658 1236 1734 praevaricatione
1257 1656 1597 1729 infamibuS,
1625 1657 1921 1734 flagitante
1948 1654 2121 1733 plebe
2142 1655 2368 1732 judicia
2397 1676 2573 1733 eque-

513 1753 646 1809 stris
693 1752 940 1826 ordinis,
979 1774 1111 1833 quae
1154 1756 1274 1813 fere
1313 1768 1446 1814 ante
1491 1771 1675 1813 annos
1704 1744 1765 1812 X
1806 1754 1995 1810 victor
2032 1752 2190 1810 Sulla
2230 1753 2571 1824 sustulerat,

515 1862 897 1926 cognoscente
931 1850 1006 1909 de
1049 1852 1308 1928 pecuniis
1349 1850 1689 1929 repetundis
1726 1852 1809 1906 M·
1832 1847 2151 1915 Glabrione
2196 1860 2476 1927 praetore,
2516 1861 2576 1907 et

516 1946 876 2022 amplissimis
921 1945 1254 2025 quibusque
1299 1948 1573 2006 senatorii
1616 1944 1839 2004 ordinis
1878 1943 2309 2022 judicantibus,
2354 1964 2575 2004 summa

513 2028 946 2121 exspectatione
985 2059 1353 2105 cunctorum.

593 2146 790 2199 Genus
819 2162 1005 2200 causae
1029 2142 1356 2201 honestum.
1385 2148 1581 2203 status
1613 2140 1909 2221 qualitatis
1931 2139 2232 2217 negotialis
2260 2159 2567 2219 compara-

519 2236 636 2294 tiva
683 2236 758 2295 de
799 2239 1208 2298 constituendo
1249 2252 1618 2312 accusatore,
1652 2238 1755 2316 qui
1794 2236 2155 2315 potissimum
2196 2235 2269 2294 de
2308 2236 2573 2309 duobu5‚

517 2346 618 2393 aut
643 2334 744 2411 qui
770 2335 1224 2394 solus·accuset:
1255 2336 1396 2395 dicit
1423 2338 1581 2395 enim‘
1603 2334 1887 2401 Caecilius,
1918 2346 2019 2391 aut
2038 2350 2072 2389 a
2100 2352 2162 2391 se
2186 2333 2572 2391 accusandum

515 2448 640 2491 esse
663 2438 936 2508 Verrem,
969 2447 1068 2493 aut
1096 2454 1130 2492 a
1154 2454 1216 2493 se
1243 2454 1506 2513 quoque.

577 2654 627 2687 a.
645 2642 801 2689 Gron.
823 2638 1082 2703 legendum
1109 2639 1320 2689 censuit:
1345 2660 1368 2683 α
1384 2638 1499 2703 quia
1526 2654 1631 2687 non
1658 2638 1719 2686 de
1744 2638 1876 2686 facto
1902 2636 2156 2715 queritur,
2181 2634 2269 2685 sed
2300 2634 2359 2684 de
2384 2636 2575 2698 futuro,

389 2752 400 2765 ·
503 2742 616 2791 qnoe
638 2737 710 2775 est
735 2726 974 2776 divinatio
999 2739 1049 2777 et
1072 2728 1358 2789 conjectura
1379 2749 1422 2776 n.
