2984 4684
781 402 897 471 IN
946 401 1387 472 VERREM
1434 402 1646 471 AcT.
1685 403 1802 487 11,
1851 403 2128 473 LIB.1.
2379 398 2508 471 33,

398 526 551 596 lum
582 523 883 594 veniret.
922 526 1087 595 Non
1119 525 1311 594 enim
1343 536 1589 619 potest
1613 522 1852 595 dicere
1887 551 1902 593 :
1952 525 2200 615 Quum
2235 521 2528 594 seditio-

399 657 573 705 nem
628 631 877 705 sedare
933 631 1187 703 vellem
1220 685 1240 720 ‚
1287 655 1518 729 quum
1567 631 2015 705 frumentum
2057 634 2488 731 imperarem
2510 686 2529 717 ‚

401 767 631 841 quum
686 740 1129 840 stipendium
1188 767 1555 839 cogerem,
1597 768 1830 840 quum
1881 741 2155 841 aliquid
2212 742 2528 841 denique

396 852 811 953 reipublicae
839 876 1052 925 causa
1078 875 1434 950 gererem;
1458 851 1662 949 quod
1685 854 1918 925 acrius
1943 853 2314 951 imperavi,
2331 849 2533 949 quod

400 964 904 1052 animadverti,
942 961 1145 1061 quod
1184 964 1504 1035 minatus
1545 988 1732 1035 sum.
1772 967 1949 1057 Quae
1988 964 2048 1033 si
2081 962 2387 1051 diceret,
2433 978 2535 1033 ta·-

398 1098 571 1146 men
604 1074 881 1173 ignosci
920 1098 1072 1144 non
1116 1088 1532 1171 oporteret,
1575 1076 1635 1145 si
1681 1076 1896 1145 nimis
1931 1074 2270 1144 atrociter
2311 1074 2533 1169 impe-

400 1182 632 1255 rando
650 1185 859 1255 sociis
874 1238 893 1271 ,
923 1186 1001 1254 in
1023 1197 1306 1254 tantum
1329 1182 1688 1255 adductus
1715 1183 2117 1281 periculum
2145 1180 2531 1254 videretur.

495 1297 823 1366 XXVIII.
879 1298 1092 1366 Nunc
1133 1318 1361 1391 quum
1407 1297 1566 1393 ipse
1603 1319 1892 1367 causam
1938 1294 2130 1365 illius
2179 1292 2534 1365 tumultus

402 1427 642 1502 neque
668 1429 911 1475 veram
942 1402 1179 1477 dicere
1201 1459 1222 1493 ,
1244 1429 1484 1503 neque
1513 1404 1762 1477 falsam
1789 1404 2209 1503 confingere
2237 1404 2534 1489 audeat;

403 1515 629 1586 homo
668 1529 908 1587 autem
934 1524 954 1559 ¹
998 1514 1273 1586 ordinis
1308 1518 1422 1587 sui
1464 1513 2020 1614 frugalissimus,
2060 1516 2191 1612 qui
2227 1528 2384 1585 tum
2413 1536 2532 1583 ac-

405 1636 709 1699 census²
754 1630 833 1697 C.
890 1626 1164 1698 Neroni
1225 1623 1399 1713 fuit,
1443 1628 1520 1697 P.
1566 1628 1848 1698 Tettius
1875 1681 1896 1712 ,
1954 1625 2107 1695 haec
2161 1622 2410 1695 eadem
2461 1646 2537 1693 se

402 1738 778 1834 Lampsaci
812 1760 1159 1835 cognosse
1194 1734 1496 1826 dixerit3
1540 1738 1648 1806 vir
1687 1735 2028 1807 omnibus
2063 1734 2284 1807 rebus
2328 1756 2538 1805 orna-

402 1845 720 1917 tissimus
760 1850 839 1917 C.
869 1850 1123 1934 Varr0,
1158 1847 1288 1944 qui
1330 1861 1487 1917 tum
1528 1848 1604 1916 in
1637 1847 1802 1918 Asia
1839 1846 2181 1918 tribunus
2226 1843 2536 1914 militum

406 1952 579 2041 fuit,
618 1953 773 2026 haec
809 1955 1061 2026 eadem
1097 1956 1253 2054 ipsa
1288 1981 1365 2027 se
1401 1982 1489 2029 ex
1519 1957 1942 2028 Philodamo
1982 1953 2264 2028 audisse
2309 1953 2532 2026 dicat:

402 2065 705 2162 potestis
726 2063 1093 2155 dubitare,
1130 2067 1313 2163 quin
1345 2068 1570 2139 istum
1595 2064 1891 2139 fortuna
1927 2091 2078 2137 non
2113 2080 2260 2136 tam
2297 2090 2385 2135 ex
2413 2063 2536 2133 illo

404 2174 729 2270 periculo
762 2175 1041 2271 eripere
1066 2174 1411 2263 voluerit,
1450 2202 1670 2275 quam
1705 2176 1793 2247 ad
1827 2191 2146 2248 vestrum
2182 2174 2538 2271 judicium

403 2285 811 2357 reservare?
840 2286 991 2357 Nisi
1017 2312 1191 2358 vero
1221 2286 1397 2358 illud
1422 2286 1644 2375 dicet,
1682 2286 1886 2384 quod
1917 2302 1990 2358 et
2018 2290 2094 2357 in
2125 2286 2541 2357 testimonio
2648 2337 2665 2347 -

407 2396 621 2467 Tettii
638 2449 657 2484 ,
683 2398 927 2493 priore
954 2397 1238 2467 actione
1261 2450 1281 2484 ,
1318 2398 1807 2496 interpellavit
1826 2396 1856 2439 ³
1883 2398 2314 2467 Hortensius
2341 2398 2538 2493 (quo

410 2520 737 2603 tempore
754 2509 785 2559 ⁴
820 2504 1119 2601 quidem
1150 2508 1338 2604 signi
1372 2507 1540 2577 satis
1567 2505 1799 2593 dedit,
1823 2507 1882 2577 si
1909 2507 2088 2602 quid
2109 2521 2316 2595 esset,
2337 2505 2540 2602 quod

477 2716 721 2765 xxvm.
754 2726 803 2761 1.
835 2710 1049 2761 Ordinis.
1085 2711 1425 2771 Libertorum3

410 2808 523 2841 nam
550 2808 865 2841 accensorum
888 2808 1067 2840 munus
1092 2792 1281 2840 libertis
1299 2790 1429 2840 defe-

1519 2722 1589 2760 tes
1626 2723 1966 2761 successerunt
1983 2748 1999 2771 ,
2030 2728 2144 2767 eum
2178 2713 2256 2761 his
2287 2714 2544 2763 consulum

1516 2802 1880 2856 praetorumque
1913 2792 2173 2851 ministris,
2203 2808 2356 2856 quum
2383 2803 2542 2840 tamen

408 2874 632 2921 rebatur:
666 2872 872 2921 libertus
896 2883 1059 2921 sutem
1082 2883 1187 2921 erat
1203 2873 1391 2921 Tettius
1412 2885 1426 2919 :

411 2963 461 3001 et
505 2955 691 3018 optime
714 2950 1034 3017 frugalitatis
1079 2968 1119 3002 s.
1165 2951 1429 3019 prpbitatis

410 3033 515 3082 laus
531 3034 651 3083 bule
679 3034 974 3084 decernitur.

482 3128 533 3161 2.
566 3113 828 3161 Accensus.
848 3112 979 3159 Olim
1000 3112 1055 3159 in
1080 3110 1251 3159 militia
1274 3125 1431 3159 roma-

410 3208 475 3240 na
499 3190 695 3239 accensi
722 3206 875 3254 genus
909 3204 1048 3240 erant
1079 3190 1315 3249 militum,
1344 3190 1433 3254 qui

412 3270 653 3319 defectum
678 3270 929 3333 legionum
955 3270 1258 3335 supplerent.
1286 3270 1432 3317 Dice·

411 3349 591 3397 bantur
622 3348 721 3395 alio
764 3350 961 3395 nomine
992 3347 1301 3413 adscripticii.
1336 3347 1433 3398 Sed

412 3426 664 3476 Ciceronis
696 3436 919 3489 tempore
958 3426 1155 3475 accensi
1188 3427 1433 3475 ministra-

411 3518 549 3556 tores
580 3506 837 3553 consulum
873 3516 924 3552 et
958 3518 1229 3569 praetorum
1265 3519 1433 3567 erant,

410 3596 464 3636 et
487 3585 549 3634 ab
577 3583 809 3632 aeeiendo
846 3584 1003 3632 dictos
1029 3596 1171 3649 putat
1186 3590 1345 3636 Varro
1373 3586 1434 3635 de

412 3666 553 3730 Ling.
581 3666 687 3713 Lat.
709 3664 783 3710 VI
802 3697 819 3725 ‚
860 3663 999 3727 quod
1036 3669 1282 3723 accirent,
1326 3666 1360 3714 i.
1388 3682 1432 3714 e.

410 3754 644 3795 vocarent
668 3743 735 3791 ad
760 3742 1083 3806 magistratus.
1106 3744 1241 3807 Quin
1268 3755 1318 3792 et
1347 3744 1433 3793 de-

411 3826 637 3874 curiones
654 3832 703 3871 et
723 3821 1030 3871 centuriones
1051 3822 1295 3871 habebant
1318 3839 1431 3872 suos

412 3919 667 3960 accensos,
684 3912 741 3951 ut
768 3912 960 3951 constat
980 3918 1041 3950 ex
1058 3903 1297 3950 Varronis
1318 3903 1432 3951 loeo

414 3982 543 4048 apud
587 3982 825 4031 Nonium.
862 3981 957 4029 Sed
992 3982 1235 4029 Asconius
1271 3992 1323 4031 et
1348 3983 1432 4031 alii

420 4062 557 4112 docti
571 4063 664 4110 viri
686 4060 997 4133 confundunt
1012 4076 1239 4109 accensos
1260 4064 1431 4111 veteris

421 4137 629 4202 militiae,
656 4140 708 4188 in
724 4157 931 4207 quorum
948 4140 1111 4190 locum
1133 4152 1301 4207 postea
1319 4142 1435 4190 veli·

1469 2926 1480 2935 ,
1517 2872 1616 2919 sint
1655 2870 1998 2930 diversissimi,
2035 2882 2085 2919 et
2127 2870 2298 2919 iisdem
2341 2873 2544 2920 omnino

1517 2951 1699 3017 quibus
1719 2952 2038 3019 apparitores,
2056 2952 2326 3016 fungantur
2347 2950 2542 2999 officiis.

1520 3030 1672 3094 Quod
1693 3042 1858 3095 aperte
1885 3030 2186 3079 demonstrat
2208 3030 2460 3079 Ciceronis
2475 3030 2545 3077 lo·

1521 3126 1608 3157 eus
1634 3110 1698 3159 ad
1721 3112 1894 3175 Quint.
1913 3114 1994 3160 Fr.
2016 3113 2067 3170 1,
2099 3126 2120 3157 1
2139 3124 2152 3157 :
2180 3110 2463 3157 «Accensus
2482 3110 2546 3157 sit

1521 3206 1584 3239 eo
1604 3191 1749 3239 etiam
1767 3207 1992 3250 numero,
2000 3206 2100 3255 quo
2113 3206 2226 3238 eum
2243 3191 2448 3251 majores
2459 3205 2548 3237 no-

1521 3270 1610 3317 stri
1627 3286 1730 3319 esse
1748 3270 2028 3333 voluerunt,
2051 3270 2138 3335 qui
2155 3270 2250 3317 hoc
2267 3285 2369 3317 non
2389 3269 2442 3317 in
2459 3269 2547 3317 be·-

1523 3346 1687 3397 neficii
1703 3349 1818 3397 loco
1830 3384 1844 3407 ,
1865 3349 1955 3397 sed
1975 3351 2025 3396 in
2045 3349 2228 3396 laboris
2246 3360 2296 3395 et
2315 3349 2544 3405 muneris,

1523 3444 1627 3476 non
1665 3439 1843 3477 temere
1880 3430 1974 3476 nisi
2010 3426 2196 3477 libertis
2232 3428 2333 3475 suis
2367 3427 2543 3476 defere-

1521 3506 1666 3565 bant,
1701 3508 1880 3571 quibus
1908 3507 1982 3555 illi
2011 3522 2112 3555 non
2145 3506 2306 3555 multo
2328 3521 2466 3554 secus
2488 3522 2545 3555 ac

1521 3588 1674 3634 servis
1687 3586 1990 3649 imperabant
1999 3582 2157 3634 ».Vid.
2177 3585 2374 3635 Salmas.
2397 3585 2458 3633 de
2475 3588 2548 3635 Re

1523 3665 1667 3713 milit.
1694 3666 1842 3715 Rom.
1883 3672 1960 3721 14.
2002 3666 2172 3729 Sigon.
2203 3664 2266 3713 de
2290 3668 2412 3714 Jure
2445 3666 2543 3715 civ.

1523 3744 1669 3791 Rom.
1683 3746 1763 3803 11,
1789 3760 1810 3791 ι
1823 3744 1870 3791 5.
1887 3744 2062 3792 Rosin.
2079 3745 2321 3807 Ant.V11,
2342 3745 2431 3802 48,
2452 3757 2546 3795 etc.

1595 3822 1644 3870 3.
1694 3823 2039 3887 Interpellavit.
2077 3824 2443 3889 Interpellando
2499 3838 2548 3875 et

1522 3901 1857 3967 redarguendo
1871 3903 2018 3950 Tettii
2032 3904 2380 3965 testimonium,
2393 3904 2545 3955 dixit:

1525 3982 1648 4030 adeo
1695 3982 1868 4029 malam
1926 3982 2072 4029 fuisse
2111 3983 2382 4033 Philodami
2434 4002 2550 4034 cau·

1525 4078 1624 4109 snm
1639 4096 1654 4119 ‚
1683 4073 1737 4110 ut
1757 4078 1784 4109 a
1803 4063 1858 4111 C.
1875 4060 2073 4110 Nerone
2097 4063 2162 4111 sit
2185 4063 2453 4113 damnatus.

1602 4150 1646 4197 4.
1679 4141 1786 4204 Quo
1815 4152 2044 4206 tempore.
2063 4144 2203 4193 Tunc
2235 4156 2394 4192 autem
2433 4147 2546 4193 satis
