2984 4684
797 388 1179 461 ORATIO
1226 392 1434 461 PRO
1483 392 1553 461 S.
1597 388 2001 461 ROSCIO.
2371 410 2460 483 9¹

348 514 667 613 privarit3
710 533 949 608 quum,
976 513 1191 581 etiam
1220 508 1407 583 seras
1424 521 1483 554 ¹¹
1525 513 1717 581 inter
1751 534 1906 583 sese
1935 520 2224 609 partus,
2251 522 2473 607 atque

347 622 707 710 educatio,
750 634 825 692 et
859 634 1117 693 natura
1147 624 1301 721 ipsa
1334 622 1692 693 conciliet.

424 735 686 805 XXIII.
716 736 883 805 Non
910 734 1009 803 ita
1029 733 1275 803 multis
1300 746 1469 805 ante
1499 734 1736 820 annis,
1759 733 1992 818 aiunt,
2009 734 2095 801 T.
2115 728 2430 802 Coelium
2447 738 2468 775 ¹

344 841 726 941 quemdam
747 846 1335 915 Tarracinensem
1358 897 1379 933 ‚
1403 842 1783 915 hominem
1817 865 1968 913 non
1997 838 2398 911 obscurum
2418 848 2476 927 ²,

342 978 565 1051 quum
584 968 915 1027 coenatus
933 950 1263 1025 cubitum
1289 956 1366 1025 in
1394 954 1594 1026 idem
1621 952 1962 1025 conclave
1989 975 2158 1025 cum
2184 950 2478 1025 duobus

342 1062 915 1137 adolescentibus
941 1063 1109 1136 filiis
1148 1068 1357 1153 isset,
1390 1069 1776 1139 inventum
1817 1088 1970 1136 esse
2015 1087 2228 1137 mane
2255 1063 2478 1160 jugu-

341 1173 583 1245 latum.
607 1177 857 1266 Quum
880 1197 1125 1272 neque
1152 1199 1403 1247 servus
1426 1177 1820 1275 quisquam
1847 1177 2311 1274 reperiretur,
2343 1198 2476 1245 ne-

341 1308 479 1383 que
513 1283 725 1373 liber,
758 1284 850 1355 ad
884 1310 1109 1383 quem
1142 1309 1226 1357 ea
1256 1290 1578 1385 suspicio
1609 1289 2039 1385 pertineret3
2083 1280 2208 1355 id³
2251 1286 2480 1353 aetatis

340 1405 581 1464 autem
615 1391 763 1465 duo
794 1392 927 1465 filii
972 1410 1276 1493 propter
1308 1396 1662 1469 cubantes
1705 1421 1800 1468 ne
1833 1397 2140 1467 sensisse
2173 1392 2478 1491 quidem

340 1528 411 1575 se
434 1502 797 1577 dicerent:
826 1508 1125 1578 nomina
1146 1503 1471 1578 filiorum
1492 1505 1586 1579 de
1611 1488 2001 1604 parricidio
2021 1503 2254 1577 delata
2279 1517 2474 1575 sunt.

340 1613 537 1705 Quid
578 1630 831 1713 postea
848 1614 921 1685 ⁴?
966 1630 1120 1688 erat
1144 1640 1318 1689 sane
1362 1619 1846 1715 suspiciosum
1869 1670 1890 1704 ‚
1923 1629 2269 1687 neutrum
2319 1637 2481 1683 sen-

340 1725 543 1811 sisse3
567 1748 827 1795 ausum
867 1739 1113 1797 autem
1142 1750 1296 1797 esse
1330 1750 1777 1824 quemquam
1809 1752 1885 1799 se
1915 1730 1993 1797 in
2025 1724 2104 1797 id
2135 1723 2478 1797 conclave

340 1836 826 1922 committere,
866 1859 956 1906 eo
994 1838 1458 1933 potissimum
1511 1852 1840 1936 tempore
1864 1890 1887 1924 ,
1925 1860 2160 1934 quum
2203 1832 2479 1905 ibidem

338 1958 578 2015 essent
609 1942 760 2015 duo
792 1943 1289 2017 adolescentes
1316 1945 1486 2035 filii,
1541 1950 1671 2045 qui
1703 1960 1779 2018 et
1807 1947 2078 2017 sentire
2120 1956 2196 2015 et
2234 1939 2483 2014 defen·

336 2050 508 2125 dere
549 2052 756 2125 facile
797 2069 1117 2152 possent.
1147 2059 1319 2127 Erat
1345 2080 1570 2155 porro
1598 2081 1846 2145 nemo,
1871 2058 1950 2127 iu
1991 2078 2215 2151 quem
2247 2076 2332 2124 ea
2365 2077 2486 2123 su·

336 2165 567 2263 spicio
584 2166 1025 2236 conveniret.
1043 2170 1313 2239 Tamen
1334 2192 1570 2263 quum
1592 2167 1894 2264 planum
1906 2162 2282 2263 judicibus
2297 2176 2486 2235 esset

336 2272 639 2362 factum,
664 2288 917 2374 aperto
940 2278 1157 2364 ostio,
1188 2274 1634 2349 dormientes
1662 2302 1788 2349 eos
1811 2290 2140 2375 repertos
2172 2298 2351 2358 esse,
2368 2274 2487 2370 ju-

336 2382 529 2457 dicio
553 2383 867 2457 absoluti
894 2385 1415 2475 adolescenteS‚
1442 2401 1518 2459 et
1543 2388 1958 2484 suspicione
1979 2387 2182 2457 omni
2203 2381 2486 2455 liberati

336 2515 531 2571 sunt.
563 2504 797 2573 Nemo
817 2504 1013 2572 enim
1036 2499 1365 2599 putabat,
1390 2525 1840 2600 quemquam
1865 2524 2044 2587 esse,
2070 2502 2228 2596 qui,
2250 2522 2486 2595 quum

336 2614 592 2683 omnia
618 2609 873 2683 divina
900 2626 1120 2710 atque
1147 2609 1471 2682 humana
1501 2612 1669 2708 jura
1708 2609 1980 2681 scelere
2011 2606 2290 2679 nefario
2331 2605 2491 2705 pol-

336 2721 632 2811 luisset,
663 2746 1009 2793 somnum
1040 2724 1281 2793 smtim
1312 2746 1571 2821 capere
1602 2722 1960 2819 potuisset
1980 2716 2052 2806 ⁵3
2099 2730 2490 2816 propterea

336 2829 550 2929 quod
598 2834 729 2927 qui
776 2844 1065 2902 tantum
1118 2828 1401 2903 facinus
1452 2832 2010 2917 commiserunt,
2061 2853 2213 2899 non
2265 2825 2488 2899 modo

334 2944 497 3013 sine
522 2964 703 3012 cura
732 2944 1107 3039 quiescere
1127 2995 1147 3031 ‚
1182 2940 1313 3014 sed
1339 2966 1434 3013 ne
1466 2944 1740 3041 spirare
1764 2937 2068 3036 quidem
2096 2940 2252 3009 sine
2283 2950 2488 3007 metu

331 3066 674 3151 possunt.

436 3166 693 3233 XXIV.
730 3160 1141 3251 Videtisne,
1187 3171 1415 3261 quos¹
1465 3160 1681 3233 nobis
1715 3174 1946 3261 poetae
1995 3155 2490 3244 tradiderunt,

414 3363 439 3395 1
455 3364 501 3397 ι.
558 3348 719 3411 Quam
763 3344 915 3395 etiam
942 3346 1105 3413 seras.
1145 3346 1267 3396 vid.
1312 3346 1375 3395 de
1536 3355 1590 3404 Ι..
1629 3346 1983 3411 Quidpoeoea)
2002 3343 2150 3393 Varie
2173 3340 2352 3404 legitur
2376 3339 2428 3387 h.
2455 3337 2494 3385 1.

335 3425 495 3477 offic.
522 3429 580 3488 1,
617 3434 669 3482 4·
1462 3426 1518 3473 in
1537 3424 1694 3484 MSS,
1721 3424 1778 3473 in
1810 3428 2022 3489 quorum
2048 3436 2152 3469 uno
2185 3430 2295 3469 est.
2329 3415 2492 3481 «quid

410 3508 617 3557 xxm.
650 3522 671 3553 1
684 3541 697 3554 .
725 3507 778 3553 Τ.
810 3504 1027 3555 coelium.
1048 3506 1287 3569 Sunt-qui
1310 3505 1377 3554 lo-
1463 3515 1661 3568 poternt
1697 3505 1826 3551 enim
1859 3512 1958 3550 tam
1994 3499 2322 3566 suspiciosum
2359 3512 2494 3553 esse,

334 3596 462 3648 gant
492 3608 521 3631 α
540 3586 605 3635 Τ.
632 3584 863 3634 OEoelium
883 3607 941 3647 ιι,
975 3594 1033 3633 ut
1051 3584 1185 3650 apud
1207 3584 1370 3633 Valet.
1462 3592 1550 3631 aut
1576 3593 1804 3631 neum
1831 3582 2052 3639 semiue,
2074 3590 2162 3629 aut
2177 3592 2398 3625 amum»
2400 3590 2416 3635 ς
2441 3574 2496 3623 in

334 3665 482 3715 Μαι.
504 3667 595 3729 qui
612 3675 767 3713 totam
792 3664 919 3713 hanc
940 3664 1267 3713 narrationem
1293 3664 1378 3713 de·
1463 3662 1641 3722 altero,
1659 3685 1686 3705 κ
1700 3661 1838 3726 quod
1862 3671 2057 3726 poterat
2079 3657 2196 3707 ntis
2213 3672 2316 3706 enne
2341 3654 2499 3718 mpi-

336 3744 587 3809 wmpsit‚
602 3744 757 3805 vm,
788 3759 839 3805 ι,
868 3741 950 3795 13.
1466 3742 1688 3800 ciosum,
1711 3750 1797 3789 ant
1827 3750 2055 3789 neutrum
2071 3773 2086 3797 ‚
2110 3748 2205 3785 etc.
2223 3758 2248 3778 ι·
2269 3735 2496 3786 (ictorum

412 3838 471 3871 2.
502 3825 623 3871 Non
659 3822 939 3873 obscurum.
967 3825 1029 3871 In
1066 3824 1225 3887 patri·
1239 3857 1255 3882 ,
1292 3824 1381 3872 sed
1466 3820 1593 3869 nihil
1607 3820 1674 3869 ad
1692 3836 1906 3881 nusum,
1922 3818 2008 3881 qui
2025 3834 2114 3881 per
2131 3832 2182 3864 se
2203 3825 2355 3880 patet.

336 3902 521 3949 Romae
546 3902 870 3967 incognitum,
895 3912 953 3950 ut
970 3901 1197 3950 exverbo
1219 3918 1383 3967 quem-
1542 3901 1594 3949 5.
1615 3902 1805 3948 Ernest.
1814 3908 2002 3964 posset.
2023 3899 2056 3946 J
2061 3896 2151 3945 .V.
2177 3896 2237 3944 L.

338 3978 471 4028 dam
487 3993 705 4047 apparet.
1538 3980 1731 4027 xm.
1757 3992 1801 4025 1.
1831 3978 1982 4040 Quos.
2003 3978 2228 4025 Orestem
2250 3972 2495 4034 designat,

424 4060 481 4109 3.
520 4062 586 4110 1d
604 4059 784 4110 oetatis.
820 4060 889 4109 Ea
917 4072 1076 4112 aetate.
1106 4062 1273 4111 Gracc
1300 4060 1379 4111 lo·
1467 4060 1554 4125 qui
1577 4058 1631 4107 in
1657 4057 1810 4123 putris
1833 4056 2099 4114 ultionem,
2125 4062 2326 4103 matrem
2344 4051 2496 4098 inter·

340 4142 492 4189 cutio
512 4141 649 4208 apud
666 4142 865 4190 Latinos
883 4141 1073 4189 usitata.
1468 4139 1615 4203 fecit3
1646 4148 1694 4186 et
1713 4136 2066 4195 Alcmeonem,
2085 4132 2191 4199 qui,
2219 4131 2284 4179 ob
2313 4139 2500 4194 putrem
