2984 4684
254 460 985 486 mmmmm-”mm
997 458 2290 484 mmmmmmmmmmmV-ACM
2304 466 2393 485 “Q

755 676 1876 783 ARGUMENTUM.

250 930 317 983 C.
342 923 651 997 Quintius,
682 921 777 979 cui
807 921 989 979 multa
1022 934 1187 979 erant
1218 920 1279 978 in
1307 919 1494 978 Gallia
1519 919 1614 977 vel
1645 922 1885 999 propria
1904 964 1920 992 ,
1951 924 2044 997 vel
2073 924 2260 984 locata
2289 944 2397 1005 pa·-

328 1038 503 1088 scua,
528 1038 659 1077 cum
688 1022 816 1077 Sex.
836 1018 1069 1085 Naevio,
1106 1016 1244 1075 olim
1282 1036 1582 1095 praecone,
1614 1017 1947 1076 societatem
1973 1040 2171 1102 earum
2199 1042 2398 1084 rerum

332 1119 484 1177 fecit.
530 1122 675 1191 Quae
716 1112 962 1173 societas
996 1134 1177 1193 quum
1206 1134 1387 1173 annos
1406 1114 1530 1193 jam
1566 1117 1894 1194 complures
1933 1132 2107 1192 esset,
2149 1132 2208 1177 et
2243 1140 2397 1200 saepe

329 1215 607 1290 Quintius
670 1214 939 1273 Naevium
1002 1226 1335 1291 suspectum
1398 1212 1736 1282 habuisset,
1788 1214 2037 1272 moritur
2088 1220 2394 1295 repentino

330 1312 625 1387 Quintius,
646 1310 863 1369 herede
888 1310 1155 1368 instituto
1184 1311 1362 1369 fratre
1388 1316 1452 1369 P.
1478 1310 1750 1383 Quintio,
1779 1312 1879 1389 qui
1908 1317 2107 1371 Romae
2132 1334 2394 1375 commo—

328 1408 590 1467 rabatur.
619 1411 675 1466 ls
696 1426 804 1466 nec
834 1409 915 1465 ita
936 1407 1121 1465 multo
1154 1419 1287 1484 post
1312 1407 1410 1485 (A.
1433 1412 1511 1467 U.
1539 1410 1602 1465 C.
1623 1408 1763 1485 669)
1797 1408 1858 1465 in
1885 1409 2128 1469 Galliam
2159 1412 2397 1489 profici-

326 1508 543 1577 scitur-3
572 1504 657 1563 ibi
690 1524 907 1563 annum
944 1506 1065 1563 sere
1094 1524 1225 1562 cum
1254 1506 1457 1563 Naevio
1497 1504 1861 1563 familiariter
1883 1508 2026 1565 vivit
2038 1530 2054 1579 3
2111 1522 2168 1567 et
2209 1530 2392 1587 quum

326 1605 485 1662 inter
518 1623 579 1663 se
610 1604 794 1660 multa
834 1602 909 1661 de
950 1602 1226 1660 societate
1266 1602 1794 1676 communicarent,
1845 1622 2161 1682 numquam
2203 1618 2396 1665 tamen

329 1700 569 1761 Naevius
593 1699 846 1767 monuit,
883 1711 984 1756 aut
1012 1698 1345 1757 societatem
1367 1697 1477 1756 sibi
1513 1698 1830 1777 quidquam
1867 1699 2080 1769 debere
2099 1750 2116 1777 ‚
2139 1715 2239 1761 ant
2264 1705 2394 1782 pri-

329 1798 511 1857 vatim
532 1800 598 1855 C.
624 1795 929 1869 Quintium
950 1792 1237 1853 debuisse.
1260 1796 1388 1852 Imo
1416 1814 1597 1873 quum
1627 1814 1661 1853 a
1687 1801 1750 1854 P.
1771 1797 2014 1870 Quintio
2035 1800 2395 1877 aliquantum

330 1896 461 1955 aeris
485 1894 659 1953 alieni
681 1899 881 1952 Romae
908 1904 1056 1951 esset
1082 1893 1345 1951 relictum
1360 1935 1377 1965 ,
1400 1898 1532 1953 Sex.
1545 1894 1777 1952 Naevius
1795 1896 2099 1972 pecuniam
2123 1897 2178 1955 ei
2200 1899 2394 1971 offert,

330 2012 507 2072 quam
548 2006 611 2050 nt
653 2009 1020 2049 communem
1068 1990 1380 2062 existimet,
1417 1990 1691 2049 hortatur
1729 2008 1840 2069 pro
1875 1993 2055 2050 veteri
2097 2014 2228 2051 cum
2269 1996 2394 2073 ejus

334 2090 513 2147 fratre
539 2088 680 2147 Caio
708 2088 981 2145 societate
1009 2106 1076 2144 ac
1104 2087 1286 2165 ipsius
1314 2087 1599 2146 affinitate
1625 2109 1638 2143 :
1681 2106 1816 2145 nam
1837 2092 1904 2169 P..
1931 2090 2158 2161 Quintii
2184 2110 2394 2149 conso-

334 2190 563 2248 brinam
588 2186 845 2246 habebat
877 2187 937 2244 in
965 2186 1335 2245 matrimonio
1360 2187 1594 2247 Naevius
1611 2228 1627 2255 ,
1658 2196 1720 2244 et
1749 2206 1824 2244 ex
1849 2206 1918 2245 ea
1940 2186 2174 2247 liberos.
2199 2191 2396 2263 Quin-

334 2288 449 2346 tius
474 2287 657 2365 igitur
692 2284 912 2343 auxilio
948 2283 1131 2343 Naevii
1172 2282 1353 2341 fretus
1394 2289 1640 2342 Romam
1676 2283 1861 2355 redit,
1910 2284 2299 2347 creditoribus
2336 2310 2397 2348 se

334 2398 497 2443 certo
526 2382 621 2440 die
646 2380 975 2440 soluturum
1002 2380 1327 2458 promittit3
1364 2380 1628 2439 Naevium
1663 2380 1974 2439 certiorem
2019 2382 2184 2455 facit,
2229 2400 2399 2463 rogat

334 2495 400 2540 nt
424 2480 539 2539 sibi
563 2491 731 2537 curet
756 2477 917 2557 quod
946 2476 1206 2535 dixisset.
1224 2482 1375 2535 Tum
1414 2477 1514 2535 ille
1551 2496 1734 2536 assem
1771 2496 1840 2537 se·
1875 2494 2046 2557 negat
2087 2480 2391 2555 daturum,

334 2579 443 2637 nisi
470 2577 637 2656 prius
664 2574 739 2633 de
764 2573 941 2632 rebus
974 2572 1411 2651 rationibusque
1442 2575 1732 2632 societatis
1760 2575 2086 2633 decidisset.
2131 2579 2394 2636 Destitu—

336 2678 492 2735 tione
522 2674 623 2733 illa
659 2673 961 2751 perculsus
988 2672 1289 2744 Quintius,
1318 2690 1437 2728 non
1481 2670 1604 2729 sine
1647 2672 1906 2749 pecuniae
1939 2672 2204 2749 jactura,
2237 2674 2395 2733 bona

336 2772 603 2851 quaedam
634 2770 693 2829 in
730 2770 917 2829 Gallia
948 2769 1177 2841 vendit,
1218 2766 1606 2829 creditoribus
1635 2768 1924 2841 dissolvit3
1959 2770 2229 2848 ultroque
2257 2778 2396 2831 Νεε-

337 2872 493 2928 vium
524 2869 809 2947 appellat,
838 2851 899 2924 ut
922 2867 969 2925 si
992 2866 1133 2944 quid
1160 2882 1310 2925 esset
1340 2866 1750 2924 controversiae
1776 2886 1884 2945 per
1908 2866 2157 2927 arbitros
2187 2872 2396 2929 transi-

338 2982 511 3045 geret.
540 2972 659 3023 Dat
685 2966 791 3022 iste
818 2965 1065 3023 amicum
1085 2962 1439 3022 Trebellium
1464 2986 1477 3020 ε
1515 2963 1792 3037 Quintius
1821 2982 2184 3023 communem
2211 2986 2400 3027 neces-

338 3064 584 3135 sarium,
612 3078 897 3138 suumque
926 3063 1321 3138 propinquum
1368 3063 1500 3119 Sex.
1541 3060 1892 3138 Alphenum.
1931 3060 2042 3120 Sed
2087 3080 2266 3139 quum
2305 3084 2398 3123 res

340 3178 443 3238 per
467 3159 723 3217 arbitros
754 3170 1001 3236 propter
1018 3158 1203 3215 Naevii
1232 3156 1536 3214 avaritiam
1567 3157 1880 3215 convenire
1911 3178 2028 3215 non
2057 3173 2281 3237 posset,
2303 3182 2396 3219 res

340 3278 457 3317 esse
494 3258 554 3315 in
588 3256 925 3314 vadimonio
966 3254 1175 3333 coepit,
1209 3254 1247 3316 i.
1273 3274 1325 3311 e.
1358 3254 1507 3311 alter
1541 3253 1786 3312 alterum
1820 3255 1880 3312 in
1909 3255 2006 3332 jus
2033 3258 2295 3329 vocavit,
2338 3272 2398 3317 et

342 3370 540 3413 mutuo
564 3368 727 3412 certo
754 3352 849 3411 die
877 3372 937 3411 se
966 3365 1178 3432 praesto
1205 3352 1429 3411 futuros
1453 3353 1865 3431 promiserunt.
1889 3358 2055 3411 Tunc
2086 3372 2226 3411 vero
2256 3360 2396 3414 Νω-

342 3456 465 3513 vius
498 3456 583 3512 ait
622 3472 687 3511 se
724 3453 1119 3511 auctionatum
1152 3452 1213 3510 in
1240 3451 1457 3521 Gallia,
1484 3472 1716 3511 curasse
1741 3472 1816 3510 ne
1843 3451 1986 3529 quid
2019 3450 2130 3509 sibi
2145 3452 2267 3528 jam
2295 3473 2396 3512 so-

344 3552 511 3611 cietas
540 3549 812 3609 deberet:
838 3552 897 3605 P.
923 3549 1214 3622 Quintius,
1248 3562 1375 3606 acta
1396 3550 1590 3607 omnia
1611 3562 1803 3621 ratus,
1836 3550 1899 3605 in
1931 3548 2176 3607 Galliam
2206 3552 2392 3627 proii-

348 3652 606 3720 ciscitur3
642 3668 818 3727 quem
840 3646 947 3705 ‘ubi
982 3649 1307 3725 profectum
1352 3646 1516 3705 audit
1549 3648 1804 3714 Naevius,
1829 3646 2045 3703 amicos
2082 3663 2394 3722 convocat,

350 3748 679 3806 testificatur
723 3764 757 3803 a
805 3745 1049 3817 Quintio
1094 3742 1385 3801 desertum
1425 3742 1854 3814 vadimonium,
1901 3755 1960 3800 et
1995 3760 2029 3799 a
2068 3742 2394 3803 Burrhieno

350 3856 589 3921 praetore
612 3840 887 3919 postulat,
917 3853 983 3897 ut
1013 3858 1083 3899 ex
1118 3840 1309 3897 edicto
1345 3838 1501 3898 bona
1535 3840 1656 3916 ejus
1699 3836 1997 3916 possidere
2034 3837 2218 3898 liceat.
2243 3844 2393 3900 Nam

353 3944 445 4017 qui
474 3939 865 3999 vadimonium
896 3937 1323 4009 destituissent,
1356 3937 1598 3994 infames
1619 3946 1811 4006 erant,
1837 3946 1896 3991 et
1922 3936 1980 3992 in
2010 3952 2212 3993 eorum
2237 3936 2394 3997 bona

354 4036 661 4097 creditores
704 4056 775 4095 ex
813 4034 1003 4093 edicto
1046 4022 1323 4113 praetoris
1359 4034 1764 4105 mittebantur3
1816 4052 2002 4111 eaque
2038 4034 2086 4092 si
2127 4051 2236 4111 per
2270 4034 2395 4091 dies

356 4154 465 4193 xxx
500 4154 760 4214 possessa
797 4146 1012 4207 essent,
1056 4134 1138 4193 eis
1174 4132 1614 4193 addicebantur.
1665 4133 1905 4192 Naevius
1945 4132 2128 4211 igitur
2171 4132 2399 4205 Quintii

2107 4253 2162 4297 1.
