2984 4684
485 306 616 377 128
1111 310 1208 377 M.
1259 305 1336 376 T.
1392 243 1975 376 CIClilRONIS

473 427 776 500 consilio
812 441 887 498 et
932 427 1241 526 imperio
1283 441 1358 499 et
1399 423 1741 497 felicitate
1787 429 1865 496 L.
1904 425 2119 496 Sullae
2140 479 2160 514 ,
2205 441 2403 524 gesta
2457 452 2612 501 esse

469 539 816 636 intelligO.
849 537 1070 630 Quod
1104 535 1688 608 animadversum
1722 549 1831 606 est
1858 537 1935 605 in
1970 559 2095 606 eos
2116 589 2135 624 ‚
2177 539 2307 633 qui
2354 553 2611 610 contra

470 653 674 722 omni
711 651 992 721 ratione
1036 661 1462 746 pugnarunt
1485 700 1508 736 ‚
1550 670 1701 717 non
1747 643 1982 717 debeo
2025 646 2607 744 reprehendere:

471 757 677 857 quod
701 762 873 830 viris
898 757 1237 847 fortibuS‚
1265 782 1585 856 quorum
1607 781 1831 856 opera
1856 759 2118 828 eximia
2142 758 2219 827 in
2248 756 2467 830 rebus
2494 783 2613 856 ge-

467 868 712 940 rendis
743 871 1056 957 exstitit,
1095 869 1331 940 honos
1372 867 1667 940 habitus
1700 883 1845 957 est,
1876 867 2138 940 laudo:
2174 893 2337 966 quae
2372 886 2454 941 ut
2484 869 2611 941 fie-

464 993 632 1050 rent
645 981 702 1067 ⁴,
741 977 1015 1050 idcirco
1055 993 1464 1077 pugnatum
1514 1003 1667 1050 esse
1698 977 2037 1068 arbitror,
2077 1004 2343 1077 meque
2392 983 2469 1051 in
2520 1005 2609 1052 eo

465 1089 708 1162 studio
751 1093 1066 1189 partium
1099 1088 1319 1161 fuisse
1354 1087 1728 1161 confiteor.
1782 1092 1905 1160 Sin
1951 1105 2195 1162 autem
2242 1090 2319 1160 id
2362 1107 2607 1163 actum

465 1215 574 1271 est
589 1255 608 1290 ‚
636 1214 709 1271 et
733 1199 1006 1271 idcirco
1025 1224 1224 1271 arma
1243 1214 1534 1298 sumpta
1556 1215 1752 1288 sunt,
1784 1214 1869 1270 ut
1894 1198 2231 1272 homines
2259 1205 2609 1299 postremi

461 1314 794 1409 pecuniis
823 1311 1077 1383 alienis
1107 1310 1752 1408 locupletarentur,
1784 1324 1859 1381 et
1890 1311 1969 1379 in
1996 1308 2327 1384 fortunas
2359 1313 2613 1382 unius·

463 1423 822 1520 cujusque
855 1425 1210 1519 impetum
1244 1420 1564 1492 facerent
1586 1473 1605 1507 ,
1642 1434 1717 1491 et
1758 1418 1836 1491 id
1868 1444 2021 1491 non
2062 1421 2285 1493 mod'o
2324 1447 2402 1492 re
2435 1446 2609 1520 pro-

461 1532 715 1605 hibere
757 1556 908 1603 non
950 1531 1158 1620 licet,
1207 1528 1335 1602 sed
1389 1555 1484 1601 ne
1527 1528 1768 1600 verbis
1806 1527 2111 1627 quidem
2144 1533 2553 1629 vituperare
2588 1557 2607 1599 z

463 1658 622 1714 tum
649 1660 844 1714 ‘vero
874 1645 952 1712 in
985 1645 1126 1716 isto
1159 1639 1357 1712 bello
1390 1663 1543 1711 non
1578 1653 1943 1712 recreatus
1964 1694 1986 1729 ‚
2028 1665 2273 1738 neque
2316 1645 2608 1712 restitu-

461 1767 582 1822 tus
604 1804 624 1839 ,
655 1749 785 1822 sed
821 1748 1164 1822 subactus
1196 1773 1735 1848 oppressusque
1760 1751 2082 1848 populus
2110 1775 2452 1824 romanus
2476 1765 2607 1822 est.

459 1863 736 1931 Verum
763 1860 982 1958 longe
1009 1861 1214 1932 aliter
1241 1874 1385 1949 est3
1415 1858 1601 1930 nihil
1626 1859 1895 1932 horum
1924 1875 2033 1932 est
2052 1915 2073 1950 ‚
2098 1861 2419 1958 judices:
2452 1886 2608 1932 non

461 1971 686 2042 modo
728 1996 881 2042 non
923 1972 1224 2044 laedetur
1264 1994 1476 2042 causa
1512 1969 1953 2060 nobilitatis,
1997 1973 2057 2042 si
2091 1974 2249 2043 istis
2288 1971 2609 2042 homini-

457 2078 600 2153 bus
631 2084 1009 2171 resistetis,
1043 2105 1298 2153 verum
1331 2084 1550 2153 etiam
1582 2081 1988 2153 ornabitur.
2150 2075 2153 2078 ⁴

552 2195 874 2263 XLVIII.
909 2193 1194 2262 Etenim
1231 2195 1364 2289 qui
1395 2191 1587 2262 haec¹
1618 2195 2029 2291 vituperare
2060 2192 2355 2280 volunt,
2384 2191 2613 2289 Chry-

457 2325 820 2397 sogonum
869 2315 1154 2372 tantum
1197 2325 1410 2400 posse
1452 2319 1909 2400 queruntur3
1962 2305 2092 2401 qui
2133 2301 2427 2374 laudare
2474 2328 2617 2375 vo·-

457 2411 656 2501 lunt,
706 2436 1136 2483 concessum
1178 2416 1243 2482 ei
1293 2436 1444 2483 non
1487 2437 1642 2486 esse
1688 2427 2282 2484 commemorant.
2326 2417 2429 2485 Ac
2455 2413 2607 2510 jam

459 2523 644 2594 nihil
681 2537 826 2612 est,
873 2521 1078 2620 quod
1128 2527 1519 2621 quisquam
1560 2539 1690 2594 aut
1738 2539 1883 2596 tam
1918 2523 2182 2595 stultus
2204 2531 2261 2612 ²,
2292 2539 2421 2594 aut
2458 2539 2609 2595 tam

456 2632 838 2731 improbus
869 2636 962 2705 sit
984 2688 1003 2722 ‚
1034 2636 1163 2731 qui
1199 2633 1423 2724 dicat,
1451 2664 1484 2699 t<
1512 2634 1793 2706 Vellem
1818 2632 2116 2731 quidem
2146 2633 2398 2705 liceret
2416 2689 2437 2721 ,
2464 2633 2609 2706 hoc

454 2773 489 2808 «
514 2742 850 2814 dixissem
869 2775 924 2814 n.
969 2746 1184 2816 Dicas
1208 2744 1400 2816 licet.
1428 2775 1462 2810 ε(
1486 2750 1644 2816 Hoc
1674 2743 2022 2816 fecissem.
2044 2775 2079 2811 >³
2127 2747 2368 2816 Facias
2394 2745 2605 2816 licet:

454 2875 674 2922 nemo
709 2853 1075 2952 prohibet.
1123 2885 1158 2920 α
1178 2860 1334 2927 Hoc
1364 2854 1865 2927 decrevissem.
1891 2887 1925 2922 n
1978 2860 2307 2927 Decerne
2330 2909 2349 2943 ,
2380 2852 2607 2926 modo

453 2977 690 3033 recte:
733 2987 988 3035 omnes
1027 2963 1567 3063 approbabunt.
1608 2995 1641 3028 a
1670 2971 1825 3036 Hoc
1855 2963 2317 3062 judicassem.
2346 2995 2381 3031 a>
2416 2970 2605 3036 Lau-

453 3071 738 3146 dabunt
763 3099 1056 3164 omneS,
1093 3079 1150 3146 si
1185 3073 1425 3148 recte3
1456 3091 1531 3148 et
1561 3074 1820 3147 ordine
1848 3074 2217 3173 judicaris.
2254 3081 2450 3150 Dum
2481 3099 2609 3148 ne·

525 3340 574 3389 4.
610 3330 731 3394 Qua:
757 3340 810 3378 ue
822 3329 1026 3398 fierent.
1053 3332 1125 3380 Ut
1151 3329 1288 3379 domi
1316 3331 1478 3396 digni·
1564 3333 1877 3396 quasitot-em
1928 3347 1987 3382 ac
2042 3332 2305 3398 praesidem
2360 3332 2605 3398 pertinere

454 3419 526 3458 tas
538 3445 552 3470 ,
575 3410 695 3457 foris
713 3410 980 3460 auctoritas
997 3410 1301 3459 retineretur.
1564 3413 1773 3461 maxime
1800 3411 2047 3460 videntur.

521 3491 750 3538 XLVIII.
780 3507 824 3537 x.
847 3491 981 3539 Hoec.
1000 3489 1146 3538 Suuae
1167 3491 1440 3541 victoriam.
1639 3492 1689 3539 3.
1734 3491 1915 3539 Melius
1962 3491 2090 3540 sorte
2132 3491 2352 3550 ratione,
2388 3501 2447 3540 ut
2490 3492 2608 3540 cod.

523 3585 576 3619 a.
608 3570 806 3619 Stultus.
841 3571 943 3632 Qui
977 3585 1082 3618 non
1120 3569 1381 3618 metuenda
1419 3569 1480 3618 ti-
1567 3569 1865 3620 Liucoln.et
1886 3569 1966 3620 ed.
1982 3573 2157 3620 Venet.
2178 3572 2309 3622 LV.
2330 3574 2386 3620 L.
2420 3598 2489 3607 -
2516 3573 2611 3621 Ce-

452 3648 942 3713 meat.—1mprobus.
967 3649 1068 3712 Qui
1093 3646 1244 3712 fingat
1271 3659 1478 3706 metum,
1570 3660 1728 3697 terum
1748 3660 1916 3697 “recte
1933 3660 1983 3698 et
1999 3649 2209 3698 ordine»
2228 3649 2359 3698 idem
2378 3661 2452 3698 est
2468 3649 2611 3714 quod

455 3737 509 3774 ut
535 3726 758 3790 improbe
781 3728 986 3789 judicet.
1025 3731 1145 3776 Haec
1176 3727 1368 3790 judices
1403 3728 1481 3775 sui
1570 3742 1673 3775 uon
1715 3739 2015 3792 praepostere
2034 3765 2050 3790 ,
2090 3745 2141 3778 re
2186 3741 2327 3778 ante·
2374 3731 2571 3793 cognita
2586 3763 2609 3790 ,

453 3803 607 3854 officii
628 3805 919 3866 admonent,
943 3807 1123 3873 quibus
1139 3808 1349 3856 liberum
1376 3824 1479 3856 esse
1566 3808 1714 3867 juste.
1756 3810 1997 3856 Praeterea
2042 3809 2249 3857 formula
2292 3821 2395 3858 erat
2430 3825 2611 3874 appro-

453 3884 678 3944 affirmat,
692 3901 801 3950 que
823 3889 1032 3935 sentiant
1050 3887 1230 3936 dicere.
1253 3887 1350 3934 Sed
1367 3903 1479 3950 quae
1570 3885 1795 3935 bantium
1822 3897 1873 3934 et
1897 3887 2203 3938 laudantium
2222 3919 2240 3948 ,
2279 3905 2377 3952 qua
2410 3899 2609 3936 seuam

453 3966 516 4014 de
539 3965 845 4014 decernendo
871 3965 1109 4030 quuitur,
1128 3977 1178 4014 et
1195 3967 1482 4030 magistratu
1571 3966 1793 4028 quotidie
1819 3967 2049 4016 utebatur
2064 4001 2080 4027 ,
2118 3979 2173 4016 ut
2198 3969 2505 4016 notissimum
2531 3977 2609 4014 est

453 4061 514 4094 ac
558 4045 931 4111 procuratione,
988 4046 1054 4094 nd
1112 4047 1190 4095 M.
1239 4045 1482 4094 Fannium
1572 4061 1635 4094 ex
1659 4047 1873 4097 Brissou.
1898 4047 2117 4096 Fon-mul.
2136 4049 2211 4106 11,
2236 4060 2355 4110 197.
