2984 4684
612 353 1138 424 APPENDIX
1184 355 1323 423 DE
1364 356 1578 426 JUD.
1624 355 2109 426 PRIVATIS.
2289 352 2414 452 57¹

1054 511 1599 580 ARTIGULUS
1643 515 1694 579 1.

1004 655 1098 720 De
1126 654 1396 745 judiciis
1430 657 1730 746 privatis.

382 797 553 864 Iuris
578 795 849 872 ,dicendi
892 799 1293 888 provinciam
1340 799 1532 864 initio
1587 819 1770 888 reges
1823 798 2151 880 habuere,
2197 796 2436 863 deinde

295 904 597 972 consules
626 921 695 972 et
725 906 841 994 qui
870 929 1023 972 cum
1054 923 1376 996 potestate
1410 905 1736 972 consulari
1765 908 2068 988 fuerunt3
2103 893 2436 993 postremo

294 1027 433 1078 tota
467 1011 607 1093 ejus
638 1011 1137 1078 administrandi
1170 1015 1336 1079 ratio
1370 1013 1459 1078 ad
1503 1033 1838 1078 summum
1884 1011 2234 1101 quemdam
2264 1011 2439 1092 judi-

295 1141 438 1184 cem
457 1165 477 1200 ,
508 1141 629 1184 seu
660 1135 1005 1209 praetorem
1039 1121 1371 1209 pervenit,
1407 1119 1526 1208 qui
1551 1118 1775 1208 legum
1799 1117 2116 1208 interpres
2136 1165 2154 1200 ,
2189 1135 2441 1201 eustoc,

294 1223 673 1290 administer
715 1241 886 1290 esset
932 1241 998 1290 et
1043 1234 1461 1314 exsequutor.
1513 1224 1640 1290 Sed
1683 1245 1890 1314 quum
1937 1209 2072 1290 mm
2119 1224 2326 1288 multa
2371 1224 2438 1287 in

294 1353 449 1398 eum
485 1331 867 1421 ingruerent
896 1332 1187 1422 negotia,
1221 1347 1301 1396 ut
1342 1355 1560 1420 neque
1593 1331 1772 1396 solus
1808 1329 1893 1396 de
1931 1331 2024 1417 eis
2060 1329 2437 1411 decernere,

296 1459 516 1526 neque
547 1437 641 1502 eis
669 1436 895 1502 adesse
922 1453 1143 1526 posset
1159 1484 1178 1519 ,
1207 1455 1371 1504 tunc
1394 1436 1732 1520 judioendi
1760 1459 2034 1502 munere
2063 1436 2246 1500 alteri
2273 1434 2442 1501 dele-

293 1557 483 1632 gato,
525 1558 873 1631 postquam
912 1543 1051 1632 ipse
1082 1542 1164 1608 de
1196 1544 1343 1624 jure
1374 1543 1786 1633 cognovisset
1801 1587 1819 1624 ,
1857 1541 2040 1630 quod
2071 1540 2154 1606 ad
2194 1543 2438 1605 factum

290 1648 665 1736 pertinebat
710 1649 817 1714 alii
858 1647 1130 1714 cuilibet
1176 1648 1664 1714 decernendum
1713 1649 2182 1714 committebat.
2233 1647 2440 1711 suris-

292 1752 499 1818 dictio
537 1754 737 1844 igitur
774 1754 1067 1846 praetoris
1104 1755 1175 1819 in
1212 1753 1475 1819 duobus
1517 1755 1645 1820 fuit
1675 1749 1920 1844 posita,
1957 1771 2036 1820 ut
2061 1775 2300 1842 nempe
2324 1769 2440 1817 aut

289 1858 437 1948 ipse
460 1858 806 1943 judicaret,
836 1859 1021 1949 quod
1060 1881 1324 1948 perraro
1366 1860 1618 1941 evenit,
1659 1877 1776 1926 aut
1815 1859 2152 1940 judicandi
2195 1879 2438 1924 munus
2473 1893 2480 1898 ·

290 1963 481 2031 alteri
516 1964 863 2056 delegaret.
898 1967 1131 2052 Quum
1165 1967 1474 2048 judicavit
1490 2013 1510 2050 ,
1557 1979 1700 2032 tum
1741 1966 2102 2032 decrevisse
2121 2013 2140 2050 ,
2179 1981 2294 2030 aut
2321 1963 2438 2030 de·

289 2088 549 2137 cretum
584 2073 1079 2164 interposuisse3
1110 2096 1321 2163 quum
1372 2072 1648 2155 judicari
1694 2074 1922 2156 jussit,
1963 2072 2251 2154 judicem
2285 2072 2442 2136 dare

287 2177 510 2244 dictus
540 2197 657 2245 est.

382 2285 615 2372 Neque
648 2303 869 2374 autem
897 2285 1149 2366 judices
1168 2334 1188 2369 ,
1218 2303 1296 2351 ut
1320 2285 1506 2374 ‘apud
1539 2308 1662 2351 nos
1678 2333 1696 2369 ,
1725 2308 1805 2350 ex
1827 2301 2006 2350 certo
2026 2308 2104 2350 ac
2129 2283 2434 2374 peculiari

292 2389 531 2456 ordine
584 2392 998 2473 constabant,
1050 2413 1335 2479 quorum
1395 2393 1738 2480 proprium
1795 2390 1961 2456 illud
2009 2407 2148 2454 erat
2202 2407 2283 2454 ut
2330 2389 2436 2470 jus

295 2493 851 2578 administrarent,
880 2519 1095 2584 neque
1115 2519 1430 2584 umquam
1453 2520 1534 2561 ex
1558 2497 1668 2561 illo
1695 2518 1968 2560 munere
1993 2511 2436 2560 moverentur.

298 2601 543 2667 Privati
578 2601 820 2666 scilieet
848 2618 1037 2666 emnt
1082 2601 1383 2665 homines
1400 2649 1419 2678 ‚
1454 2601 1570 2689 qui
1603 2624 1682 2666 ex
1713 2601 1984 2690 egregiis
2015 2599 2246 2664 delecti
2279 2599 2436 2663 civi-

295 2711 461 2791 buS,
490 2707 575 2772 ad
606 2725 864 2796 tempus
899 2706 983 2772 de
1017 2707 1256 2772 civium
1288 2707 1600 2790 fortunis,
1638 2731 1716 2773 ex
1751 2705 2042 2796 praetoris
2075 2705 2395 2771 sententia
2417 2755 2434 2786 ‚

296 2814 768 2898 decernebant3
806 2836 973 2902 quos
996 2815 1244 2902 optime
1266 2815 1508 2878 nostris
1531 2813 1760 2893 juratis
1793 2813 2030 2877 similes
2061 2811 2435 2877 dixerimus.

386 2922 636 2986 Proetor
664 2937 917 3002 autem,
946 2919 1221 3009 imperio
1253 2920 1451 2986 simul
1482 2943 1558 2985 ac
1583 2919 2068 3002 jurisdictione,
2113 2940 2234 2984 seu
2262 2917 2438 2999 judi-

294 3026 490 3093 candi
524 3027 716 3092 simul
750 3043 814 3091 et
852 3025 1248 3115 exsequendi
1282 3041 1601 3116 potestate
1644 3027 1895 3117 legibus
1937 3024 2084 3091 data
2115 3026 2439 3091 utebatur.

292 3135 471 3199 Tum
505 3132 1025 3215 jurisdictionem
1066 3133 1434 3216 exercebat,
1468 3157 1676 3222 quum
1719 3133 1984 3198 definita
2027 3134 2316 3221 primum
2361 3156 2438 3197 ex

288 3241 442 3321 jure
476 3239 605 3304 litis
652 3238 1099 3321 ordinatione,
1149 3233 1385 3304 deinde
1412 3238 1700 3321 judicem
1736 3239 1920 3304 daret
1951 3240 2067 3328 qui
2101 3238 2183 3304 de
2215 3261 2292 3304 ea
2327 3259 2440 3302 oo·-

296 3361 645 3433 gnosceret
674 3367 751 3409 ae
780 3344 1165 3409 sententiam
1204 3346 1421 3410 ferret.
1469 3347 1564 3410 Re
1593 3368 1750 3410 vero
1771 3344 2081 3427 judicata,
2125 3347 2258 3426 jam
2285 3365 2438 3408 sen-

300 3449 520 3514 tentiae
550 3450 974 3538 exsequenda,-
1004 3467 1284 3540 potestas
1327 3451 1409 3516 ad
1450 3468 1792 3541 praetorem
1835 3451 2239 3541 pertinebat,
2285 3451 2398 3538 qui
2422 3497 2440 3530 ,

296 3560 359 3624 si
406 3581 557 3622 reus
601 3558 775 3622 ultro
822 3579 1049 3646 parere
1092 3577 1449 3640 recusaret,
1491 3578 1669 3644 tum,
1721 3583 1800 3626 ex
1843 3561 2149 3650 imperio,
2191 3560 2259 3623 in
2303 3559 2442 3640 ejus

298 3667 478 3729 bona
518 3665 861 3754 petitorem
896 3661 1305 3732 immittebat.
1343 3667 1590 3733 Verum
1638 3688 1714 3732 ea
1762 3669 1954 3733 nobis
2001 3669 2204 3732 serius
2255 3686 2440 3755 repe·

302 3769 503 3836 tenda
536 3788 904 3836 occurrent.
1564 3781 1570 3788 ’

630 3942 661 4006 5
700 3953 751 3994 1.
803 3929 879 3995 In
898 3935 1051 4020 jure
1064 3981 1085 4014 ,
1120 3956 1229 3997 seu
1258 3949 1412 3998 ante
1430 3946 1771 4024 praetorem
1810 3931 2107 4020 litigatio.

396 4073 453 4134 A
486 4071 635 4136 sella
661 4069 870 4136 curuli
892 4071 961 4136 in
987 4095 1145 4160 qua,
1183 4093 1389 4161 quum
1416 4074 1934 4154 jurisdictionem
1961 4088 2314 4154 exerceret,
2351 4093 2448 4135 se-
