2984 4684
815 367 924 434 IN
973 365 1406 435 VERREM
1457 367 1783 457 ACTIO
1832 365 2176 436 PRIMA.
2430 361 2568 434 265

429 499 580 556 tam
606 508 695 555 ex
721 497 844 556 tua
862 499 1152 574 natura,
1185 511 1408 583 quam
1442 509 1533 558 ex
1570 487 1772 556 istius
1804 483 2184 584 tempore⁶
2215 499 2291 556 et
2320 507 2535 556 causa
2554 537 2575 571 ‚

431 594 819 682 maiitiose3
855 621 1148 670 necesse
1180 611 1292 668 est
1319 594 1728 668 istiusmodi
1750 599 2016 666 rationi
2044 596 2291 693 aliquo
2333 599 2573 666 consi·

431 704 532 776 lio
554 703 921 778 obsistere.
939 711 1093 778 Tua
1117 709 1304 780 ratio
1333 721 1474 796 est,
1512 723 1597 780 ut
1628 705 2035 782 secundum
2056 717 2082 762 ⁷
2113 704 2331 778 binos
2359 704 2576 778 ludos

429 815 612 886 mihi
649 816 1088 914 respondere
1123 819 1454 916 incipias3
1485 842 1647 890 mea
1666 873 1687 908 ‚
1738 832 1822 888 ut
1850 831 2022 889 ante
2050 819 2329 914 primos
2364 814 2579 888 ludos

432 928 1072 1025 comperendinem
1086 925 1143 1000 ⁸.
1175 934 1283 1001 Ita
1303 927 1434 1000 fiet
1455 983 1474 1018 ‚
1506 942 1589 999 ut
1612 942 1739 998 tua
1758 929 1894 1000 ista
1914 929 2102 998 ratio
2129 926 2585 998 existimetur

433 1051 695 1126 astuta3
735 1064 980 1112 meum
1009 1039 1153 1111 hoc
1187 1038 1607 1124 consilium,
1647 1040 2163 1114 necessarium.

531 1153 690 1219 XII.
741 1153 1015 1222 Verum
1059 1150 1274 1237 illud,
1335 1149 1543 1248 quod
1580 1151 2041 1231 institueram
2084 1147 2363 1236 dicere,
2406 1148 2586 1219 mihi

434 1281 590 1329 rem
633 1272 880 1332 teoum
941 1285 1126 1350 esse,
1173 1260 1602 1357 hujusmodi
1654 1276 1787 1334 est.
1851 1266 2005 1358 Ego
2026 1315 2045 1349 ‚
2116 1284 2347 1357 quum
2396 1258 2587 1330 hanc

440 1392 730 1442 causam
755 1423 776 1458 ‚
817 1363 1230 1442 Siculorum
1276 1385 1569 1469 rogatu,
1626 1371 2060 1468 recepissem
2080 1425 2101 1459 ‚
2142 1368 2366 1467 idque
2409 1369 2591 1439 mihi

439 1479 767 1576 amplum
811 1493 886 1552 et,
927 1479 1354 1578 praeclarum
1397 1482 1919 1558 existimassem
1940 1535 1959 1570 ‚
2021 1505 2147 1552 eos
2187 1479 2373 1552 velle
2415 1503 2590 1552 meae

435 1585 612 1659 fidei
639 1586 1170 1688 diligentiaeque
1201 1591 1609 1689 periculum
1639 1589 1872 1664 facere
1899 1603 1953 1678 ¹,
1987 1593 2117 1688 qui
2153 1592 2589 1662 innocentiae

433 1693 1032 1796 abstinentiaeque
1055 1697 1421 1774 fecissent:
1445 1716 1631 1791 tum,
1652 1716 1990 1800 suscepto
2008 1703 2330 1799 negotiO,
2357 1702 2497 1798 maj
2506 1727 2593 1773 us

437 1804 616 1876 mihi
655 1808 1008 1904 quiddam
1047 1814 1437 1910 proposui3
1489 1814 1568 1882 in
1604 1837 1757 1910 quo
1798 1837 2033 1888 meam
2064 1817 2139 1884 in
2176 1812 2591 1912 rempubli-

433 1940 593 1994 cam
628 1919 1080 1996 voluntatem
1117 1923 1440 2020 populus
1475 1947 1823 2004 romanus
1867 1925 2277 2021 perspicere
2312 1939 2581 2021 posset.

434 2029 621 2104 Nam
663 2027 848 2098 illud
881 2030 1064 2102 mihi
1097 2055 1570 2129 nequaquam
1598 2034 1901 2131 dignum
1921 2044 1951 2076 ²
1988 2032 2349 2104 industria
2376 2058 2593 2105 cona-

406 2149 666 2234 ·tuque
715 2163 883 2211 meo
917 2139 1324 2244 videbatur,
1373 2148 1596 2216 istum
1651 2165 1693 2218 a
1746 2169 1865 2216 me
1919 2149 1997 2218 in
2048 2145 2405 2241 judicium
2439 2148 2592 2244 jam

437 2248 769 2320 omniurn
815 2248 1094 2343 judicio
1136 2249 1706 2333 condemnatum
1747 2257 2024 2344 vocari,
2060 2252 2249 2327 nisi-'³
2294 2258 2427 2328 ista
2467 2269 2591 2326 tua

435 2355 911 2431 intolerabilis
956 2363 1322 2458 potentia,
1353 2379 1428 2435 et
1453 2389 1537 2435 ea
1565 2364 1960 2463 cupiditaS‚
1998 2389 2145 2463 qua
2188 2389 2319 2464 per
2370 2365 2591 2438 hosce

435 2491 670 2540 annos
721 2469 800 2539 in
839 2470 1278 2574 quibusdam
1321 2472 1617 2568 judiciis
1654 2499 1829 2546 usus
1870 2501 1945 2548 es
1965 2529 1986 2563 ,
2022 2477 2236 2546 etiam
2274 2477 2347 2544 in
2383 2475 2589 2546 istius

438 2576 758 2648 hominis
792 2578 1152 2676 desperati
1184 2587 1443 2652 causas*
1476 2586 2095 2682 interponeretur.
2128 2589 2341 2656 Nunc
2366 2609 2541 2655 vero
2568 2640 2589 2673 ‚

440 2691 789 2785 quoniam
811 2688 964 2770 haec
997 2705 1068 2772 te
1102 2693 1340 2764 omnis
1370 2692 1773 2766 dominatio
1805 2719 2261 2792 regnumque
2288 2694 2593 2790 judicio-

439 2824 604 2870 rum
637 2815 1016 2900 tantopere
1057 2800 1400 2892 delectat‚
1435 2819 1511 2879 et
1546 2820 1720 2877 sunt
1747 2804 2082 2878 homines
2106 2801 2160 2894 ⁵,
2204 2830 2389 2902 quos
2420 2804 2591 2877 libi-

440 2909 628 2982 dinis
639 2909 1100 3016 infamiaeque
1119 2937 1266 2984 suae
1287 2939 1530 3012 neque
1552 2915 1821 3012 pudeat
1840 2971 1859 3005 ‚
1878 2940 2121 3014 neque
2142 2915 2429 3003 taedeat3
2460 2919 2589 3014 qui

515 3146 571 3194 6.
602 3147 685 3194 Ea:
724 3145 858 3196 istius
895 3157 1125 3212 tempore.
1152 3148 1282 3211 Quin
1300 3147 1474 3196 Verri·

445 3223 748 3287 perieulum,
799 3235 850 3275 et
898 3227 1026 3275 mal·
1069 3229 1176 3290 eins
1227 3243 1374 3292 ςιωι
1417 3226 1474 3275 id

444 3302 710 3366 postulant.

523 3397 570 3441 7.
604 3383 898 3433 Secundam.
935 3387 1056 3435 Post
1098 3385 1245 3435 ludos
1279 3386 1476 3436 votivos

447 3471 499 3510 et
520 3463 786 3514 Romanos.

520 3542 571 3591 8.
595 3543 1042 3607 Competmdinem.
1071 3548 1144 3595 Ut
1160 3561 1304 3594 caan
1327 3545 1478 3594 nernel

447 3635 476 3668 n
499 3622 648 3670 nobi·
673 3623 920 3686 utrimque
955 3624 1111 3684 dicu,
1139 3625 1312 3673 faciam
1341 3625 1477 3688 judi-

447 3702 588 3752 cibus
636 3703 1106 3766 comperendinata&
1165 3715 1473 3768 potestatem.

451 3782 1120 3848 Compemdinanejtadieen,
1139 3800 1310 3848 quum,
1330 3801 1477 3834 cansa

447 3864 596 3912 semel
617 3863 862 3928 utrimque
881 3863 1028 3922 dicta,
1041 3862 1218 3926 iubent
1235 3875 1290 3912 nt
1303 3881 1476 3930 peren·

451 3942 560 4000 die,
583 3943 620 3990 i.
649 3960 693 3990 e.
727 3944 778 3992 in
804 3943 936 3992 diem
963 3944 1160 3992 tertium
1187 3959 1300 3992 reus
1320 3955 1370 3993 et
1396 3962 1478 3994 nc-

453 4034 650 4070 cnsntor
685 4033 990 4072 revertantur
1008 4059 1024 4086 ,
1068 4039 1260 4072 canum
1299 4026 1474 4074 iterum

453 4097 782 4152 dicturi.vid.
805 4103 893 4151 inf.
920 4120 1030 4168 cap.
1055 4105 1136 4152 18.

1634 3147 1757 3198 ΧΠ.
1782 3164 1805 3196 1
1818 3183 1831 3196 .
1848 3147 2125 3198 Periculum
2141 3147 2337 3214 suem.
2365 3149 2426 3194 In
2451 3163 2595 3196 nocu-

1564 3227 1720 3276 nndo
1746 3228 1919 3278 Verre.

1638 3324 1687 3356 α.
1724 3308 2053 3371 Nequaquam
2087 3306 2309 3372 dae’gnum.
2346 3303 2593 3354 Humilius

1563 3387 1683 3434 mihi
1708 3385 1985 3446 videbatur,
2006 3403 2155 3450 qnam
2178 3396 2235 3434 ut
2258 3401 2320 3433 eo
2354 3384 2475 3432 mihi
2511 3384 2595 3432 de·

1564 3464 1899 3514 scendendum
1922 3476 2063 3514 esset.

1638 3547 1689 3594 3.
1728 3545 1855 3594 Nisi.
1900 3544 1952 3592 Si
1988 3559 2093 3593 non
2127 3559 2240 3592 eum
2274 3543 2413 3592 istius
2450 3557 2593 3592 musa

1564 3625 1947 3674 confunderetur
1972 3623 2205 3670 imment·
2234 3622 2317 3670 issa
2346 3622 2595 3670 Hortensii

1564 3705 1810 3770 potentin,
1836 3715 1885 3752 et
1914 3703 2119 3752 nimium
2152 3719 2349 3750 enarum
2380 3703 2593 3768 portium

1564 3785 1809 3846 studium,
1833 3799 1943 3848 qnae
1966 3784 2111 3830 simul
2138 3783 2417 3832 inuectum.

1644 3869 1695 3918 4.
1720 3863 1851 3912 Edit.
1869 3864 2044 3912 Venet.
2066 3883 2091 3904 ιι
2106 3861 2357 3928 deperata
2382 3878 2525 3910 canu
2548 3883 2591 3912 υ.

1566 3947 1597 3992 J
1602 3943 1693 3992 .v.
1713 3945 1769 3992 1..

1642 4023 1691 4070 5.
1718 4024 1842 4070 Seme
1864 4021 2098 4070 homiues.
2130 4021 2334 4070 Judiea
2358 4038 2443 4070 eo·
2468 4020 2594 4068 deni-

1565 4113 1703 4166 gnat,
1730 4102 1818 4168 qni
1838 4103 1902 4152 de
1929 4119 2015 4151 sua
2038 4102 2261 4164 ins-mh,
2291 4102 2447 4166 deque
2470 4100 2593 4150 odio
