2984 4684
507 375 556 446 6
1323 376 1839 447 SYNOPSIS.

587 499 642 550 ι’
659 503 864 551 Causam
889 516 994 550 uon
1017 501 1180 558 fuisse,
1203 515 1294 548 cnr
1321 501 1524 549 Navius
1546 519 1574 548 ι
1594 511 1803 566 pretore
1824 497 2115 565 postularet,
2136 509 2193 547 ut
2208 497 2341 546 bon·
2368 499 2425 548 1¹.
2450 497 2645 562 Quintii

509 589 798 656 possideret.

583 675 640 726 2⁰
675 679 751 728 Ex
775 677 938 728 edicto
961 676 1102 728 illum
1125 693 1182 728 ea
1204 677 1336 726 bons
1351 676 1605 744 possidere
1626 691 1729 726 non
1754 675 1989 742 potuisse.

582 765 640 816 ³⁰
663 766 780 816 Non
805 765 1102 830 possedisse.

576 856 638 902 In
659 855 1044 904 Gonu-rmus
1067 853 1218 918 igitur
1237 853 1392 918 prima
1415 865 1553 918 parte
1567 853 1805 918 probatur
1818 867 2009 900 musam
2028 865 2131 899 non
2157 849 2321 910 fuisse,
2340 865 2427 899 cur
2444 851 2647 900 Naevius

507 943 804 1007 postularet,
841 937 894 989 1⁰
915 944 1072 1006 Ipsius
1093 942 1250 989 Naevii
1269 941 1579 1002 testimonio,
1612 941 1885 1006 qui,quum
1918 951 2113 1004 tempus
2144 949 2193 987 et
2218 939 2384 988 locum
2416 940 2647 988 habuerit

508 1031 789 1095 appellandi
809 1030 1002 1094 Quintii
1025 1030 1088 1078 de
1113 1030 1348 1095 pecunia,
1371 1047 1523 1094 quum
1549 1031 1728 1078 ferveat
1756 1028 1981 1086 avaritia,
2009 1038 2103 1076 etc.
2140 1027 2342 1076 biennio
2374 1039 2537 1077 tamen
2560 1027 2647 1076 de·

507 1119 668 1166 bitum
687 1119 876 1166 nullum
898 1120 1041 1184 petiit
1055 1156 1072 1182 ,
1100 1135 1122 1166 1
1138 1135 1184 1178 1,
1209 1135 1290 1169 n.
1313 1117 1371 1166 2⁰
1393 1118 1627 1181 EJusdem
1646 1119 1804 1167 Naevii
1826 1117 2133 1166 confessione
2148 1150 2163 1176 ,
2186 1117 2271 1181 qui
2300 1133 2427 1182 saepe
2446 1131 2649 1164 revoca-

509 1217 590 1255 tus
619 1207 682 1255 ad
703 1207 944 1268 judicium
967 1207 1030 1256 de
1063 1225 1115 1256 re
1147 1208 1428 1271 pecuniaria
1446 1242 1463 1267 ,
1504 1207 1817 1256 conditiones
1842 1206 2138 1270 equissimas
2165 1205 2472 1270 repudiavit,
2496 1215 2648 1269 atque

509 1305 674 1359 aperte
701 1297 950 1344 coufessus
977 1307 1050 1344 est
1075 1295 1202 1344 nihil
1224 1295 1320 1343 sibi
1342 1311 1371 1342 a
1396 1297 1605 1359 Quintio
1628 1295 1827 1354 deberi,
1862 1296 1943 1343 13.
1970 1292 2027 1342 3⁰
2044 1293 2187 1342 Nuda
2212 1305 2261 1342 et
2287 1293 2499 1358 simplici
2522 1303 2645 1340 tem-

505 1383 644 1447 poris
671 1383 988 1434 discussione.
1015 1384 1248 1448 Quintius
1277 1386 1452 1432 Roma
1477 1400 1582 1432 non
1604 1385 1697 1432 fuit
1732 1399 1833 1448 quo
1860 1383 1941 1431 die
1965 1381 2300 1430 vadimonium
2320 1381 2501 1429 fictum
2524 1381 2651 1428 dicit

505 1471 720 1522 Navius.
765 1471 822 1529 4⁰
857 1471 1024 1522 Officii
1066 1473 1273 1522 ratione.
1300 1472 1505 1522 Etiamsi
1542 1473 1779 1536 Quintius
1814 1472 2153 1520 vadimonium
2198 1470 2509 1528 deseruisset,
2540 1484 2647 1516 non

507 1562 748 1610 continuo
769 1561 944 1611 debuit
961 1561 1164 1626 Navius
1183 1560 1316 1610 bons
1339 1560 1489 1620 socii,
1516 1563 1661 1610 amici
1678 1593 1695 1620 ,
1725 1559 1889 1610 affinis
1918 1559 2223 1624 proscribere
2245 1573 2258 1608 :
2288 1575 2400 1624 quae
2432 1558 2650 1622 proscri-

503 1648 614 1713 ptio
635 1649 944 1700 acerbissima
966 1661 1040 1699 est
1067 1650 1289 1698 omnium
1313 1645 1675 1712 calamitatium,
1710 1657 1821 1705 ειμι
1832 1651 1884 1700 8.
1902 1650 2053 1698 Hunc
2082 1647 2249 1698 locum
2268 1658 2475 1696 exornat
2498 1645 2647 1694 vehe-

509 1753 645 1786 mens
663 1749 714 1786 et
735 1738 982 1802 pathetica
1003 1735 1339 1800 amplificatio.

579 1827 641 1872 In
665 1824 878 1873 secunda
903 1836 1044 1892 parte
1073 1825 1368 1884 ostenditur,
1390 1840 1452 1874 ex
1488 1823 1655 1873 edicto
1686 1827 1915 1890 praetoris
1936 1825 2067 1874 bona
2100 1827 2157 1876 P.
2186 1825 2380 1888 Quintii
2406 1822 2651 1890 possideri

507 1911 650 1960 nnllo
671 1913 824 1961 modo
839 1915 1086 1978 ‚potuisse;
1101 1912 1236 1978 quod
1249 1912 1490 1978 probatur
1515 1929 1579 1960 ex
1604 1913 1723 1978 ipsis
1740 1913 1889 1961 edicti
1916 1913 2095 1973 verbis,
2116 1929 2293 1978 19-27.
2319 1908 2373 1960 1⁰
2389 1913 2503 1961 Nou
2518 1913 2651 1969 euim

508 1999 728 2048 latitasse
753 2002 1013 2065 Quintium
1031 2037 1046 2063 ,
1087 2018 1249 2066 neque
1291 2003 1542 2050 absentem
1568 2001 1767 2066 judicio
1807 2019 1907 2050 non
1950 2001 2200 2066 defensum
2220 2001 2383 2067 fuisse
2400 2035 2416 2057 ‚
2464 2002 2651 2066 quippe

507 2105 662 2152 quum
684 2089 970 2156 Alpheuus,
994 2090 1100 2156 ejus
1123 2101 1434 2156 procurator,
1467 2089 1663 2138 libellos
1694 2089 1853 2138 Naevii
1883 2083 2142 2152 dejecerit,
2177 2089 2513 2138 vadimonium
2530 2105 2651 2154 pro·

510 2179 720 2238 miserit,
747 2194 838 2242 19,
867 2197 960 2240 no,
999 2196 1088 2229 ar.
1124 2175 1184 2228 2⁰
1207 2179 1324 2228 Non
1359 2179 1460 2228 dici
1500 2195 1645 2245 posse
1680 2181 1855 2229 Naevio
1879 2196 2045 2244 parem
2072 2181 2391 2230 certationem
2416 2195 2527 2226 cum
2552 2177 2653 2227 AJ-

509 2267 678 2332 pheno
704 2267 853 2315 Marii
875 2269 1062 2318 fautore
1087 2285 1192 2316 non
1213 2269 1387 2328 fuisse,
1408 2268 1543 2334 quod
1572 2281 1691 2318 tunc
1716 2270 1926 2316 Mariani
1954 2269 2348 2328 dominarentur;
2368 2285 2521 2332 quum
2542 2270 2651 2332 ipse

399 2399 420 2416 ,
514 2355 717 2404 Navius
741 2357 849 2404 istis
875 2359 1020 2405 etiam
1044 2358 1239 2414 faveret,
1258 2368 1308 2405 et
1331 2357 1394 2406 ad
1409 2359 1642 2406 victorem
1662 2368 1850 2406 tautum
1869 2357 2051 2405 Sullam
2070 2357 2403 2422 transfugerit,
2424 2372 2507 2404 aa.
2533 2357 2588 2404 3·
2597 2358 2653 2404 Si

512 2445 716 2494 Navius
741 2460 804 2492 ex
835 2445 999 2494 edicto
1029 2445 1161 2494 bona
1187 2446 1382 2508 Quintii
1409 2448 1705 2511 possedisset
1718 2483 1733 2510 ,
1768 2447 1945 2511 querit
1970 2463 2059 2494 cur
2080 2446 2210 2494 bona
2246 2463 2350 2494 non
2377 2445 2619 2494 venierint
2634 2481 2649 2504 ,

509 2547 602 2580 cur
619 2533 768 2583 ceteri
793 2534 1060 2583 creditores
1087 2549 1194 2582 nou
1219 2535 1537 2582 convenerint
1552 2571 1567 2595 ,
1590 2533 1677 2586 23.
1720 2531 1779 2592 4⁹
1806 2535 2023 2584 Additur
2043 2533 2301 2598 Narratio,
2322 2551 2420 2598 qua
2446 2533 2653 2582 docetur

511 2623 734 2670 Navium
745 2623 849 2684 jam
863 2658 878 2684 ,
911 2634 1172 2688 antequam
1201 2624 1490 2689 postulasset
1508 2659 1526 2685 ,
1542 2635 1599 2672 ut
1624 2623 1756 2672 bona
1786 2625 1979 2687 Quintil
2004 2623 2293 2689 possideret,
2319 2623 2461 2672 illum
2480 2623 2541 2672 de
2559 2639 2652 2671 suo

513 2711 672 2760 fundo
697 2729 788 2777 per
815 2713 914 2762 vim
943 2713 1234 2774 ejiciendum
1253 2699 1621 2778 curasse,-quod
1639 2725 1711 2762 est
1738 2723 1909 2762 contra
1934 2715 2160 2778 praetoris
2179 2713 2411 2770 edictum,
2436 2723 2616 2776 slva-7.

583 2786 807 2848 Tertium
832 2811 956 2860 erat,
977 2812 1035 2850 ut
1065 2800 1474 2850 demonstraretur
1501 2801 1727 2849 Navium
1753 2801 1881 2850 bona
1912 2801 2107 2865 Quintii
2132 2817 2195 2848 ne
2231 2801 2504 2866 possedisse
2539 2800 2654 2866 qui-

511 2887 639 2938 dem.
662 2891 846 2937 Verum
885 2899 1022 2938 totus
1051 2889 1136 2938 hic
1177 2889 1318 2938 locus
1345 2889 1597 2938 intercidit
1630 2905 1729 2937 uua
1765 2905 1879 2937 cum
1902 2889 2048 2937 initio
2075 2889 2404 2938 conclusionis
2417 2926 2432 2952 ,
2464 2889 2519 2937 in
2554 2905 2653 2954 qua

513 2978 740 3040 auperius
768 2977 898 3026 dicta
923 2981 1202 3026 summatim
1234 2990 1595 3038 enumerantur,
1624 2979 1690 3026 28
1708 3013 1723 3038 ,
1750 2995 1837 3040 29·

583 3063 808 3128 Denique
840 3066 892 3112 iu
915 3065 1284 3115 szorsrtous
1311 3067 1491 3129 judicis
1522 3065 1905 3114 misericordiam
1935 3067 2147 3114 maxime
2175 3077 2453 3115 commovet
2478 3083 2507 3114 a
2538 3081 2651 3130 per-

513 3167 633 3200 sons
654 3153 870 3215 Quintii,
907 3155 1037 3202 senis
1065 3165 1115 3202 et
1147 3155 1342 3219 inopis,
1375 3167 1426 3203 et
1455 3155 1519 3202 ab
1553 3153 1770 3216 ejusdem
1796 3155 2191 3204 innocentissima
2222 3155 2356 3216 vita,
2392 3155 2455 3203 ab
2482 3153 2656 3202 adver·

513 3241 627 3290 sarii
647 3258 882 3308 persona,
920 3245 1015 3291 viri
1035 3245 1254 3310 potentis
1269 3279 1284 3304 ,
1307 3244 1576 3308 voluptarii
1604 3255 1655 3293 et
1676 3245 1832 3308 iniqui
1852 3258 1868 3304 ς
1896 3257 2192 3310 rogaturque
2207 3245 2364 3307 judex
2378 3279 2391 3304 ,
2413 3256 2471 3293 ut
2494 3259 2652 3309 quum

511 3331 689 3379 veritas
725 3348 839 3379 cum
872 3333 1079 3395 Quintio
1107 3344 1295 3398 pugnet
1317 3369 1332 3395 ,
1355 3333 1468 3398 plus
1500 3335 1605 3394 eius
1634 3333 1802 3398 inopia
1826 3333 1889 3381 ad
1911 3333 2289 3382 misericordiam
2319 3349 2465 3398 quam
2489 3333 2651 3381 Naevii

511 3434 634 3484 opes
661 3420 726 3468 ad
752 3421 1086 3469 crudelitatem
1114 3422 1330 3480 valeant,
1374 3433 1424 3470 et
1448 3431 1508 3468 ut
1530 3439 1675 3485 quam
1702 3422 2134 3480 existimationem,
2174 3437 2317 3487 quam
2346 3422 2653 3470 honestatem

511 3507 566 3553 in
582 3507 826 3568 iudicium
845 3509 1088 3570 attulerit,
1116 3526 1220 3558 eam
1239 3510 1384 3558 liceat
1408 3511 1454 3556 ei
1479 3525 1645 3557 secum
1672 3527 1735 3557 ex
1756 3510 1853 3558 hoc
1876 3511 2065 3572 iudicio
2093 3511 2291 3570 efferre,
2327 3511 2422 3570 30,
2452 3512 2481 3559 3
2497 3527 2541 3560 ι.

581 3597 794 3646 Dicendi
819 3599 1068 3647 character
1085 3597 1279 3647 subtilis
1304 3609 1398 3657 est3
1423 3615 1639 3664 persaepe
1658 3610 1821 3648 tamen
1842 3599 2011 3665 figuris
2027 3611 2079 3649 et
2094 3598 2581 3667 amplificationibus,
2598 3611 2652 3650 et

513 3685 649 3748 quasi
665 3684 874 3745 iuvenili
900 3688 1152 3737 Ciceronis
1179 3687 1402 3736 ubertate
1427 3687 1661 3738 luxuriat.
