2984 4684
509 343 648 414 208
1151 342 1249 412 M.
1299 342 1380 411 Τ.
1431 340 2007 413 CICERONIS

505 478 614 537 est
653 461 1098 536 elaboratum
1120 472 1199 533 ¹⁰.
1256 462 1474 552 Quod
1517 463 1577 533 si
1610 485 1745 559 ego
1780 460 1963 549 haec,
2009 478 2315 561 propter
2354 472 2641 564 magni-

505 574 832 646 tudinem
865 597 1108 658 rerum
1153 597 1237 644 ac
1275 570 1776 645 difficultatem
1803 626 1823 659 ‚
1864 577 2149 671 assequi
2192 599 2347 645 non
2388 578 2639 675 potui,

505 686 634 781 qui
669 687 745 755 in
773 683 972 754 omni
998 686 1140 753 vita
1173 682 1353 753 nihil
1389 681 1587 754 aliud
1622 683 1778 778 egi:
1815 680 2034 778 ‘quam
2072 681 2290 781 longe
2319 699 2398 756 tu
2438 701 2511 759 te
2545 687 2638 758 ab

500 794 615 866 his
638 792 856 865 rebus
883 791 1130 865 abesse
1153 791 1526 879 arbitrare,
1557 816 1737 889 quas
1760 815 1913 862 non
1933 790 2156 863 modo
2193 808 2407 865 antea
2428 820 2639 867 num·

498 928 720 1004 quam
767 902 1131 999 cogitasti,
1185 900 1315 973 sed
1359 926 1453 973 ne
1487 926 1704 997 nunc·
1727 900 2061 998 quidem,
2112 926 2345 999 quum
2388 906 2467 975 in
2518 930 2638 979 eas

494 1012 922 1111 ingrederiS,
957 1035 1118 1109 quae
1155 1025 1228 1083 et
1261 1026 1550 1109 quantae
1598 1012 1777 1099 sint,
1818 1012 2167 1109 suspicari
2205 1016 2464 1111 potes?

567 1128 784 1196 ‘XIIL
833 1128 1022 1219 Ege,
1063 1126 1224 1218 qui,
1271 1126 1456 1193 sicut
1501 1144 1757 1192 omnes
1802 1122 2075 1211 sciunt,
2124 1125 2202 1193 in
2246 1121 2408 1197 foro
2439 1124 2637 1221 judi-

499 1236 772 1331 ciisque
811 1234 910 1303 ita
947 1255 1187 1304 verser
1209 1232 1263 1321 1',
1304 1246 1390 1302 ut
1423 1230 1751 1327 ejusdem
1794 1234 2020 1303 aetatis
2055 1248 2181 1304 aut
2217 1258 2477 1321 nemo,
2512 1251 2639 1308 aut

496 1348 737 1445 pauci,
763 1343 1008 1441 plures
1037 1366 1284 1415 causas
1313 1338 1773 1413 defenderint
1793 1366 1813 1426 ς
1836 1354 1909 1413 et
1932 1343 2063 1438 qui
2080 1364 2299 1413 omne
2324 1358 2637 1443 temPUS,

497 1454 702 1553 quod
739 1454 916 1524 mihi
957 1452 1050 1524 ab
1075 1454 1471 1528 amicorum
1513 1451 1823 1547 negotiis
1860 1449 2095 1539 datur,
2130 1455 2206 1521 in
2241 1452 2353 1523 his
2384 1451 2637 1525 studiis

501 1562 1018 1661 laboribusque
1061 1564 1480 1634 consumam
1501 1614 1523 1649 ,
1565 1584 1716 1658 quo
1752 1561 2069 1657 paratior
2112 1559 2204 1632 ad
2255 1587 2472 1633 usum
2520 1562 2636 1635 fo·

497 1698 816 1762 rensem,
851 1674 1408 1771 promptiorque
1443 1695 1598 1743 esse
1638 1672 1951 1768 possim:
2002 1684 2244 1744 tamen
2266 1725 2285 1760 ,
2326 1676 2425 1745 ita
2459 1672 2634 1746 deos

497 1784 680 1854 mihi
746 1782 962 1853 velim
1038 1784 1395 1880 propitios
1425 1836 1446 1871 ,
1512 1794 1597 1851 ut
1664 1804 1897 1877 quum
1972 1779 2165 1851 illius
2230 1785 2576 1880 temporis
2601 1794 2632 1826 ²

497 1893 678 1963 mihi
718 1895 918 1963 venit
955 1892 1031 1961 in
1067 1904 1427 1981 mentem,
1464 1916 1616 1989 quo
1654 1889 1813 1981 die,
1853 1894 2070 1963 citato
2111 1916 2280 1979 τεο,
2312 1892 2493 1963 mihi
2528 1893 2633 1964 di-

495 2002 810 2074 cendum
837 2005 961 2088 sit,
992 2026 1144 2072 non
1174 2000 1410 2074 solum
1447 2024 1913 2073 commoveor
1940 2002 2182 2071 animo
2204 2054 2224 2087 ,
2262 2002 2389 2074 sed
2417 2004 2635 2075 etiam

498 2128 658 2184 toto
687 2136 994 2211 corpore
1023 2110 1499 2209 perhorresco
1516 2107 1569 2182 ³.
1600 2115 1757 2181 Jam
1786 2132 1985 2181 nunc
2010 2124 2253 2182 mente
2282 2125 2353 2181 et
2372 2114 2637 2210 cogita·

501 2224 702 2292 tione
738 2222 1140 2319 prospicio,
1171 2244 1334 2319 quae
1365 2234 1523 2291 tum
1558 2218 1795 2291 studia
1831 2216 2209 2291 hominum
2232 2274 2252 2307 ,
2288 2222 2419 2318 qui
2455 2246 2636 2294 con-

499 2356 754 2406 cursus
770 2329 996 2402 futuri
1015 2335 1158 2401 sint
1174 2356 1194 2417 ;
1215 2345 1564 2428 quantam
1583 2332 2195 2427 exspectationem
2214 2332 2633 2429 magnitudo

489 2441 744 2537 judicii
771 2442 864 2512 sit
887 2440 1218 2528 allatura3
1259 2456 1605 2538 quantam
1640 2437 2056 2511 auditorum
2091 2440 2633 2515 multitudinem

495 2560 574 2624 C.
604 2554 850 2623 Verris
884 2549 1177 2622 infamia
1206 2552 1737 2637 comitatui-21⁴3
1781 2564 2127 2647 quantam
2156 2549 2472 2649 denique
2500 2578 2633 2624 au-

492 2662 838 2734 dientiam
867 2662 1178 2733 orationi
1207 2686 1377 2733 meae
1405 2658 1833 2759 improbitas
1862 2660 2051 2733 illius
2081 2659 2358 2733 factura
2370 2658 2423 2731 ⁵.
2451 2666 2632 2755 Quae

493 2796 722 2869 quum
771 2772 1053 2867 cogito,
1094 2772 1246 2867 jam
1284 2796 1484 2842 nunc
1526 2774 1786 2857 timeo,
1833 2768 2183 2867 quidnam
2225 2794 2359 2869 pro
2396 2772 2629 2845 offen-

489 2884 690 2952 sione
737 2880 1154 2970 hominum,
1194 2882 1322 2978 qui
1365 2881 1463 2951 illi
1523 2880 1797 2951 inimici
1832 2877 2243 2977 infensique
2292 2895 2501 2963 sunt,
2556 2899 2632 2954 et

492 2994 1028 3086 exspectatione
1056 2994 1412 3080 omnium,
1437 3004 1511 3061 et
1534 2988 2032 3087 magnitudine
2054 3013 2300 3059 rerum
2326 2990 2631 3089 dignum

491 3100 736 3197 eloqui
767 3104 1056 3195 possim.
1095 3104 1208 3170 Tu
1242 3099 1507 3172 horum
1549 3098 1728 3171 nihil
1772 3100 2069 3187 metuiS,
2099 3101 2279 3171 nihil
2318 3106 2629 3199 cogitaS,

566 3294 644 3325 ιο.
684 3276 1024 3325 Elaboratum.
1061 3278 1311 3339 Quantum
1350 3288 1516 3326 antem
1602 3290 1843 3324 consensu
1868 3274 2133 3341 quidquam
2160 3290 2405 3327 mutemus
2434 3296 2537 3329 non
2564 3284 2633 3331 vi-

492 3358 770 3416 olabunt-it,
801 3354 1015 3403 ostendit
1048 3356 1102 3402 in
1136 3354 1264 3403 libro
1297 3355 1357 3404 de
1389 3357 1509 3405 clar.
1602 3355 1717 3405 deo.
1762 3354 1989 3403 Cetemm
2038 3356 2090 3403 in
2138 3356 2237 3405 illis
2286 3359 2450 3407 verbis
2491 3361 2633 3411 abent

487 3438 629 3485 Orat.
647 3446 865 3484 extremo
875 3469 886 3482 .
1602 3434 1804 3481 verbnm
1822 3434 2123 3483 recor-datio.

561 3516 706 3564 xm.
737 3530 785 3564 ι.
807 3514 910 3563 Alii
933 3510 1084 3562 codd.
1104 3514 1433 3562 vemr.J.v.
1457 3516 1510 3562 L.
1674 3512 1723 3561 3.
1750 3512 2087 3561 Per-horresco.
2126 3514 2203 3562 De
2238 3514 2337 3564 hoc
2378 3518 2629 3568 Ciceronis

561 3612 610 3642 α.
635 3593 893 3657 Temporis.
917 3591 996 3641 Sic
1016 3592 1143 3641 MSS
1165 3592 1308 3640 multi
1334 3604 1382 3641 et
1405 3593 1511 3641 Pri·
1596 3603 1734 3641 metu
1756 3591 1855 3639 vid.
1880 3592 2075 3640 Cluent.
2104 3594 2197 3652 183
2222 3593 2285 3641 de
2302 3596 2440 3645 Orat.
2462 3600 2513 3660 1,
2541 3598 2629 3647 26.

487 3676 640 3721 scien.
657 3673 745 3720 lib.
762 3674 936 3729 xvu,
957 3686 1010 3735 p.
1031 3685 1180 3730 ηοω,
1207 3669 1284 3719 ed.
1302 3670 1505 3721 Putsch.
1594 3671 1726 3720 Plut.
1750 3671 1855 3721 Cic.
1877 3671 1963 3719 vit.
1994 3671 2201 3734 Quintil.
2229 3675 2353 3732 ΧΠ,
2397 3678 2445 3725 5.

487 3751 629 3801 Illius
647 3751 748 3799 diei
764 3750 904 3799 dedit
921 3750 1171 3798 Manutius
1186 3766 1248 3797 ex
1266 3750 1504 3812 Asconio,
1664 3758 1718 3805 4.
1756 3748 2019 3799 Comitum
2070 3750 2331 3814 legendum
2378 3754 2629 3803 existima-

486 3847 632 3894 quem
661 3830 857 3893 sequuti
881 3840 996 3877 sunt
1022 3828 1244 3891 Desjard.
1270 3829 1385 3878 Sch.
1405 3839 1503 3877 etc.
1590 3828 1675 3879 bat
1688 3830 1973 3879 Gronovius
1988 3830 2629 3895 pateradLiv.XXXV111‚

485 3910 676 3973 Nempe
711 3908 847 3973 quod
872 3909 924 3956 in
949 3909 1080 3972 Epp.
1107 3907 1170 3958 ad
1189 3910 1297 3956 Att.
1312 3910 1382 3967 11,
1409 3923 1467 3955 12
1489 3942 1505 3967 ,
1594 3908 1678 3957 33.
1706 3909 1941 3970 Quamvis
1960 3908 2242 3957 Tullianum
2271 3927 2375 3960 eene
2400 3914 2625 3963 concita-

485 4012 512 4031 «
533 3988 636 4035 dies
659 3988 826 4036 nullus
849 3997 950 4034 erat
978 4003 1080 4050 quo
1116 3986 1220 4047 die,
1246 3996 1380 4034 etc.»
1403 3985 1507 4035 Cur
1592 4000 1705 4037 tura
1726 3988 1981 4038 fateretur.

479 4071 689 4117 intanto
715 4065 1132 4131 grammaticorum
1153 4066 1504 4131 MStornmque
1666 4068 1714 4114 5.
1734 4068 1945 4116 Factum
1961 4065 2027 4115 sit
2042 4066 2096 4115 in
2113 4067 2192 4117 ed.
2206 4072 2332 4119 Ven.
