2984 4684
515 335 660 434 498
1155 334 1250 401 Μ.
1297 335 1374 400 Τ.
1428 331 1989 400 CICERONIS

513 459 774 557 gratias
807 457 926 528 isti
959 466 1300 552 egerunt:
1343 454 1835 549 Carpinatium
1880 473 2069 548 saepe
2106 449 2197 521 ad
2240 473 2319 522 se
2352 449 2441 521 de
2484 451 2641 545 ejus

515 565 770 638 officiis
806 565 1044 636 literas
1073 564 1346 634 misisse
1379 560 1741 634 dixerunt.

613 681 860 748 LXXI.
897 678 1037 744 Iste
1073 697 1304 771 quum
1344 669 1839 769 respondisset
1856 725 1879 758 ,
1939 691 2017 740 se
2058 693 2143 740 ea
2178 667 2489 741 libenter
2532 667 2639 740 fe-

513 791 728 874 cisse,
758 808 1162 884 operasque
1188 782 1581 879 Carpinatii
1612 801 2054 880 magnopere
2086 777 2477 865 laudassem
2516 778 2641 850 dat

511 901 744 971 amico
783 921 918 969 suo
959 892 1244 966 cuidam
1279 893 1695 990 negotium,
1730 891 1864 986 qui
1914 904 2071 960 tum
2118 892 2454 988 magister
2486 904 2642 961 erat

511 1012 667 1106 ejus
697 1008 1090 1090 societatis,
1133 1018 1216 1076 ut
1249 1001 1637 1100 diligenter
1672 1015 1959 1074 caveret
2008 1015 2231 1098 atque
2266 1001 2641 1104 prospice·

509 1134 654 1206 ret,
701 1143 794 1190 ne
843 1115 1020 1215 quid
1061 1127 1244 1186 esset
1283 1117 1360 1186 in
1407 1111 1635 1183 literis
1676 1113 2083 1198 sociorum,
2128 1108 2333 1208 quod
2382 1125 2639 1182 contra

507 1251 720 1300 suum
741 1240 961 1324 caput
977 1239 1196 1321 atque
1221 1223 1823 1294 existimationem
1850 1221 2082 1293 valere
2108 1235 2370 1318 posset.
2384 1225 2637 1318 Itaque

507 1340 628 1412 ille
651 1350 699 1426 ¹,
739 1335 1206 1408 multitudine
1245 1334 1607 1404 sociorum
1636 1347 1915 1402 remota
1936 1383 1957 1420 ,
1990 1329 2431 1404 decumanos
2458 1355 2637 1402 con·

507 1465 752 1522 vocat:
785 1473 940 1520 rem
979 1445 1232 1518 defert.
1282 1448 1627 1515 Statuunt
1670 1442 1773 1512 illi
1816 1456 2039 1540 atque
2072 1440 2515 1529 decernunt,
2556 1456 2637 1512 ut

506 1587 606 1634 εει)
659 1560 914 1644 literae,
959 1556 1228 1655 quibus
1289 1556 1723 1626 existimatio
1778 1558 1865 1624 C.
1905 1553 2149 1626 Verris
2218 1550 2633 1640 laederetur,

501 1680 1074 1752 removerentur,
1113 1687 1480 1762 operaque
1526 1663 1854 1750 daretur,
1893 1688 1987 1734 ne
2034 1687 2119 1734 ea
2156 1687 2275 1734 res
2314 1667 2393 1734 C.
2428 1664 2637 1733 Verri

502 1779 736 1852 fraudi
779 1800 932 1849 esse
979 1789 1240 1874 posset.
1295 1776 1370 1846 Si
1417 1773 1727 1846 ostendo
1748 1827 1769 1858 ,
1806 1773 1949 1846 hoc
1982 1772 2381 1846 decrevisse
2417 1770 2632 1844 decu·

501 1913 792 1975 manos;
835 1890 894 1958 si
936 1885 1234 1984 planum
1281 1883 1503 1972 facie,
1537 1885 1679 1957 hoc
1702 1883 1997 1958 decreto
2032 1899 2343 1956 remotas
2368 1908 2523 1956 esse
2554 1884 2634 1954 li-

501 2015 727 2070 teras:
757 1992 934 2092 quid
961 1996 1388 2090 exspectatis
1417 1995 1777 2093 amplius?
1808 2019 2201 2094 possumne
2226 2019 2378 2066 rem
2408 1995 2633 2092 magis

493 2106 886 2203 judicatam
917 2101 1200 2192 afferre,
1243 2110 1466 2202 magis
1490 2130 1703 2177 reum
1742 2105 2307 2178 condemnatum
2344 2109 2421 2177 in
2444 2105 2633 2200 jndi-

495 2221 688 2288 cium
725 2213 1127 2286 adducere?
1177 2217 1268 2285 At
1317 2237 1633 2312 quorum
1684 2213 1965 2311 judicio
2018 2214 2635 2288 condemnatum?

497 2349 760 2422 nempe
807 2347 1058 2394 eorum
1077 2335 1134 2410 ²,
1189 2347 1376 2421 quos
1427 2327 1515 2413 ii,
1560 2327 1689 2422 qui
1736 2327 2095 2398 severiora
2128 2325 2403 2422 judicia
2448 2326 2630 2400 desi-

495 2433 786 2521 derant,
823 2433 1264 2506 arbitrantur
1297 2459 1410 2510 res
1438 2435 1763 2530 judicare
1796 2451 2172 2534 oportere,
2200 2435 2631 2535 publicano-

489 2571 656 2618 rum
707 2546 1020 2642 judici03
1079 2569 1268 2641 qnos
1331 2546 1667 2618 videlicet
1727 2572 1927 2619 nunc
1988 2546 2307 2645 populus
2350 2547 2633 2642 judices

493 2658 758 2754 poscit;
797 2655 890 2726 de
937 2653 1246 2751 quibus,
1292 2670 1376 2726 ut
1419 2681 1548 2734 eos
1590 2656 1871 2752 judiees
1920 2656 2351 2744 habeamus,
2398 2659 2629 2756 legem

493 2769 583 2842 ab
629 2761 972 2837 homine³
1003 2791 1156 2838 non
1197 2769 1427 2838 nostri
1465 2770 1785 2864 generis,
1816 2793 1967 2842 non
2000 2793 2087 2842 ex
2122 2773 2441 2868 equestri
2466 2769 2631 2841 loco

495 2875 861 2973 profectu,
924 2874 1051 2946 sed
1121 2875 1574 2950 nobilissimo
1596 2931 1615 2966 ,
1686 2879 2215 2977 promulgatam
2280 2878 2625 2952 videmus,

491 2992 886 3061 Decumani
909 3045 928 3076 ,
969 2990 1107 3060 hoc
1145 3007 1290 3080 est,
1337 2995 1703 3091 principes
1736 3010 1807 3066 et
1845 2999 2051 3092 quasi
2084 3009 2451 3067 senatores
2484 3021 2621 3096 pu-

557 3236 740 3285 Lxxl.
766 3251 808 3281 1.
829 3233 938 3280 1110.
975 3233 1214 3296 Magister
1237 3234 1322 3282 ille
1347 3239 1509 3284 nocie·
1675 3255 1720 3287 a.
1764 3239 1951 3304 Nempe
1983 3253 2167 3287 eorum.
2210 3239 2445 3303 Equitum
2498 3255 2625 3288 rom.

485 3317 622 3376 ratis,
663 3323 845 3361 remon
879 3311 1254 3376 publicanorum
1294 3315 1511 3363 multitu·
1600 3333 1811 3383 quorum
1836 3333 1896 3368 ex
1920 3317 2097 3366 ordine
2116 3329 2257 3366 erant
2280 3317 2548 3383 publicani.

487 3399 631 3454 dine,
653 3407 839 3443 tantum
863 3394 1191 3454 decumanos,
1235 3397 1267 3445 i.
1287 3413 1330 3446 e.
1359 3399 1512 3444 socie-
1674 3399 1721 3446 3.
1769 3397 1848 3447 Ab
1890 3395 2098 3445 leontina.
2136 3398 2329 3460 Nempe
2368 3399 2467 3447 boc
2518 3399 2628 3463 ipso

485 3480 597 3526 tatis
647 3475 896 3540 principe·
949 3485 998 3522 et
1045 3475 1186 3537 quani
1233 3487 1480 3524 senatores
1496 3511 1513 3534 ,
1600 3490 1731 3526 anno
1771 3475 1873 3525 ⁶83
1910 3477 1967 3526 C.
2008 3477 2236 3525 Aurelius
2268 3477 2413 3525 Cotta
2443 3488 2627 3542 pretor

481 3571 540 3606 ut
559 3558 628 3604 ait
653 3553 828 3605 Cicero
844 3589 859 3611 ‚
879 3565 1134 3602 convocat.
1157 3553 1376 3620 Apparet
1395 3557 1513 3604 inde
1600 3555 1753 3622 legem
1772 3557 1886 3605 tulit
1912 3567 1967 3604 ut
1988 3555 2173 3618 judicia
2198 3556 2327 3604 inter
2353 3569 2627 3614 senatores,

484 3638 610 3684 hanc
655 3633 934 3682 societatem
973 3634 1119 3680 etiam
1160 3633 1388 3684 decumas
1419 3637 1511 3685 ha-
1598 3647 1866 3700 equestrem
1884 3635 2110 3684 ordinem
2130 3669 2144 3692 ‚
2162 3645 2212 3683 et
2230 3633 2456 3683 tribunos
2472 3637 2627 3684 nnn-ti

483 3716 678 3771 buiue3
713 3723 800 3760 tut
835 3715 1100 3776 generatim
1132 3711 1512 3777 publicanorum
1602 3717 2092 3763 communicat-entur.
2114 3713 2267 3776 Quod
2294 3731 2404 3762 eum
2426 3731 2531 3763 non
2556 3715 2629 3763 in·

485 3793 732 3860 principes
754 3792 818 3841 ad
841 3805 967 3855 quos
993 3791 1239 3840 societatis
1267 3793 1535 3848 reddenda.
1602 3795 1791 3842 sensum
1836 3793 2060 3842 Patribus
2110 3791 2279 3841 secisse
2328 3793 2628 3843 demonstrat

483 3873 615 3922 ratio
633 3869 934 3935 perducit-t,
959 3870 1060 3918 hoe
1083 3872 1286 3921 nomine
1305 3875 1514 3939 appella·
1602 3885 1788 3930 orator,
1820 3873 2005 3938 quippe
2028 3875 2111 3937 qui
2133 3873 2396 3938 patricius.
2426 3873 2531 3922 solu
2544 3873 2625 3940 jn·

489 3967 566 4002 tos
597 3952 758 3999 fuisse.
790 3949 938 4010 Quod
961 3951 1142 3998 certius
1167 3967 1270 4000 esse
1295 3953 1511 4004 videtur.
1602 3951 1843 4000 diciorum
1880 3953 2075 4001 infamia
2110 3952 2172 4000 ad
2198 3953 2251 4001 id
2287 3953 2530 4003 adductus
2562 3954 2624 4001 sit

483 4035 561 4083 Cf.
581 4031 644 4080 ad
658 4029 780 4078 calc.
805 4040 930 4078 orat.
953 4030 1004 4078 h.
1023 4031 1145 4078 Rxc.
1163 4031 1298 4080 Isde
1311 4033 1507 4098 Vectig.
1602 4041 1657 4080 ut
1676 4032 1826 4095 legem
1845 4031 2193 4095 promulgaret.
