2984 4684
572 375 712 450 568
1344 377 1910 448 EXCURSUS

560 503 671 584 sit,
726 499 909 589 quod
942 521 1171 590 garum
1206 501 1536 564 sociorum
1560 548 1581 582 ,
1623 501 1776 589 quia
1809 499 2142 564 societates
2189 499 2704 587 publicanorum

562 609 675 672 illo
712 607 783 670 in
822 606 1049 695 primis
1082 605 1586 688 delectarentur,
1625 623 1744 668 aar·
1773 615 1940 684 ὶξοχῆν
1985 605 2434 694 appellabatur
2477 607 2704 694 liquor

560 715 702 794 ille,
740 735 859 778 seu
894 713 1103 777 sanies
1138 714 1447 802 pretiosa,
1486 729 1564 777 ut
1603 713 1906 777 Manilius
1937 729 2155 794 vocat,
2207 727 2549 800 tantopere
2593 735 2698 776 cc-

560 819 803 884 lebrata
830 819 1193 902 veteribus3
1216 841 1365 908 quae
1390 819 1526 909 gari
1543 867 1566 900 ,
1591 835 1704 884 aut
1725 818 2012 883 scombri
2041 819 2233 906 piscis
2267 841 2348 882 ex
2373 819 2694 882 intestinis

560 924 1029 992 conficiebatur
1084 925 1249 990 tanti
1304 925 1524 1014 pretii,
1573 942 1652 990 ut
1695 925 1966 1014 singulis
2011 924 2298 989 millibus
2345 946 2694 989 nummum

564 1033 795 1120 (circit.
828 1036 953 1110 204
994 1032 1075 1096 fr.
1118 1029 1207 1097 50
1250 1032 1518 1117 centes.)
1561 1046 2088 1120 peu-mutarentur
2117 1031 2336 1120 congii
2365 1031 2504 1094 fere
2533 1031 2692 1094 bini.

564 1139 735 1204 Plin.
770 1137 967 1202 Hard.
998 1138 1109 1203 lib.
1140 1139 1403 1221 XXXI,
1444 1161 1583 1227 cap.
1617 1137 1735 1223 433
1773 1139 1930 1203 Sen.
1967 1139 2150 1227 epist.
2181 1137 2304 1223 953
2347 1137 2694 1218 Martialis»,

562 1243 675 1310 lib.
704 1245 897 1326 XIII,
942 1245 1109 1335 epig.
1133 1266 1277 1308 ιω.

650 1350 749 1415 De
778 1350 1281 1438 publicanorum
1314 1352 1577 1416 avaritia
1617 1351 1790 1441 pleni
1827 1367 1986 1415 sunt
2009 1365 2307 1416 veterum
2351 1350 2522 1414 libri.
2567 1348 2692 1414 Sed

564 1455 693 1518 hoc
721 1455 869 1519 loco
901 1455 1301 1544 intelligendi
1334 1474 1493 1522 sunt
1531 1457 1578 1520 ii
1611 1457 1968 1545 praecipue,
2005 1457 2122 1543 qui
2156 1478 2386 1545 operas
2418 1455 2698 1544 publica-

562 1583 801 1626 norum
834 1563 1249 1628 societatibus
1284 1562 1546 1630 dabant.
1589 1563 1676 1627 Hi
1709 1585 1909 1650 quam
1945 1559 2208 1645 flaude,
2249 1563 2542 1642 avaritia,
2571 1561 2693 1624 im-

562 1665 911 1750 modestia,
938 1665 1206 1732 audaeia
1244 1683 1558 1756 superent
1597 1683 1850 1731 ceteros
1883 1667 2182 1731 homines
2221 1689 2420 1731 nemo
2449 1683 2552 1730 est
2583 1667 2692 1752 qui

562 1773 839 1854 nesciat,
886 1775 1103 1862 inquit
1135 1774 1467 1856 Cujacius,
1511 1775 1580 1838 in
1621 1774 1831 1838 Parat.
1855 1773 1939 1837 ad
1981 1773 2094 1838 lib.
2125 1773 2414 1838 XXXIX
2451 1773 2692 1862 Digest.

562 1881 659 1945 tit.
693 1885 757 1959 4.
792 1881 1027 1948 Narrat
1060 1883 1312 1966 Livius,
1354 1883 1566 1964 XXV,
1603 1883 1642 1946 3
1663 1931 1682 1966 ,
1721 1881 1812 1950 M.
1855 1883 2146 1946 Postumi
2181 1881 2530 1970 Pyrgensis
2573 1883 2692 1944 im-

560 1985 877 2076 pudentia
928 1987 1239 2075 singulari
1298 2009 1506 2076 prope
1567 1988 1810 2051 factum
1833 2032 1852 2068 ,
1921 2003 1999 2051 ut
2051 1987 2260 2052 turbas
2303 1987 2598 2050 maxima!
2627 1987 2692 2048 in

560 2091 739 2155 Urbe
772 2093 1275 2168 concitarentur.
1316 2096 1548 2180 Itaque
1584 2093 1848 2158 Paullus
1881 2093 2184 2158 AEmilius
2218 2094 2285 2155 in
2319 2091 2694 2157 Macedonia

558 2195 923 2262 ordinanda
958 2199 1199 2262 metalli
1238 2198 1644 2264 Maoedonici
1665 2247 1684 2280 ,
1719 2198 1900 2287 quod
1947 2200 2180 2287 ingens
2217 2215 2356 2262 erat
2393 2199 2659 2288 vectigal
2673 2247 2691 2276 ,

560 2317 629 2366 et
660 2299 1055 2390 praeliorum
1084 2303 1485 2368 rusticorum
1519 2305 1874 2370 locationes
1919 2305 2060 2368 tolli
2103 2305 2348 2384 voluit,
2381 2305 2570 2393 quod
2597 2305 2690 2368 in·

560 2407 879 2497 telligeret
914 2408 1057 2473 sine
1097 2409 1449 2497 publicano
1499 2433 1574 2474 ea
1621 2411 1904 2474 exerceri
1953 2431 2092 2474 non
2143 2433 2374 2499 posse3
2429 2427 2498 2474 et
2537 2441 2566 2466 ι
2585 2411 2688 2473 ubi

440 2585 447 2591 ,
558 2515 943 2602 publicanus
972 2531 1175 2598 esset,
1218 2516 1321 2580 ibi·
1352 2533 1471 2581 aut
1505 2517 1614 2597 jus
1665 2517 2003 2605 publicum
2039 2539 2282 2581 vanum
2300 2564 2320 2599 ,
2361 2533 2480 2580 aut
2513 2517 2690 2580 liber-

558 2635 757 2684 tatem
788 2621 981 2684 sociis
1012 2621 1261 2700 nullam
1296 2641 1439 2688 esse
1454 2653 1500 2686 ι.
1539 2623 1674 2686 Liv.
1703 2621 1814 2686 lib.
1851 2622 2046 2704 XLV,
2081 2641 2152 2687 c:
2174 2623 2271 2687 18.
2313 2623 2502 2686 Hanc
2537 2621 2690 2686 Livii

557 2729 944 2791 sententiam
976 2727 1361 2816 comprobat
1388 2729 1465 2793 P.·
1497 2729 1757 2810 Rutilii,
1789 2729 1912 2792 viri
1945 2729 2500 2809 innocentissimi,
2531 2729 2690 2793 mla-

560 2831 785 2896 mitas:
822 2831 1003 2896 hunc
1032 2835 1285 2921 equites
1320 2836 1610 2918 romani,
1639 2835 1755 2922 qui
1779 2851 1924 2900 tum
1951 2835 2072 2899 soli
2093 2833 2508 2914 judicabant,
2537 2855 2686 2897 con-

560 2935 991 3020 demnarunt,
1032 2940 1217 3027 quod
1250 2941 1502 3031 legatus
1549 2943 1633 3024 Q.
1685 2941 1889 3005 Mucii
1937 2941 2348 3030 proconsulis
2392 2941 2602 3004 Asiam
2649 2961 2684 3000 a

558 3044 1055 3130 publicanorum
1098 3045 1349 3126 injuriis
1390 3045 1788 3112 defenderat.
1825 3047 1958 3111 Cic.
2003 3045 2086 3110 de
2125 3047 2306 3111 Orat.
2341 3048 2408 3128 1,
2443 3070 2578 3134 cap.
2611 3043 2682 3108 53

560 3167 627 3216 et
658 3173 839 3239 seqq.
873 3151 1133 3217 Liviana
1164 3153 1333 3240 Epit.
1366 3175 1471 3240 7⁰·
1507 3152 1674 3217 Inde
1709 3154 1874 3221 mire
1903 3151 2376 3217 confirmantur
2404 3153 2686 3240 preclara

564 3256 669 3320 illa
698 3257 778 3321 cl.
796 3257 1234 3346 Montes-quien
1260 3259 1455 3324 verba
1472 3308 1490 3341 ,
1530 3260 1645 3346 qui
1681 3255 1766 3322 de
1799 3258 2060 3339 judiciis
2091 3259 2174 3322 ad
2207 3261 2460 3346 equites
2491 3257 2686 3341 relatis

562 3364 887 3451 loquens:
936 3395 961 3418 a·
990 3363 1365 3453 Numquam
1414 3365 1688 3430 miseriis
1747 3366 2060 3430 succincti
2113 3365 2416 3429 homines
2435 3414 2456 3447 ,
2517 3381 2584 3428 et
2627 3359 2684 3424 id

560 3491 771 3534 unum
808 3487 1169 3557 quaerentes
1204 3487 1279 3534 ut
1314 3471 1725 3536 necessitates
1758 3471 2048 3559 publicas
2081 3494 2159 3534 ex
2184 3471 2466 3560 publicis
2493 3491 2690 3532 neces·

560 3575 857 3640 sitatibus
880 3593 1197 3658 sererent,
1220 3579 1588 3666 aequissime
1613 3593 1976 3666 potuerunt
1995 3576 2306 3657 judicare.
2333 3577 2434 3641 Illi
2466 3575 2690 3640 scilicet

554 3678 952 3758 judiciorum
1006 3685 1423 3749 severissimae
1476 3681 1790 3748 custodite
1837 3683 2134 3748 tradendi
2191 3699 2410 3764 erant,
2459 3681 2686 3746 nedum

560 3786 681 3871 ipsi
714 3809 788 3850 ea
820 3806 1235 3854 exercerent:
1280 3813 1496 3878 neque
1519 3791 1610 3854 illi
1639 3790 1890 3868 ordini,
1932 3792 2049 3878 qui
2084 3789 2170 3854 ad
2197 3811 2412 3854 unum
2451 3791 2686 3853 lucr-um

560 3909 888 3977 spectans,
923 3917 1181 3985 semper
1218 3897 1542 3988 exigebat,
1583 3921 1794 3985 quum
1837 3899 1918 3961 ab
1969 3899 2112 3984 ipso
2153 3896 2313 3960 nihil
2353 3912 2686 3986 peteretur,

559 3993 809 4060 divitias
858 4022 931 4063 ac
978 4018 1421 4089 paupertatem
1470 4003 1676 4090 ipsam
1722 4003 2141 4068 exhauriebat
2157 4051 2173 4084 ‚
2212 4004 2438 4066 Romae
2467 3999 2687 4080 judicia

557 4115 740 4164 erant
768 4104 1237 4170 committenda
1258 4137 1301 4171 n.
1330 4107 1552 4195 Εφνίε
1571 4107 1678 4171 des
1699 4107 1876 4188 Lois,
1911 4108 2045 4189 XI,
2095 4107 2192 4174 18.
2231 4106 2412 4171 Fecit
2445 4104 2685 4172 tandem
2753 4153 2764 4160 .
