2984 4684
728 385 834 454 IN
884 385 1332 453 VERREM
1379 383 1591 452 ACT.
1634 383 1747 468 II,
1802 385 1989 455 LIB.
2028 386 2126 454 II.
2352 387 2494 480 449

368 507 646 579 Sthenii
669 506 970 578 domum
1003 521 1205 578 suam
1233 509 1470 577 statim
1489 506 1838 590 invitant,
1874 520 1959 576 ut
1989 507 2311 578 animum
2340 509 2497 634 ejus

363 623 443 690 in
473 619 850 692 Sthenium
877 616 1447 705 inflammarent,
1475 616 1940 694 ementiendo
1970 616 2243 715 aliquid
2272 633 2347 690 et
2364 621 2498 689 cri-

363 729 732 801 minando.
765 735 850 799 Hi
888 743 1130 800 autem
1160 741 1366 800 erant
1397 724 1749 854 [inimici]
1786 729 2226 854 Agathinus,
2270 730 2497 802 homo

361 838 670 929 nobilis,
727 853 802 910 et
854 837 1316 926 Dorotheus,
1369 841 1499 934 qui
1544 827 1855 908 habebat
1896 841 1974 910 in
2032 843 2495 914 matrimonio

361 950 824 1021 Callidamam
835 948 1211 1047 ,Agathini
1233 947 1388 1044 ejus
1413 945 1670 1036 filiam,
1698 945 1790 1018 de
1814 971 1961 1046 qua
1985 951 2119 1020 iste
2147 949 2491 1022 audierat.

359 1065 618 1158 Itaque
645 1059 733 1131 ad
759 1083 1108 1158 generum
1136 1059 1473 1157 Agathini
1502 1058 1809 1155 migrare
1840 1058 2115 1130 maluit.
2156 1064 2317 1132 Una
2346 1086 2489 1132 nox

276 1261 286 1272 ⁸
357 1173 896 1256 intercesserat,
925 1193 1156 1266 quum
1195 1171 1330 1240 iste
1365 1167 1825 1240 Dorotheum
1860 1169 1963 1240 sic
1998 1167 2370 1267 diligebat,
2414 1185 2498 1241 ut

357 1279 664 1368 diceres,
689 1281 935 1350 omnia
963 1280 1152 1349 inter
1178 1303 1302 1349 eos
1325 1303 1482 1351 esse
1509 1281 1923 1353 communia
1940 1275 2023 1322 3·
2006 1278 2491 1376 :Agathinum

355 1392 456 1462 ita
489 1387 957 1476 observabat,
995 1403 1078 1458 ut
1113 1387 1428 1514 aliquem
1465 1386 1801 1460 affinem‘·
1830 1414 1913 1460 ac
1937 1392 2487 1488 propinquum.

353 1499 824 1571 contemnere
869 1499 1082 1570 etiam
1122 1501 1410 1596 signum
1445 1497 1629 1568 illud
1664 1499 1971 1570 Himerae
2000 1500 2150 1594 jam
2192 1498 2493 1572 videba-

354 1624 500 1698 tur,
539 1608 739 1706 quod
776 1631 944 1679 eum
979 1606 1210 1679 multo
1249 1610 1474 1704 magis
1512 1605 1745 1718 figura
1782 1623 1857 1680 et
1886 1606 2321 1681 lineamenta
2358 1609 2490 1681 ho-

355 1723 557 1818 spitae
603 1717 1082 1798 delectabant
2506 1719 2513 1727 ’

450 1831 808 1900 XXXVII.
848 1832 1104 1924 Itaque
1139 1826 1414 1898 hortari
1447 1827 1785 1898 homines
1819 1829 2073 1926 coepit,
2108 1843 2191 1899 ut
2218 1830 2494 1928 aliquid

349 1939 648 2012 Sthenio
697 1937 1000 2037 periculi
1042 1951 1372 2009 crearent
1392 1988 1412 2024 ‚
1463 1939 1929 2035 criminisque
1968 1938 2489 2039 confingerent.

349 2050 708 2122 Dicebant
733 2075 810 2121 se
845 2049 950 2120 illi
977 2048 1160 2121 nihil
1187 2047 1458 2120 habere
1476 2102 1497 2137 ,
1532 2046 1737 2146 quod
1758 2047 2105 2121 dicerent.
2136 2054 2321 2122 Tum
2357 2055 2491 2123 iste

347 2161 464 2234 his
505 2175 752 2260 aperte
791 2159 1112 2231 ostendit
1145 2173 1218 2230 et
1261 2158 1719 2231 confirmavit
1740 2212 1759 2245 ‚
1792 2183 1919 2230 eos
1956 2160 2033 2230 in
2070 2158 2490 2249 Sthenium,

343 2271 712 2371 quidquid
734 2270 1040 2360 vellent,
1081 2270 1294 2342 simul
1321 2285 1541 2368 atque
1578 2271 1667 2342 ad
1697 2295 1773 2343 sc
1810 2269 2273 2358 detulissent,
2314 2298 2489 2372 pro·-

347 2381 646 2454 baturos
663 2392 716 2450 1.
747 2387 856 2452 Ita
887 2379 990 2451 illi
1019 2405 1172 2452 non
1207 2381 1787 2478 procrastinant:
1826 2379 2211 2452 Sthenium
2244 2387 2489 2455 statim

343 2490 712 2564 educunt²
735 2518 757 2580 ;
779 2494 985 2561 aiunt
1005 2486 1097 2560 ab
1119 2514 1208 2560 eo
1237 2490 1478 2590 literas
1502 2487 1831 2587 publicas
1856 2513 2013 2562 esse
2038 2507 2415 2588 corruptas
2436 2491 2487 2562 ³.

341 2601 688 2674 Sthenius
718 2598 1082 2699 postulat,
1113 2613 1198 2672 ut
1229 2623 1464 2696 quum
1491 2623 1740 2672 secum
1777 2599 1890 2671 sui
1926 2602 2117 2670 cives
2148 2616 2361 2697 agant
2398 2603 2491 2674 de

341 2822 408 2871 ed
429 2821 544 2872 Div.
569 2824 625 2884 1,
654 2821 713 2884 53
743 2820 855 2870 Fin.
880 2821 985 2878 111,
1015 2833 1111 2880 ²03
1131 2817 1282 2868 ome.
1309 2817 1366 2876 1.

352 2917 412 2950 10
427 2935 442 2960 ,
467 2901 519 2949 id
537 2913 610 2950 eet
627 2935 644 2962 ,
670 2899 914 2966 negligere
936 2895 1200 2964 significem
1227 2897 1294 2945 ite
1310 2909 1367 2946 ut

343 2980 690 3045 intelligamus,
705 2983 907 3030 Verrem
932 2993 1086 3044 quum
1103 2980 1204 3041 jam
1225 2989 1366 3026 antee

341 3075 370 3108 e
399 3061 600 3110 Sthenio
627 3060 923 3109 abalienatus
941 3068 1088 3115 esset,
1112 3073 1366 3123 quumque

341 3155 452 3187 eum
477 3139 719 3206 negligere
742 3139 998 3204 coepiseet,
1016 3149 1135 3186 tunc
1154 3137 1364 3202 datique

340 3220 648 3268 vehementer
678 3221 725 3268 ei
761 3219 1028 3280 infensum,
1055 3217 1193 3282 quod
1225 3217 1364 3281 tigne

339 3298 526 3346 auferre
551 3299 734 3346 volenti
761 3297 1040 3354 restitisset,
1060 3307 1224 3361 aperte
1251 3312 1366 3344 cum

339 3389 404 3422 eo
439 3378 716 3426 inimicitias
745 3377 992 3426 habuisse.
1019 3377 1236 3426 Videant
1272 3374 1364 3424 do·

271 3509 278 3516 ο
341 3453 540 3502 otiores.

414 3535 466 3582 3.
493 3531 796 3581 commmia.
819 3537 993 3582 Groeco
1013 3533 1280 3598 proverbio
1301 3535 1365 3582 el-

338 3612 465 3661 ludit
496 3621 692 3666 oretor,
723 3607 788 3659 τὰ
826 3615 920 3660 τῶν
955 3611 1100 3678 φίλων
1133 3608 1283 3662 κοινά·
1313 3622 1364 3660 et

339 3690 498 3740 obiter
522 3688 708 3738 iudicet
731 3689 972 3740 Dorothei
998 3707 1196 3756 quoqne
1237 3707 1364 3740 uxo·

337 3787 440 3820 :em
467 3771 520 3818 in
545 3785 802 3820 commune
825 3769 1058 3820 habitam.

411 3859 461 3906 4.
477 3849 711 3917 Affinem.
732 3850 886 3914 Quasi
909 3865 1130 3898 socerum
1150 3850 1364 3909 seilicet,

333 3931 526 3995 ’quippe
549 3931 692 3992 cujus
707 3947 818 3978 cum
839 3927 942 3978 fili·
963 3945 1068 3978 rem
1092 3929 1368 3990 habuissem

339 4010 409 4056 sic
435 4025 580 4074 cupre
598 4008 780 4078 affines
805 4011 1036 4058 occurrit.

409 4089 675 4138 xxxvn.
721 4105 765 4138 ι.
815 4089 1135 4139 Probatur-os,
1189 4087 1364 4138 Fidem

530 4179 585 4244 Ῑ.
635 4192 721 4239 Cic.
741 4207 855 4255 pars
875 4190 1092 4239 secunda.

1453 2818 1590 2884 apud
1618 2835 1672 2867 se
1689 2819 1889 2866 Verrem
1909 2816 2167 2866 habituros
2180 2849 2195 2876 ,
2233 2817 2311 2866 vel
2346 2819 2487 2868 nullo

1453 2898 1705 2963 appellato
1733 2908 1872 2946 teste.

1567 2978 1864 3027 ..Educ-une
1898 2979 1959 3026 In
1984 2978 2067 3040 jus
2089 2988 2285 3026 vocant.
2308 2979 2379 3027 Ut
2404 2995 2488 3027 sn·

1449 2993 1555 3121 pr:
1562 3073 1671 3122 cep.
1696 3057 1786 3106 26.

1524 3137 1578 3186 3.
1618 3139 1739 3184 Esse
1778 3148 2049 3201 corruptas.
2085 3136 2235 3200 Quod
2279 3135 2485 3202 capitale

1450 3217 1636 3264 crimen
1672 3225 1805 3274 erat,
1848 3228 1898 3264 et
1927 3215 2031 3279 lege
2061 3215 2285 3265 Cornelia
2324 3225 2481 3264 morte

1450 3294 1774 3360 plectebatur.
1808 3295 1907 3344 Sed
1945 3295 2043 3344 hoc
2084 3294 2325 3356 judicium
2372 3311 2477 3344 uon

1449 3376 1659 3440 capitale
1680 3376 1888 3440 primum
1911 3376 2058 3424 fuisse
2073 3373 2155 3422 hic
2174 3374 2479 3438 intelligitur.

1448 3455 1617 3516 Quum
1634 3455 1765 3502 enim
1782 3465 1948 3518 postea
1967 3453 2269 3520 Agathinum
2288 3453 2481 3518 rogavit

1451 3534 1526 3581 nti
1550 3534 1803 3584 Sthenium
1836 3545 2083 3582 accusaret
2097 3568 2113 3590 ,
2146 3532 2344 3596 negavit
2366 3530 2449 3579 ille
2466 3565 2481 3588 ,

1451 3629 1504 3660 ee
1532 3613 1735 3662 Sthenio
1764 3611 1887 3660 adeo
1915 3613 2169 3660 inimicum
2194 3627 2322 3668 esse,
2344 3622 2400 3660 ut
2424 3612 2478 3658 in

1451 3691 1626 3756 cepitis
1650 3691 1923 3754 periculum
1950 3690 2231 3738 adduceret.
2255 3689 2377 3738 Inde
2394 3706 2480 3754 ap-

1451 3779 1589 3834 paret
1620 3785 1817 3834 poenem
1852 3769 2162 3818 solummodo
2191 3768 2243 3815 in
2269 3770 2479 3834 pecuina

1450 3861 1537 3898 eut
1580 3863 1787 3913 corpore
1820 3849 1969 3897 fuisse
2010 3847 2351 3905 constitutum
2382 3849 2479 3896 uisi

1462 3929 1591 3976 sorte
1609 3928 1705 3975 hoc
1724 3943 1787 3976 ex
1806 3927 1989 3988 judicis
2011 3926 2213 3975 arbitrio
2232 3927 2479 3990 penderet.

1457 4029 1484 4050 α
1499 4009 1616 4056 Non
1632 4007 1855 4074 capitalia
1866 4007 2050 4069 judicie
2069 4007 2277 4069 suut,ait
2289 4008 2485 4056 Paullus

1457 4089 1511 4135 in
1549 4087 1636 4134 lib.
1671 4089 1719 4134 11
1756 4087 1821 4135 de
1856 4087 1997 4152 publ.
2018 4086 2178 4150 indic.
2208 4103 2269 4134 ex
2307 4087 2487 4150 quibus

2158 4197 2249 4268 29
