<?xml version="1.0" encoding="UTF-8"?>
<!DOCTYPE html PUBLIC "-//W3C//DTD XHTML 1.0 Transitional//EN"
    "http://www.w3.org/TR/xhtml1/DTD/xhtml1-transitional.dtd">
<html xmlns="http://www.w3.org/1999/xhtml" xml:lang="en" lang="en">
 <head>
  <title>
</title>
<meta http-equiv="Content-Type" content="text/html;charset=utf-8" />
  <meta name='ocr-system' content='tesseract 3.04.00' />
  <meta name='ocr-capabilities' content='ocr_page ocr_carea ocr_par ocr_line ocrx_word'/>
</head>
<body>
  <div class='ocr_page' id='page_1' title='image "./mtciceronisquae03lemagoog_0339.png"; bbox 0 0 2984 4684; ppageno 0'>
   <div class='ocr_carea' id='block_1_1' title="bbox 806 370 2554 469">
    <p class='ocr_par' dir='ltr' id='par_1_1' title="bbox 806 370 2554 469">
     <span class='ocr_line' id='line_1_1' title="bbox 806 370 2554 469; baseline -0.001 -28"><span class='ocrx_word' id='word_1_1' title='bbox 806 372 921 443; x_wconf 83' lang='lat' dir='ltr'><strong>IN</strong></span> <span class='ocrx_word' id='word_1_2' title='bbox 968 370 1399 441; x_wconf 78' lang='lat' dir='ltr'><strong>VERREM</strong></span> <span class='ocrx_word' id='word_1_3' title='bbox 1444 371 1660 441; x_wconf 78' lang='lat' dir='ltr'><strong>AcT.</strong></span> <span class='ocrx_word' id='word_1_4' title='bbox 1711 370 1821 455; x_wconf 89' lang='lat'><strong>11,</strong></span> <span class='ocrx_word' id='word_1_5' title='bbox 1870 373 2064 440; x_wconf 78' lang='lat' dir='ltr'><strong>Lm.</strong></span> <span class='ocrx_word' id='word_1_6' title='bbox 2119 372 2171 440; x_wconf 91' lang='lat'><strong>1.</strong></span> <span class='ocrx_word' id='word_1_7' title='bbox 2414 396 2554 469; x_wconf 75' lang='lat'><strong>299</strong></span> 
     </span>
    </p>
   </div>
   <div class='ocr_carea' id='block_1_2' title="bbox 408 492 2562 3132">
    <p class='ocr_par' dir='ltr' id='par_1_2' title="bbox 408 492 2562 2139">
     <span class='ocr_line' id='line_1_2' title="bbox 421 492 2556 592; baseline 0.002 -29"><span class='ocrx_word' id='word_1_8' title='bbox 421 494 605 565; x_wconf 84' lang='lat' dir='ltr'><strong>vici:</strong></span> <span class='ocrx_word' id='word_1_9' title='bbox 637 517 793 565; x_wconf 91' lang='lat' dir='ltr'><strong>non</strong></span> <span class='ocrx_word' id='word_1_10' title='bbox 830 496 1027 565; x_wconf 90' lang='lat' dir='ltr'><strong>enim</strong></span> <span class='ocrx_word' id='word_1_11' title='bbox 1066 494 1295 592; x_wconf 87' lang='lat' dir='ltr'><strong>spolia</strong></span> <span class='ocrx_word' id='word_1_12' title='bbox 1343 498 1421 565; x_wconf 91' lang='lat' dir='ltr'><strong>C.</strong></span> <span class='ocrx_word' id='word_1_13' title='bbox 1452 495 1738 583; x_wconf 85' lang='lat' dir='ltr'><strong>Verris,</strong></span> <span class='ocrx_word' id='word_1_14' title='bbox 1775 492 1904 565; x_wconf 85' lang='lat' dir='ltr'><strong>sed</strong></span> <span class='ocrx_word' id='word_1_15' title='bbox 1948 495 2556 567; x_wconf 80' lang='lat' dir='ltr'><strong>existimationem</strong></span> 
     </span>
     <span class='ocr_line' id='line_1_3' title="bbox 418 601 2558 702; baseline 0.001 -29"><span class='ocrx_word' id='word_1_16' title='bbox 418 602 675 702; x_wconf 89' lang='lat' dir='ltr'><strong>populi</strong></span> <span class='ocrx_word' id='word_1_17' title='bbox 716 607 997 675; x_wconf 86' lang='lat' dir='ltr'><strong>romani</strong></span> <span class='ocrx_word' id='word_1_18' title='bbox 1033 606 1485 702; x_wconf 51' lang='lat' dir='ltr'><strong>concupivi&amp;</strong></span> <span class='ocrx_word' id='word_1_19' title='bbox 1525 606 1775 675; x_wconf 91' lang='lat' dir='ltr'><strong>Meum</strong></span> <span class='ocrx_word' id='word_1_20' title='bbox 1809 601 1948 701; x_wconf 82' lang='lat' dir='ltr'><strong>fuit</strong></span> <span class='ocrx_word' id='word_1_21' title='bbox 1983 627 2156 675; x_wconf 92' lang='lat' dir='ltr'><strong>cum</strong></span> <span class='ocrx_word' id='word_1_22' title='bbox 2190 628 2404 675; x_wconf 89' lang='lat' dir='ltr'><strong>causa</strong></span> <span class='ocrx_word' id='word_1_23' title='bbox 2437 627 2558 676; x_wconf 87' lang='lat' dir='ltr'><strong>ac·-</strong></span> 
     </span>
     <span class='ocr_line' id='line_1_4' title="bbox 417 689 2559 813; baseline 0 -26"><span class='ocrx_word' id='word_1_24' title='bbox 417 712 675 787; x_wconf 87' lang='lat' dir='ltr'><strong>cedere</strong></span> <span class='ocrx_word' id='word_1_25' title='bbox 704 713 795 785; x_wconf 86' lang='lat' dir='ltr'><strong>ad</strong></span> <span class='ocrx_word' id='word_1_26' title='bbox 818 712 1344 804; x_wconf 82' lang='lat' dir='ltr'><strong>accusandum3</strong></span> <span class='ocrx_word' id='word_1_27' title='bbox 1378 740 1542 813; x_wconf 82' lang='lat' dir='ltr'><strong>quae</strong></span> <span class='ocrx_word' id='word_1_28' title='bbox 1575 738 1788 786; x_wconf 83' lang='lat' dir='ltr'><strong>causa</strong></span> <span class='ocrx_word' id='word_1_29' title='bbox 1816 689 2304 810; x_wconf 71' lang='lat' dir='ltr'><strong>fuitjustior2,</strong></span> <span class='ocrx_word' id='word_1_30' title='bbox 2335 740 2559 813; x_wconf 89' lang='lat' dir='ltr'><strong>quam</strong></span> 
     </span>
     <span class='ocr_line' id='line_1_5' title="bbox 416 822 2559 923; baseline -0 -27"><span class='ocrx_word' id='word_1_31' title='bbox 416 848 461 896; x_wconf 88' lang='lat' dir='ltr'><strong>a</strong></span> <span class='ocrx_word' id='word_1_32' title='bbox 492 838 639 895; x_wconf 84' lang='lat' dir='ltr'><strong>tam</strong></span> <span class='ocrx_word' id='word_1_33' title='bbox 666 823 927 895; x_wconf 85' lang='lat' dir='ltr'><strong>illustri</strong></span> <span class='ocrx_word' id='word_1_34' title='bbox 947 827 1321 923; x_wconf 82' lang='lat' dir='ltr'><strong>provincia</strong></span> <span class='ocrx_word' id='word_1_35' title='bbox 1336 822 1796 897; x_wconf 82' lang='lat' dir='ltr'><strong>defensorem</strong></span> <span class='ocrx_word' id='word_1_36' title='bbox 1826 827 2171 897; x_wconf 85' lang='lat' dir='ltr'><strong>constitui</strong></span> <span class='ocrx_word' id='word_1_37' title='bbox 2203 840 2276 895; x_wconf 87' lang='lat' dir='ltr'><strong>et</strong></span> <span class='ocrx_word' id='word_1_38' title='bbox 2301 823 2559 922; x_wconf 84' lang='lat' dir='ltr'><strong>deligi?</strong></span> 
     </span>
     <span class='ocr_line' id='line_1_6' title="bbox 414 932 2558 1034; baseline 0 -28"><span class='ocrx_word' id='word_1_39' title='bbox 414 934 837 1033; x_wconf 83' lang='lat' dir='ltr'><strong>reipublicae</strong></span> <span class='ocrx_word' id='word_1_40' title='bbox 856 936 1238 1007; x_wconf 87' lang='lat' dir='ltr'><strong>consulere</strong></span> <span class='ocrx_word' id='word_1_41' title='bbox 1258 932 1289 979; x_wconf 74' lang='grc'>3</span> <span class='ocrx_word' id='word_1_42' title='bbox 1310 962 1329 1025; x_wconf 85' lang='grc'>;</span> <span class='ocrx_word' id='word_1_43' title='bbox 1358 936 1538 1034; x_wconf 88' lang='lat' dir='ltr'><strong>quid</strong></span> <span class='ocrx_word' id='word_1_44' title='bbox 1553 937 1702 1031; x_wconf 87' lang='lat' dir='ltr'><strong>jam</strong></span> <span class='ocrx_word' id='word_1_45' title='bbox 1721 934 2136 1033; x_wconf 77' lang='lat' dir='ltr'><strong>reipublicae</strong></span> <span class='ocrx_word' id='word_1_46' title='bbox 2157 935 2558 1025; x_wconf 87' lang='lat' dir='ltr'><strong>honestius,</strong></span> 
     </span>
     <span class='ocr_line' id='line_1_7' title="bbox 416 1045 2560 1143; baseline 0 -26"><span class='ocrx_word' id='word_1_47' title='bbox 416 1063 637 1143; x_wconf 87' lang='lat' dir='ltr'><strong>quam</strong></span> <span class='ocrx_word' id='word_1_48' title='bbox 656 1049 733 1117; x_wconf 91' lang='lat' dir='ltr'><strong>in</strong></span> <span class='ocrx_word' id='word_1_49' title='bbox 760 1060 961 1117; x_wconf 85' lang='lat' dir='ltr'><strong>tanta</strong></span> <span class='ocrx_word' id='word_1_50' title='bbox 991 1046 1261 1143; x_wconf 80' lang='lat' dir='ltr'><strong>invidia</strong></span> <span class='ocrx_word' id='word_1_51' title='bbox 1290 1046 1736 1143; x_wconf 86' lang='lat' dir='ltr'><strong>judiciorum</strong></span> <span class='ocrx_word' id='word_1_52' title='bbox 1765 1045 2124 1120; x_wconf 84' lang='lat' dir='ltr'><strong>adducere</strong></span> <span class='ocrx_word' id='word_1_53' title='bbox 2147 1047 2560 1132; x_wconf 86' lang='lat' dir='ltr'><strong>hominem,</strong></span> 
     </span>
     <span class='ocr_line' id='line_1_8' title="bbox 415 1156 2560 1257; baseline -0 -29"><span class='ocrx_word' id='word_1_54' title='bbox 415 1156 625 1251; x_wconf 82' lang='lat' dir='ltr'><strong>cujus</strong></span> <span class='ocrx_word' id='word_1_55' title='bbox 656 1156 1122 1231; x_wconf 85' lang='lat' dir='ltr'><strong>damnatione</strong></span> <span class='ocrx_word' id='word_1_56' title='bbox 1158 1172 1361 1230; x_wconf 89' lang='lat' dir='ltr'><strong>totus</strong></span> <span class='ocrx_word' id='word_1_57' title='bbox 1396 1157 1580 1230; x_wconf 85' lang='lat' dir='ltr'><strong>ordo</strong></span> <span class='ocrx_word' id='word_1_58' title='bbox 1619 1183 1788 1229; x_wconf 92' lang='lat' dir='ltr'><strong>cum</strong></span> <span class='ocrx_word' id='word_1_59' title='bbox 1825 1157 2103 1257; x_wconf 92' lang='lat' dir='ltr'><strong>populo</strong></span> <span class='ocrx_word' id='word_1_60' title='bbox 2131 1180 2448 1245; x_wconf 38' lang='lat' dir='ltr'><strong>,romano</strong></span> <span class='ocrx_word' id='word_1_61' title='bbox 2483 1170 2560 1227; x_wconf 89' lang='lat' dir='ltr'><strong>et</strong></span> 
     </span>
     <span class='ocr_line' id='line_1_9' title="bbox 412 1265 2558 1365; baseline 0.003 -29"><span class='ocrx_word' id='word_1_62' title='bbox 412 1267 488 1337; x_wconf 86' lang='lat' dir='ltr'><strong>in</strong></span> <span class='ocrx_word' id='word_1_63' title='bbox 526 1265 744 1337; x_wconf 89' lang='lat' dir='ltr'><strong>laude</strong></span> <span class='ocrx_word' id='word_1_64' title='bbox 772 1268 952 1337; x_wconf 89' lang='lat' dir='ltr'><strong>etin</strong></span> <span class='ocrx_word' id='word_1_65' title='bbox 975 1270 1205 1365; x_wconf 86' lang='lat' dir='ltr'><strong>gratia</strong></span> <span class='ocrx_word' id='word_1_66' title='bbox 1232 1271 1467 1365; x_wconf 84' lang='lat' dir='ltr'><strong>possit</strong></span> <span class='ocrx_word' id='word_1_67' title='bbox 1492 1269 1692 1340; x_wconf 78' lang='lat' dir='ltr'><strong>esse?</strong></span> <span class='ocrx_word' id='word_1_68' title='bbox 1728 1267 2114 1341; x_wconf 81' lang='lat' dir='ltr'><strong>ostendere</strong></span> <span class='ocrx_word' id='word_1_69' title='bbox 2149 1291 2232 1339; x_wconf 89' lang='lat' dir='ltr'><strong>ac</strong></span> <span class='ocrx_word' id='word_1_70' title='bbox 2266 1290 2558 1364; x_wconf 67' lang='lat' dir='ltr'><strong>persuav-</strong></span> 
     </span>
     <span class='ocr_line' id='line_1_10' title="bbox 415 1373 2559 1475; baseline 0.002 -30"><span class='ocrx_word' id='word_1_71' title='bbox 415 1373 589 1447; x_wconf 85' lang='lat' dir='ltr'><strong>dere</strong></span> <span class='ocrx_word' id='word_1_72' title='bbox 611 1429 631 1465; x_wconf 85' lang='lat'>,</span> <span class='ocrx_word' id='word_1_73' title='bbox 672 1374 1051 1453; x_wconf 84' lang='lat' dir='ltr'><strong>hominem</strong></span> <span class='ocrx_word' id='word_1_74' title='bbox 1089 1392 1479 1449; x_wconf 88' lang='lat' dir='ltr'><strong>nocentem</strong></span> <span class='ocrx_word' id='word_1_75' title='bbox 1536 1376 1937 1450; x_wconf 87' lang='lat' dir='ltr'><strong>adductum</strong></span> <span class='ocrx_word' id='word_1_76' title='bbox 1992 1401 2188 1467; x_wconf 81' lang='lat' dir='ltr'><strong>esse3</strong></span> <span class='ocrx_word' id='word_1_77' title='bbox 2237 1380 2403 1475; x_wconf 86' lang='lat' dir='ltr'><strong>quis</strong></span> <span class='ocrx_word' id='word_1_78' title='bbox 2449 1390 2559 1449; x_wconf 87' lang='lat' dir='ltr'><strong>est</strong></span> 
     </span>
     <span class='ocr_line' id='line_1_11' title="bbox 414 1483 2560 1587; baseline 0.002 -33"><span class='ocrx_word' id='word_1_79' title='bbox 414 1488 489 1555; x_wconf 91' lang='lat' dir='ltr'><strong>in</strong></span> <span class='ocrx_word' id='word_1_80' title='bbox 522 1483 803 1583; x_wconf 88' lang='lat' dir='ltr'><strong>populo</strong></span> <span class='ocrx_word' id='word_1_81' title='bbox 826 1511 1157 1576; x_wconf 86' lang='lat' dir='ltr'><strong>roman0‚</strong></span> <span class='ocrx_word' id='word_1_82' title='bbox 1175 1491 1305 1586; x_wconf 90' lang='lat' dir='ltr'><strong>qui</strong></span> <span class='ocrx_word' id='word_1_83' title='bbox 1334 1488 1477 1560; x_wconf 90' lang='lat' dir='ltr'><strong>hoc</strong></span> <span class='ocrx_word' id='word_1_84' title='bbox 1501 1514 1652 1562; x_wconf 90' lang='lat' dir='ltr'><strong>non</strong></span> <span class='ocrx_word' id='word_1_85' title='bbox 1685 1516 1776 1562; x_wconf 86' lang='lat' dir='ltr'><strong>ex</strong></span> <span class='ocrx_word' id='word_1_86' title='bbox 1807 1492 2048 1587; x_wconf 84' lang='lat' dir='ltr'><strong>priore</strong></span> <span class='ocrx_word' id='word_1_87' title='bbox 2079 1491 2368 1561; x_wconf 87' lang='lat' dir='ltr'><strong>actione</strong></span> <span class='ocrx_word' id='word_1_88' title='bbox 2397 1485 2560 1559; x_wconf 86' lang='lat' dir='ltr'><strong>abs-</strong></span> 
     </span>
     <span class='ocr_line' id='line_1_12' title="bbox 414 1594 2562 1686; baseline 0.001 -21"><span class='ocrx_word' id='word_1_89' title='bbox 414 1594 751 1684; x_wconf 54' lang='lat' dir='ltr'><strong>tulerim,</strong></span> <span class='ocrx_word' id='word_1_90' title='bbox 798 1600 1133 1667; x_wconf 90' lang='lat' dir='ltr'><strong>omnium</strong></span> <span class='ocrx_word' id='word_1_91' title='bbox 1190 1612 1357 1671; x_wconf 84' lang='lat' dir='ltr'><strong>ante</strong></span> <span class='ocrx_word' id='word_1_92' title='bbox 1408 1596 1918 1671; x_wconf 85' lang='lat' dir='ltr'><strong>damnatorum</strong></span> <span class='ocrx_word' id='word_1_93' title='bbox 1969 1598 2272 1686; x_wconf 86' lang='lat' dir='ltr'><strong>scelera,</strong></span> <span class='ocrx_word' id='word_1_94' title='bbox 2329 1594 2520 1667; x_wconf 84' lang='lat' dir='ltr'><strong>furta</strong></span> <span class='ocrx_word' id='word_1_95' title='bbox 2539 1648 2562 1683; x_wconf 90' lang='lat'>‚</span> 
     </span>
     <span class='ocr_line' id='line_1_13' title="bbox 412 1703 2558 1803; baseline 0.001 -27"><span class='ocrx_word' id='word_1_96' title='bbox 412 1703 719 1803; x_wconf 84' lang='lat' dir='ltr'><strong>flagitia,</strong></span> <span class='ocrx_word' id='word_1_97' title='bbox 748 1710 807 1777; x_wconf 88' lang='lat' dir='ltr'><strong>si</strong></span> <span class='ocrx_word' id='word_1_98' title='bbox 834 1710 909 1778; x_wconf 92' lang='lat' dir='ltr'><strong>in</strong></span> <span class='ocrx_word' id='word_1_99' title='bbox 935 1732 1169 1779; x_wconf 90' lang='lat' dir='ltr'><strong>unum</strong></span> <span class='ocrx_word' id='word_1_100' title='bbox 1196 1707 1441 1780; x_wconf 89' lang='lat' dir='ltr'><strong>locum</strong></span> <span class='ocrx_word' id='word_1_101' title='bbox 1472 1709 1966 1797; x_wconf 78' lang='lat' dir='ltr'><strong>conferantur,</strong></span> <span class='ocrx_word' id='word_1_102' title='bbox 1991 1713 2112 1781; x_wconf 83' lang='lat' dir='ltr'><strong>vix</strong></span> <span class='ocrx_word' id='word_1_103' title='bbox 2141 1733 2310 1781; x_wconf 90' lang='lat' dir='ltr'><strong>cum</strong></span> <span class='ocrx_word' id='word_1_104' title='bbox 2335 1707 2558 1802; x_wconf 89' lang='lat' dir='ltr'><strong>hujus</strong></span> 
     </span>
     <span class='ocr_line' id='line_1_14' title="bbox 409 1815 2558 1920; baseline 0.001 -33"><span class='ocrx_word' id='word_1_105' title='bbox 409 1839 629 1915; x_wconf 86' lang='lat' dir='ltr'><strong>parva</strong></span> <span class='ocrx_word' id='word_1_106' title='bbox 666 1832 871 1915; x_wconf 88' lang='lat' dir='ltr'><strong>parte</strong></span> <span class='ocrx_word' id='word_1_107' title='bbox 908 1822 1177 1917; x_wconf 85' lang='lat' dir='ltr'><strong>aequari</strong></span> <span class='ocrx_word' id='word_1_108' title='bbox 1216 1817 1685 1917; x_wconf 84' lang='lat' dir='ltr'><strong>conferrique</strong></span> <span class='ocrx_word' id='word_1_109' title='bbox 1720 1822 1978 1920; x_wconf 80' lang='lat' dir='ltr'><strong>posse?</strong></span> <span class='ocrx_word' id='word_1_110' title='bbox 2005 1823 2193 1905; x_wconf 59' lang='grc' dir='ltr'><strong>νος,</strong></span> <span class='ocrx_word' id='word_1_111' title='bbox 2233 1816 2438 1915; x_wconf 90' lang='lat' dir='ltr'><strong>quod</strong></span> <span class='ocrx_word' id='word_1_112' title='bbox 2465 1815 2558 1889; x_wconf 89' lang='lat' dir='ltr'><strong>ad</strong></span> 
     </span>
     <span class='ocr_line' id='line_1_15' title="bbox 410 1926 2559 2026; baseline -0 -29"><span class='ocrx_word' id='word_1_113' title='bbox 410 1940 722 1999; x_wconf 86' lang='lat' dir='ltr'><strong>vestram</strong></span> <span class='ocrx_word' id='word_1_114' title='bbox 772 1926 1085 2016; x_wconf 84' lang='lat' dir='ltr'><strong>famam,</strong></span> <span class='ocrx_word' id='word_1_115' title='bbox 1138 1928 1761 2003; x_wconf 74' lang='lat' dir='ltr'><strong>existimationem</strong></span> <span class='ocrx_word' id='word_1_116' title='bbox 1781 1984 1802 2019; x_wconf 92' lang='lat'>‚</span> <span class='ocrx_word' id='word_1_117' title='bbox 1845 1930 2338 2026; x_wconf 85' lang='lat' dir='ltr'><strong>salutemque</strong></span> <span class='ocrx_word' id='word_1_118' title='bbox 2355 1950 2559 1997; x_wconf 82' lang='lat' dir='ltr'><strong>com-</strong></span> 
     </span>
     <span class='ocr_line' id='line_1_16' title="bbox 408 2031 2554 2139; baseline -0.001 -32"><span class='ocrx_word' id='word_1_119' title='bbox 408 2062 712 2109; x_wconf 90' lang='lat' dir='ltr'><strong>munem</strong></span> <span class='ocrx_word' id='word_1_120' title='bbox 734 2042 1053 2136; x_wconf 82' lang='lat' dir='ltr'><strong>pertinet</strong></span> <span class='ocrx_word' id='word_1_121' title='bbox 1070 2093 1091 2125; x_wconf 91' lang='lat'>‚</span> <span class='ocrx_word' id='word_1_122' title='bbox 1104 2039 1410 2135; x_wconf 76' lang='lat' dir='ltr'><strong>judiceS‚</strong></span> <span class='ocrx_word' id='word_1_123' title='bbox 1434 2043 1834 2139; x_wconf 87' lang='lat' dir='ltr'><strong>prospicite</strong></span> <span class='ocrx_word' id='word_1_124' title='bbox 1857 2055 2078 2139; x_wconf 87' lang='lat' dir='ltr'><strong>atque</strong></span> <span class='ocrx_word' id='word_1_125' title='bbox 2109 2034 2554 2111; x_wconf 86' lang='lat' dir='ltr'><strong>consulite.</strong></span> <span class='ocrx_word' id='word_1_126' title='bbox 2483 2031 2554 2077; x_wconf 86' lang='lat'><strong>⁵·</strong></span> 
     </span>
    </p>

    <p class='ocr_par' dir='ltr' id='par_1_3' title="bbox 408 2147 2559 3132">
     <span class='ocr_line' id='line_1_17' title="bbox 410 2147 2559 2249; baseline -0.002 -30"><span class='ocrx_word' id='word_1_127' title='bbox 410 2147 762 2246; x_wconf 82' lang='lat' dir='ltr'><strong>splendor</strong></span> <span class='ocrx_word' id='word_1_128' title='bbox 794 2164 1031 2222; x_wconf 85' lang='lat' dir='ltr'><strong>vester</strong></span> <span class='ocrx_word' id='word_1_129' title='bbox 1068 2149 1273 2240; x_wconf 85' lang='lat' dir='ltr'><strong>facit,</strong></span> <span class='ocrx_word' id='word_1_130' title='bbox 1318 2166 1404 2223; x_wconf 90' lang='lat' dir='ltr'><strong>ut</strong></span> <span class='ocrx_word' id='word_1_131' title='bbox 1438 2177 1742 2249; x_wconf 86' lang='lat' dir='ltr'><strong>peccare</strong></span> <span class='ocrx_word' id='word_1_132' title='bbox 1785 2155 1942 2224; x_wconf 89' lang='lat' dir='ltr'><strong>sine</strong></span> <span class='ocrx_word' id='word_1_133' title='bbox 1983 2172 2277 2223; x_wconf 91' lang='lat' dir='ltr'><strong>summo</strong></span> <span class='ocrx_word' id='word_1_134' title='bbox 2313 2150 2559 2244; x_wconf 90' lang='lat' dir='ltr'><strong>reipu-</strong></span> 
     </span>
     <span class='ocr_line' id='line_1_18' title="bbox 410 2257 2558 2362; baseline -0.001 -33"><span class='ocrx_word' id='word_1_135' title='bbox 410 2257 619 2331; x_wconf 85' lang='lat' dir='ltr'><strong>blicae</strong></span> <span class='ocrx_word' id='word_1_136' title='bbox 650 2258 1089 2333; x_wconf 86' lang='lat' dir='ltr'><strong>detrimento</strong></span> <span class='ocrx_word' id='word_1_137' title='bbox 1123 2284 1207 2333; x_wconf 87' lang='lat' dir='ltr'><strong>ac</strong></span> <span class='ocrx_word' id='word_1_138' title='bbox 1248 2263 1577 2361; x_wconf 87' lang='lat' dir='ltr'><strong>periculo</strong></span> <span class='ocrx_word' id='word_1_139' title='bbox 1621 2289 1774 2335; x_wconf 92' lang='lat' dir='ltr'><strong>non</strong></span> <span class='ocrx_word' id='word_1_140' title='bbox 1811 2266 2124 2362; x_wconf 87' lang='lat' dir='ltr'><strong>possitis.</strong></span> <span class='ocrx_word' id='word_1_141' title='bbox 2163 2263 2328 2332; x_wconf 87' lang='lat' dir='ltr'><strong>Non</strong></span> <span class='ocrx_word' id='word_1_142' title='bbox 2359 2258 2558 2329; x_wconf 90' lang='lat' dir='ltr'><strong>enim</strong></span> 
     </span>
     <span class='ocr_line' id='line_1_19' title="bbox 410 2371 2558 2469; baseline -0.001 -29"><span class='ocrx_word' id='word_1_143' title='bbox 410 2384 653 2468; x_wconf 88' lang='lat' dir='ltr'><strong>potest</strong></span> <span class='ocrx_word' id='word_1_144' title='bbox 680 2394 972 2469; x_wconf 87' lang='lat' dir='ltr'><strong>sperare</strong></span> <span class='ocrx_word' id='word_1_145' title='bbox 998 2371 1321 2469; x_wconf 89' lang='lat' dir='ltr'><strong>populus</strong></span> <span class='ocrx_word' id='word_1_146' title='bbox 1352 2398 1734 2463; x_wconf 87' lang='lat' dir='ltr'><strong>romanus,</strong></span> <span class='ocrx_word' id='word_1_147' title='bbox 1757 2396 1913 2446; x_wconf 90' lang='lat' dir='ltr'><strong>esse</strong></span> <span class='ocrx_word' id='word_1_148' title='bbox 1946 2373 2122 2445; x_wconf 88' lang='lat' dir='ltr'><strong>alios</strong></span> <span class='ocrx_word' id='word_1_149' title='bbox 2158 2374 2235 2442; x_wconf 92' lang='lat' dir='ltr'><strong>in</strong></span> <span class='ocrx_word' id='word_1_150' title='bbox 2267 2382 2558 2455; x_wconf 86' lang='lat' dir='ltr'><strong>senatu,</strong></span> 
     </span>
     <span class='ocr_line' id='line_1_20' title="bbox 408 2480 2558 2579; baseline 0 -30"><span class='ocrx_word' id='word_1_151' title='bbox 408 2484 545 2577; x_wconf 92' lang='lat' dir='ltr'><strong>qui</strong></span> <span class='ocrx_word' id='word_1_152' title='bbox 586 2495 782 2553; x_wconf 90' lang='lat' dir='ltr'><strong>recte</strong></span> <span class='ocrx_word' id='word_1_153' title='bbox 812 2484 1092 2579; x_wconf 87' lang='lat' dir='ltr'><strong>possint</strong></span> <span class='ocrx_word' id='word_1_154' title='bbox 1117 2480 1477 2575; x_wconf 84' lang='lat' dir='ltr'><strong>judicare,</strong></span> <span class='ocrx_word' id='word_1_155' title='bbox 1514 2508 1645 2553; x_wconf 86' lang='lat' dir='ltr'><strong>vos</strong></span> <span class='ocrx_word' id='word_1_156' title='bbox 1677 2486 1738 2554; x_wconf 88' lang='lat' dir='ltr'><strong>si</strong></span> <span class='ocrx_word' id='word_1_157' title='bbox 1775 2508 1929 2553; x_wconf 89' lang='lat' dir='ltr'><strong>non</strong></span> <span class='ocrx_word' id='word_1_158' title='bbox 1971 2483 2374 2579; x_wconf 83' lang='lat' dir='ltr'><strong>potueritis.</strong></span> <span class='ocrx_word' id='word_1_159' title='bbox 2414 2483 2558 2551; x_wconf 87' lang='lat' dir='ltr'><strong>Ne·-</strong></span> 
     </span>
     <span class='ocr_line' id='line_1_21' title="bbox 408 2586 2558 2688; baseline -0.003 -25"><span class='ocrx_word' id='word_1_160' title='bbox 408 2614 605 2665; x_wconf 87' lang='lat' dir='ltr'><strong>cesse</strong></span> <span class='ocrx_word' id='word_1_161' title='bbox 668 2604 777 2665; x_wconf 89' lang='lat' dir='ltr'><strong>est</strong></span> <span class='ocrx_word' id='word_1_162' title='bbox 807 2644 827 2681; x_wconf 89' lang='lat'>‚</span> <span class='ocrx_word' id='word_1_163' title='bbox 885 2614 1117 2687; x_wconf 89' lang='lat' dir='ltr'><strong>quum</strong></span> <span class='ocrx_word' id='word_1_164' title='bbox 1177 2591 1269 2664; x_wconf 91' lang='lat' dir='ltr'><strong>de</strong></span> <span class='ocrx_word' id='word_1_165' title='bbox 1322 2606 1482 2663; x_wconf 88' lang='lat' dir='ltr'><strong>toto</strong></span> <span class='ocrx_word' id='word_1_166' title='bbox 1535 2592 1795 2664; x_wconf 87' lang='lat' dir='ltr'><strong>ordine</strong></span> <span class='ocrx_word' id='word_1_167' title='bbox 1856 2591 2256 2688; x_wconf 83' lang='lat' dir='ltr'><strong>desperarit</strong></span> <span class='ocrx_word' id='word_1_168' title='bbox 2278 2642 2298 2678; x_wconf 85' lang='lat'>‚</span> <span class='ocrx_word' id='word_1_169' title='bbox 2359 2586 2558 2659; x_wconf 85' lang='lat' dir='ltr'><strong>aliud</strong></span> 
     </span>
     <span class='ocr_line' id='line_1_22' title="bbox 408 2700 2557 2808; baseline -0.002 -35"><span class='ocrx_word' id='word_1_170' title='bbox 408 2700 673 2799; x_wconf 77' lang='lat' dir='ltr'><strong>genus⁶</strong></span> <span class='ocrx_word' id='word_1_171' title='bbox 692 2702 1079 2773; x_wconf 89' lang='lat' dir='ltr'><strong>hominum</strong></span> <span class='ocrx_word' id='word_1_172' title='bbox 1102 2716 1325 2799; x_wconf 88' lang='lat' dir='ltr'><strong>atque</strong></span> <span class='ocrx_word' id='word_1_173' title='bbox 1348 2702 1560 2774; x_wconf 87' lang='lat' dir='ltr'><strong>aliam</strong></span> <span class='ocrx_word' id='word_1_174' title='bbox 1585 2706 1949 2808; x_wconf 79' lang='lat' dir='ltr'><strong>rationem</strong></span> <span class='ocrx_word' id='word_1_175' title='bbox 1973 2700 2419 2798; x_wconf 88' lang='lat' dir='ltr'><strong>judiciorum</strong></span> <span class='ocrx_word' id='word_1_176' title='bbox 2443 2722 2557 2769; x_wconf 89' lang='lat' dir='ltr'><strong>re-</strong></span> 
     </span>
     <span class='ocr_line' id='line_1_23' title="bbox 408 2808 2555 2909; baseline -0.002 -26"><span class='ocrx_word' id='word_1_177' title='bbox 408 2816 669 2909; x_wconf 87' lang='lat' dir='ltr'><strong>quirat.</strong></span> <span class='ocrx_word' id='word_1_178' title='bbox 706 2818 862 2884; x_wconf 88' lang='lat' dir='ltr'><strong>Hoc</strong></span> <span class='ocrx_word' id='word_1_179' title='bbox 890 2815 949 2883; x_wconf 91' lang='lat' dir='ltr'><strong>si</strong></span> <span class='ocrx_word' id='word_1_180' title='bbox 981 2811 1191 2883; x_wconf 80' lang='lat' dir='ltr'><strong>vobis</strong></span> <span class='ocrx_word' id='word_1_181' title='bbox 1225 2811 1394 2885; x_wconf 88' lang='lat' dir='ltr'><strong>ideo</strong></span> <span class='ocrx_word' id='word_1_182' title='bbox 1424 2814 1656 2886; x_wconf 88' lang='lat' dir='ltr'><strong>levius</strong></span> <span class='ocrx_word' id='word_1_183' title='bbox 1691 2812 2003 2899; x_wconf 76' lang='lat' dir='ltr'><strong>videtur,</strong></span> <span class='ocrx_word' id='word_1_184' title='bbox 2040 2808 2244 2909; x_wconf 90' lang='lat' dir='ltr'><strong>quod</strong></span> <span class='ocrx_word' id='word_1_185' title='bbox 2283 2811 2555 2907; x_wconf 80' lang='lat' dir='ltr'><strong>putatis</strong></span> 
     </span>
     <span class='ocr_line' id='line_1_24' title="bbox 408 2920 2552 3020; baseline -0.002 -25"><span class='ocrx_word' id='word_1_186' title='bbox 408 2944 599 2995; x_wconf 88' lang='lat' dir='ltr'><strong>onus</strong></span> <span class='ocrx_word' id='word_1_187' title='bbox 618 2946 775 2995; x_wconf 88' lang='lat' dir='ltr'><strong>esse</strong></span> <span class='ocrx_word' id='word_1_188' title='bbox 802 2948 1017 3020; x_wconf 87' lang='lat' dir='ltr'><strong>grave</strong></span> <span class='ocrx_word' id='word_1_189' title='bbox 1034 2935 1060 2980; x_wconf 88' lang='lat'>⁷</span> <span class='ocrx_word' id='word_1_190' title='bbox 1075 2937 1152 2995; x_wconf 57' lang='lat' dir='ltr'><strong>&gt;et</strong></span> <span class='ocrx_word' id='word_1_191' title='bbox 1169 2922 1724 2996; x_wconf 90' lang='lat' dir='ltr'><strong>incommodum</strong></span> <span class='ocrx_word' id='word_1_192' title='bbox 1737 2978 1757 3013; x_wconf 87' lang='lat'>,</span> <span class='ocrx_word' id='word_1_193' title='bbox 1768 2922 2091 3019; x_wconf 84' lang='lat' dir='ltr'><strong>judicare</strong></span> <span class='ocrx_word' id='word_1_194' title='bbox 2110 2948 2130 3009; x_wconf 81' lang='lat'>3</span> <span class='ocrx_word' id='word_1_195' title='bbox 2151 2920 2552 3018; x_wconf 84' lang='lat' dir='ltr'><strong>intelligere</strong></span> 
     </span>
     <span class='ocr_line' id='line_1_25' title="bbox 408 3029 2554 3132; baseline -0.002 -29"><span class='ocrx_word' id='word_1_196' title='bbox 408 3029 692 3105; x_wconf 88' lang='lat' dir='ltr'><strong>debetis</strong></span> <span class='ocrx_word' id='word_1_197' title='bbox 744 3039 1105 3132; x_wconf 86' lang='lat' dir='ltr'><strong>primum,</strong></span> <span class='ocrx_word' id='word_1_198' title='bbox 1174 3038 1561 3123; x_wconf 77' lang='lat' dir='ltr'><strong>iuteresse,</strong></span> <span class='ocrx_word' id='word_1_199' title='bbox 1612 3049 1861 3105; x_wconf 84' lang='lat' dir='ltr'><strong>utrum</strong></span> <span class='ocrx_word' id='word_1_200' title='bbox 1904 3032 1980 3104; x_wconf 92' lang='lat' dir='ltr'><strong>id</strong></span> <span class='ocrx_word' id='word_1_201' title='bbox 2031 3056 2222 3103; x_wconf 91' lang='lat' dir='ltr'><strong>onus</strong></span> <span class='ocrx_word' id='word_1_202' title='bbox 2271 3041 2554 3102; x_wconf 87' lang='lat' dir='ltr'><strong>vosmet</strong></span> 
     </span>
    </p>
   </div>
   <div class='ocr_carea' id='block_1_3' title="bbox 406 3141 2665 3244">
    <p class='ocr_par' dir='ltr' id='par_1_4' title="bbox 406 3141 2665 3244">
     <span class='ocr_line' id='line_1_26' title="bbox 406 3141 2665 3244; baseline -0.001 -31"><span class='ocrx_word' id='word_1_203' title='bbox 406 3144 545 3242; x_wconf 89' lang='lat' dir='ltr'><strong>ipsi</strong></span> <span class='ocrx_word' id='word_1_204' title='bbox 586 3145 1011 3242; x_wconf 87' lang='lat' dir='ltr'><strong>rejeceritis,</strong></span> <span class='ocrx_word' id='word_1_205' title='bbox 1086 3170 1215 3232; x_wconf 87' lang='lat' dir='ltr'><strong>an,</strong></span> <span class='ocrx_word' id='word_1_206' title='bbox 1272 3142 1477 3242; x_wconf 88' lang='lat' dir='ltr'><strong>quod</strong></span> <span class='ocrx_word' id='word_1_207' title='bbox 1542 3143 1856 3244; x_wconf 87' lang='lat' dir='ltr'><strong>probare</strong></span> <span class='ocrx_word' id='word_1_208' title='bbox 1909 3141 2193 3243; x_wconf 90' lang='lat' dir='ltr'><strong>populo</strong></span> <span class='ocrx_word' id='word_1_209' title='bbox 2246 3164 2553 3215; x_wconf 87' lang='lat' dir='ltr'><strong>romano</strong></span> <span class='ocrx_word' id='word_1_210' title='bbox 2659 3192 2665 3199; x_wconf 90' lang='lat'><em>-</em></span> 
     </span>
    </p>
   </div>
   <div class='ocr_carea' id='block_1_4' title="bbox 406 3388 2558 3545">
    <p class='ocr_par' dir='ltr' id='par_1_5' title="bbox 406 3388 2558 3545">
     <span class='ocr_line' id='line_1_27' title="bbox 477 3388 2558 3470; baseline -0.004 -26"><span class='ocrx_word' id='word_1_211' title='bbox 477 3398 619 3445; x_wconf 83' lang='lat' dir='ltr'><strong>vm.</strong></span> <span class='ocrx_word' id='word_1_212' title='bbox 638 3412 687 3447; x_wconf 84' lang='lat'><strong>1.</strong></span> <span class='ocrx_word' id='word_1_213' title='bbox 706 3397 919 3470; x_wconf 69' lang='lat' dir='ltr'><strong>Concup-</strong></span> <span class='ocrx_word' id='word_1_214' title='bbox 934 3399 1051 3449; x_wconf 81' lang='lat' dir='ltr'><strong>Non</strong></span> <span class='ocrx_word' id='word_1_215' title='bbox 1060 3409 1118 3449; x_wconf 84' lang='lat' dir='ltr'><strong>ut</strong></span> <span class='ocrx_word' id='word_1_216' title='bbox 1136 3400 1435 3465; x_wconf 69' lang='lat' dir='ltr'><strong>quadrupla·</strong></span> <span class='ocrx_word' id='word_1_217' title='bbox 1521 3410 1681 3445; x_wconf 78' lang='lat' dir='ltr'><strong>meum</strong></span> <span class='ocrx_word' id='word_1_218' title='bbox 1692 3393 1804 3461; x_wconf 76' lang='lat' dir='ltr'><strong>suit</strong></span> <span class='ocrx_word' id='word_1_219' title='bbox 1829 3394 2026 3461; x_wconf 77' lang='lat' dir='ltr'><strong>pendet.</strong></span> <span class='ocrx_word' id='word_1_220' title='bbox 2050 3396 2218 3445; x_wconf 59' lang='grc' dir='ltr'><strong>(ἂι-ων.</strong></span> <span class='ocrx_word' id='word_1_221' title='bbox 2247 3390 2397 3439; x_wconf 71' lang='lat' dir='ltr'><strong>habet</strong></span> <span class='ocrx_word' id='word_1_222' title='bbox 2419 3409 2443 3433; x_wconf 76' lang='grc' dir='ltr'>ι</span> <span class='ocrx_word' id='word_1_223' title='bbox 2461 3388 2558 3437; x_wconf 80' lang='lat' dir='ltr'><strong>rei·</strong></span> 
     </span>
     <span class='ocr_line' id='line_1_28' title="bbox 406 3474 2169 3545; baseline -0.002 -18"><span class='ocrx_word' id='word_1_224' title='bbox 406 3486 537 3527; x_wconf 70' lang='lat' dir='ltr'><strong>tom</strong></span> <span class='ocrx_word' id='word_1_225' title='bbox 548 3507 563 3535; x_wconf 86' lang='lat'>,</span> <span class='ocrx_word' id='word_1_226' title='bbox 578 3486 827 3539; x_wconf 69' lang='lat' dir='ltr'><strong>nmquam</strong></span> <span class='ocrx_word' id='word_1_227' title='bbox 840 3476 1035 3525; x_wconf 77' lang='lat' dir='ltr'><strong>hostem</strong></span> <span class='ocrx_word' id='word_1_228' title='bbox 1054 3478 1303 3529; x_wconf 77' lang='lat' dir='ltr'><strong>devictum</strong></span> <span class='ocrx_word' id='word_1_229' title='bbox 1321 3496 1435 3545; x_wconf 78' lang='lat' dir='ltr'><strong>spo-</strong></span> <span class='ocrx_word' id='word_1_230' title='bbox 1520 3474 1830 3539; x_wconf 62' lang='lat' dir='ltr'><strong>publicaeque</strong></span> <span class='ocrx_word' id='word_1_231' title='bbox 1854 3474 2169 3525; x_wconf 56' lang='lat' dir='ltr'><strong>consulerem</strong></span> 
     </span>
    </p>
   </div>
   <div class='ocr_carea' id='block_1_5' title="bbox 402 3548 2555 4093">
    <p class='ocr_par' dir='ltr' id='par_1_6' title="bbox 404 3548 2554 3624">
     <span class='ocr_line' id='line_1_29' title="bbox 404 3548 2554 3624; baseline -0.004 -21"><span class='ocrx_word' id='word_1_232' title='bbox 404 3555 525 3605; x_wconf 73' lang='lat' dir='ltr'><strong>liare</strong></span> <span class='ocrx_word' id='word_1_233' title='bbox 559 3554 727 3615; x_wconf 81' lang='lat' dir='ltr'><strong>volui;</strong></span> <span class='ocrx_word' id='word_1_234' title='bbox 769 3556 973 3619; x_wconf 64' lang='lat' dir='ltr'><strong>quesivi</strong></span> <span class='ocrx_word' id='word_1_235' title='bbox 1002 3567 1190 3605; x_wconf 72' lang='lat' dir='ltr'><strong>tantum</strong></span> <span class='ocrx_word' id='word_1_236' title='bbox 1224 3569 1282 3606; x_wconf 82' lang='lat' dir='ltr'><strong>ut</strong></span> <span class='ocrx_word' id='word_1_237' title='bbox 1308 3558 1437 3610; x_wconf 70' lang='lat' dir='ltr'><strong>hen.</strong></span> <span class='ocrx_word' id='word_1_238' title='bbox 1525 3615 1530 3624; x_wconf 35' lang='lat'><strong><em>¹</em></strong></span> <span class='ocrx_word' id='word_1_239' title='bbox 1595 3562 1646 3610; x_wconf 90' lang='grc'><strong>4.</strong></span> <span class='ocrx_word' id='word_1_240' title='bbox 1665 3554 1950 3605; x_wconf 70' lang='lat' dir='ltr'><strong>Abstulerit.</strong></span> <span class='ocrx_word' id='word_1_241' title='bbox 1961 3555 2246 3603; x_wconf 72' lang='lat' dir='ltr'><strong>Persuasum</strong></span> <span class='ocrx_word' id='word_1_242' title='bbox 2267 3548 2452 3598; x_wconf 73' lang='lat' dir='ltr'><strong>haben·</strong></span> <span class='ocrx_word' id='word_1_243' title='bbox 2476 3563 2554 3596; x_wconf 83' lang='lat' dir='ltr'><strong>re-</strong></span> 
     </span>
    </p>

    <p class='ocr_par' dir='ltr' id='par_1_7' title="bbox 405 3634 1734 3701">
     <span class='ocr_line' id='line_1_30' title="bbox 405 3634 1734 3701; baseline -0.001 -17"><span class='ocrx_word' id='word_1_244' title='bbox 405 3634 469 3685; x_wconf 76' lang='lat' dir='ltr'><strong>de</strong></span> <span class='ocrx_word' id='word_1_245' title='bbox 489 3651 567 3683; x_wconf 82' lang='lat' dir='ltr'><strong>me</strong></span> <span class='ocrx_word' id='word_1_246' title='bbox 586 3634 803 3699; x_wconf 78' lang='lat' dir='ltr'><strong>populus</strong></span> <span class='ocrx_word' id='word_1_247' title='bbox 821 3649 945 3681; x_wconf 82' lang='lat' dir='ltr'><strong>rom.</strong></span> <span class='ocrx_word' id='word_1_248' title='bbox 964 3636 1277 3696; x_wconf 75' lang='lat' dir='ltr'><strong>existirmret,</strong></span> <span class='ocrx_word' id='word_1_249' title='bbox 1288 3653 1435 3701; x_wconf 83' lang='lat' dir='ltr'><strong>quem</strong></span> <span class='ocrx_word' id='word_1_250' title='bbox 1523 3634 1734 3683; x_wconf 81' lang='lat' dir='ltr'><strong>cesserit.</strong></span> 
     </span>
    </p>

    <p class='ocr_par' dir='ltr' id='par_1_8' title="bbox 402 3706 2554 3775">
     <span class='ocr_line' id='line_1_31' title="bbox 402 3706 2554 3775; baseline -0.003 -12"><span class='ocrx_word' id='word_1_251' title='bbox 402 3714 593 3763; x_wconf 77' lang='lat' dir='ltr'><strong>videret</strong></span> <span class='ocrx_word' id='word_1_252' title='bbox 622 3730 734 3763; x_wconf 85' lang='lat' dir='ltr'><strong>cum</strong></span> <span class='ocrx_word' id='word_1_253' title='bbox 756 3714 889 3775; x_wconf 73' lang='lat' dir='ltr'><strong>justa</strong></span> <span class='ocrx_word' id='word_1_254' title='bbox 916 3730 1061 3763; x_wconf 65' lang='lat' dir='ltr'><strong>musa</strong></span> <span class='ocrx_word' id='word_1_255' title='bbox 1090 3718 1346 3767; x_wconf 72' lang='lat' dir='ltr'><strong>accessisse</strong></span> <span class='ocrx_word' id='word_1_256' title='bbox 1370 3718 1438 3767; x_wconf 74' lang='grc' dir='ltr'><strong>ιδ,</strong></span> <span class='ocrx_word' id='word_1_257' title='bbox 1595 3713 1646 3763; x_wconf 84' lang='lat'><strong>5.</strong></span> <span class='ocrx_word' id='word_1_258' title='bbox 1676 3712 1936 3763; x_wconf 74' lang='lat' dir='ltr'><strong>Consulite.</strong></span> <span class='ocrx_word' id='word_1_259' title='bbox 1971 3710 2100 3761; x_wconf 75' lang='lat' dir='ltr'><strong>Nam</strong></span> <span class='ocrx_word' id='word_1_260' title='bbox 2138 3724 2270 3775; x_wconf 77' lang='lat' dir='ltr'><strong>ego,</strong></span> <span class='ocrx_word' id='word_1_261' title='bbox 2305 3706 2444 3773; x_wconf 82' lang='lat' dir='ltr'><strong>quod</strong></span> <span class='ocrx_word' id='word_1_262' title='bbox 2489 3707 2554 3756; x_wconf 72' lang='lat' dir='ltr'><strong>ad</strong></span> 
     </span>
    </p>

    <p class='ocr_par' dir='ltr' id='par_1_9' title="bbox 404 3792 1984 3859">
     <span class='ocr_line' id='line_1_32' title="bbox 404 3792 1984 3859; baseline -0.001 -17"><span class='ocrx_word' id='word_1_263' title='bbox 404 3795 759 3859; x_wconf 63' lang='lat' dir='ltr'><strong>coemendum,</strong></span> <span class='ocrx_word' id='word_1_264' title='bbox 804 3794 843 3843; x_wconf 82' lang='lat' dir='ltr'><strong>i.</strong></span> <span class='ocrx_word' id='word_1_265' title='bbox 882 3810 927 3843; x_wconf 83' lang='lat' dir='ltr'><strong>e.</strong></span> <span class='ocrx_word' id='word_1_266' title='bbox 971 3812 1111 3845; x_wconf 82' lang='lat' dir='ltr'><strong>reum</strong></span> <span class='ocrx_word' id='word_1_267' title='bbox 1148 3798 1435 3847; x_wconf 71' lang='lat' dir='ltr'><strong>nocentissi-</strong></span> <span class='ocrx_word' id='word_1_268' title='bbox 1522 3810 1600 3842; x_wconf 86' lang='lat' dir='ltr'><strong>me</strong></span> <span class='ocrx_word' id='word_1_269' title='bbox 1622 3794 1830 3851; x_wconf 66' lang='lat' dir='ltr'><strong>attinet,</strong></span> <span class='ocrx_word' id='word_1_270' title='bbox 1867 3792 1984 3842; x_wconf 77' lang='lat' dir='ltr'><strong>vici.</strong></span> 
     </span>
    </p>

    <p class='ocr_par' dir='ltr' id='par_1_10' title="bbox 403 3869 2555 4019">
     <span class='ocr_line' id='line_1_33' title="bbox 403 3869 2555 3939; baseline -0.001 -18"><span class='ocrx_word' id='word_1_271' title='bbox 403 3888 538 3922; x_wconf 85' lang='lat' dir='ltr'><strong>mum</strong></span> <span class='ocrx_word' id='word_1_272' title='bbox 561 3876 615 3922; x_wconf 86' lang='lat' dir='ltr'><strong>in</strong></span> <span class='ocrx_word' id='word_1_273' title='bbox 630 3874 871 3939; x_wconf 86' lang='lat' dir='ltr'><strong>judicium</strong></span> <span class='ocrx_word' id='word_1_274' title='bbox 895 3874 1175 3925; x_wconf 76' lang='lat' dir='ltr'><strong>adduxisse.</strong></span> <span class='ocrx_word' id='word_1_275' title='bbox 1593 3876 1644 3923; x_wconf 81' lang='lat'><strong>6.</strong></span> <span class='ocrx_word' id='word_1_276' title='bbox 1690 3873 1850 3921; x_wconf 77' lang='lat' dir='ltr'><strong>Aliud</strong></span> <span class='ocrx_word' id='word_1_277' title='bbox 1888 3888 2056 3937; x_wconf 78' lang='lat' dir='ltr'><strong>genus.</strong></span> <span class='ocrx_word' id='word_1_278' title='bbox 2092 3870 2258 3921; x_wconf 78' lang='lat' dir='ltr'><strong>Alium</strong></span> <span class='ocrx_word' id='word_1_279' title='bbox 2299 3869 2555 3933; x_wconf 78' lang='lat' dir='ltr'><strong>ordinem,</strong></span> 
     </span>
     <span class='ocr_line' id='line_1_34' title="bbox 476 3952 2020 4019; baseline 0 -18"><span class='ocrx_word' id='word_1_280' title='bbox 476 3968 527 4003; x_wconf 68' lang='lat' dir='ltr'><strong>a.</strong></span> <span class='ocrx_word' id='word_1_281' title='bbox 563 3954 699 4003; x_wconf 70' lang='lat' dir='ltr'><strong>Male</strong></span> <span class='ocrx_word' id='word_1_282' title='bbox 734 3952 923 4019; x_wconf 73' lang='lat' dir='ltr'><strong>aliquot</strong></span> <span class='ocrx_word' id='word_1_283' title='bbox 964 3954 1093 4003; x_wconf 80' lang='lat' dir='ltr'><strong>Mss</strong></span> <span class='ocrx_word' id='word_1_284' title='bbox 1122 3989 1138 4014; x_wconf 85' lang='lat'>‚</span> <span class='ocrx_word' id='word_1_285' title='bbox 1182 3954 1431 4005; x_wconf 71' lang='lat' dir='ltr'><strong>illustrior.</strong></span> <span class='ocrx_word' id='word_1_286' title='bbox 1522 3962 1798 4019; x_wconf 79' lang='lat' dir='ltr'><strong>equestrem</strong></span> <span class='ocrx_word' id='word_1_287' title='bbox 1814 3952 2020 4001; x_wconf 81' lang='lat' dir='ltr'><strong>scilicet.</strong></span> 
     </span>
    </p>

    <p class='ocr_par' dir='ltr' id='par_1_11' title="bbox 406 4028 2554 4093">
     <span class='ocr_line' id='line_1_35' title="bbox 406 4028 2554 4093; baseline -0.001 -15"><span class='ocrx_word' id='word_1_288' title='bbox 406 4030 541 4079; x_wconf 79' lang='lat' dir='ltr'><strong>J.v.</strong></span> <span class='ocrx_word' id='word_1_289' title='bbox 562 4035 619 4083; x_wconf 78' lang='lat' dir='ltr'><strong>L.</strong></span> <span class='ocrx_word' id='word_1_290' title='bbox 1599 4049 1650 4093; x_wconf 78' lang='lat'><strong>7.</strong></span> <span class='ocrx_word' id='word_1_291' title='bbox 1694 4032 1874 4081; x_wconf 76' lang='lat' dir='ltr'><strong>Grave.</strong></span> <span class='ocrx_word' id='word_1_292' title='bbox 1902 4030 2052 4093; x_wconf 84' lang='lat' dir='ltr'><strong>Quod</strong></span> <span class='ocrx_word' id='word_1_293' title='bbox 2091 4030 2258 4081; x_wconf 62' lang='lat' dir='ltr'><strong>multe</strong></span> <span class='ocrx_word' id='word_1_294' title='bbox 2295 4031 2393 4079; x_wconf 74' lang='lat' dir='ltr'><strong>sint</strong></span> <span class='ocrx_word' id='word_1_295' title='bbox 2437 4028 2554 4077; x_wconf 77' lang='lat' dir='ltr'><strong>sub·</strong></span> 
     </span>
    </p>
   </div>
   <div class='ocr_carea' id='block_1_6' title="bbox 478 4110 2002 4179">
    <p class='ocr_par' dir='ltr' id='par_1_12' title="bbox 478 4110 2002 4179">
     <span class='ocr_line' id='line_1_36' title="bbox 478 4110 2002 4179; baseline 0.003 -20"><span class='ocrx_word' id='word_1_296' title='bbox 478 4110 527 4159; x_wconf 76' lang='lat'><strong>³.</strong></span> <span class='ocrx_word' id='word_1_297' title='bbox 552 4112 825 4163; x_wconf 76' lang='lat' dir='ltr'><strong>Consulem.</strong></span> <span class='ocrx_word' id='word_1_298' title='bbox 854 4115 893 4163; x_wconf 82' lang='lat' dir='ltr'>A</span> <span class='ocrx_word' id='word_1_299' title='bbox 915 4112 1251 4179; x_wconf 74' lang='lat' dir='ltr'><strong>superioribus</strong></span> <span class='ocrx_word' id='word_1_300' title='bbox 1270 4114 1431 4165; x_wconf 79' lang='lat' dir='ltr'><strong>verbis</strong></span> <span class='ocrx_word' id='word_1_301' title='bbox 1524 4114 1700 4163; x_wconf 75' lang='lat' dir='ltr'><strong>eundae</strong></span> <span class='ocrx_word' id='word_1_302' title='bbox 1719 4112 2002 4163; x_wconf 66' lang='lat' dir='ltr'><strong>inimicitie.</strong></span> 
     </span>
    </p>
   </div>
  </div>
 </body>
</html>
