2984 4684
822 407 1214 477 ORATIO
1262 407 1466 478 PRO
1519 410 1591 478 S.
1641 404 2052 479 ROSCIO.
2365 430 2490 477 121

368 531 717 630 quoniam
748 542 1066 626 potestas
1098 528 1265 600 data
1295 545 1435 620 est,
1491 554 1644 602 non
1683 528 1906 601 modo
1946 524 2339 615 infirmari,
2385 551 2506 597 ve-

368 666 533 713 rum
561 642 777 711 etiam
810 638 1163 711 vindicari
1184 636 1211 683 ³
1244 656 1603 739 oportere.

464 755 617 847 Ego
645 753 751 821 sic
776 752 1132 841 existimo,
1151 754 1279 849 qui
1308 756 1534 849 quaeri
1558 753 1732 824 velit
1759 754 1974 839 exiis,
1990 775 2180 849 quos
2203 762 2509 836 constat,

370 884 602 957 quum
635 858 862 931 caedes
894 859 1080 933 facta
1110 865 1225 951 sit,
1251 860 1543 935 affuisse
1561 918 1580 953 ,
1608 887 1779 934 eum
1810 885 2076 961 cupere
2108 886 2364 933 verum
2399 862 2511 928 in-

368 972 653 1059 venire3
680 972 809 1068 qui
836 986 1144 1061 recuset,
1172 996 1343 1043 eum
1372 971 1704 1071 profecto
1741 1028 1761 1057 ‚
1783 976 2067 1044 tametsi
2099 968 2326 1043 verbo
2355 994 2510 1040 non

370 1078 668 1168 audeat,
704 1094 947 1151 tamen
972 1105 1053 1152 re
1078 1084 1235 1180 ipsa
1265 1082 1357 1154 de
1390 1083 1750 1155 maleficio
1781 1107 1915 1153 suo
1955 1079 2308 1153 confiteri.
2340 1081 2510 1151 Dixi

370 1192 613 1289 initio,
638 1189 958 1287 judices,
990 1193 1184 1263 nolle
1218 1218 1335 1265 me
1365 1193 1579 1293 plura
1620 1193 1711 1265 de
1753 1198 2060 1265 istorum
2095 1192 2362 1263 scelere
2396 1189 2509 1260 di-

373 1326 561 1388 cere,
585 1325 805 1398 quam
830 1325 1044 1373 causa
1064 1305 1489 1401 postularet,
1513 1330 1596 1377 ac
1615 1308 2002 1377 necessitas
2024 1308 2180 1404 ipsa
2199 1315 2508 1399 cogeret.

368 1414 555 1497 Nam
574 1425 649 1481 et
674 1410 919 1482 multae
940 1438 1053 1483 res
1068 1411 1312 1485 afferri
1331 1430 1662 1512 possunt,
1687 1430 1762 1487 et
1781 1438 2239 1512 unaquaeque
2263 1434 2513 1483 earum

372 1526 622 1596 multis
654 1550 823 1597 cum
854 1532 1299 1625 argumentis
1332 1529 1475 1600 dici
1508 1544 1770 1628 potest.
1803 1534 2080 1601 Verum
2105 1553 2275 1625 ego,
2307 1523 2514 1623 quod

372 1637 645 1707 invitus
676 1661 761 1708 ac
789 1643 1191 1710 necessario
1225 1638 1441 1729 faci0‚
1466 1666 1709 1737 neque
1738 1639 1865 1710 diu
1887 1694 1906 1731 ‚
1935 1664 2181 1737 neque
2209 1637 2516 1732 diligen-

372 1761 485 1819 ter
501 1747 735 1820 facere
754 1773 1074 1847 possum.
1093 1754 1271 1842 Quae
1298 1754 1646 1849 praeteriri
1675 1752 1882 1832 nullo
1908 1749 2129 1821 inodo
2154 1759 2518 1847 poterant,

374 1883 459 1929 ea
488 1858 763 1949 leviter,
789 1860 1104 1956 judiceS‚
1128 1865 1367 1958 attigi;
1394 1886 1557 1959 quae
1584 1864 1822 1960 posita
1852 1863 2127 1931 suntin
2161 1858 2516 1955 suspicio-

374 1970 631 2060 nibus,
674 1970 764 2042 de
797 1971 1103 2069 quibuS‚
1140 1976 1197 2043 si
1234 1996 1530 2071 coepero
1562 1972 1803 2044 dicere
1825 2026 1846 2061 ‚
1881 1968 2221 2070 pluribus
2275 1964 2516 2038 verbis

374 2082 469 2151 sit
523 2079 1065 2171 disserendum,
1122 2106 1207 2154 ea
1261 2086 1519 2155 vestris
1564 2085 1878 2179 ingeniis
1929 2082 2516 2178 conjecturaeque

376 2194 781 2263 committo,

470 2306 723 2373 XLIII.
762 2305 997 2373 Venio
1025 2327 1228 2374 nunc
1258 2301 1352 2374 ad
1378 2301 1561 2373 illud
1589 2327 1860 2374 nomen
1894 2325 2201 2373 aureum
2227 2310 2248 2344 ¹
2283 2296 2516 2393 Chry·

374 2415 631 2509 sogoni
655 2467 673 2500 ,
706 2411 845 2483 sub
887 2438 1039 2510 quo
1091 2402 1391 2485 nomine
1436 2428 1589 2484 tota
1629 2416 1934 2485 societas
1976 2414 2316 2483 statuitur
2355 2434 2371 2476 :
2428 2407 2520 2477 de

376 2548 550 2622 quo,
571 2523 881 2620 judiceS,
907 2549 1149 2622 neque
1179 2522 1556 2623 quomodo
1586 2524 1846 2611 dicam,
1874 2547 2116 2620 neque
2144 2517 2521 2617 quomodo

376 2622 674 2722 taceam,
702 2638 1021 2732 reperire
1052 2659 1375 2734 possum.
1412 2638 1482 2706 Si
1508 2638 1704 2705 enim
1734 2650 1964 2721 tace0,
1988 2633 2103 2703 vel
2135 2632 2518 2701 maximam

379 2760 661 2841 partem
701 2746 1037 2842 relin'quo
1070 2772 1085 2815 τ
1122 2749 1234 2817 sin
1261 2760 1507 2816 autem
1543 2744 1742 2831 dico,
1772 2768 2055 2832 vereor,
2087 2766 2181 2811 ne
2219 2763 2369 2810 non
2400 2738 2522 2808 ille

306 2906 314 2913 .
375 2854 607 2941 solus,
660 2852 738 2924 id
771 2853 973 2951 quod
1012 2854 1105 2926 ad
1152 2880 1268 2926 me
1316 2854 1499 2925 nihil
1529 2858 1824 2943 attinet,
1855 2853 1982 2925 sed
2020 2853 2185 2923 alii²
2221 2873 2522 2947 quoque

374 2964 619 3060 plures
651 2964 855 3035 laesos
888 2989 963 3037 se
996 2990 1150 3036 esse
1181 2980 1466 3063 putent.
1505 2968 1815 3035 Tametsi
1867 2968 1969 3035 ita
1999 2988 2075 3035 se
2113 2987 2227 3033 res
2258 2959 2484 3031 habet
2503 3012 2522 3047 ,

374 3088 461 3143 ut
513 3073 690 3144 mihi
727 3078 804 3144 in
847 3099 1317 3146 communem
1372 3100 1660 3147 causam
1710 3089 2078 3147 sectorum
2129 3069 2526 3144 dicendum

376 3183 558 3255 nihil
590 3209 1030 3283 magnopere
1062 3184 1417 3257 videatur.
1452 3192 1620 3257 Haec
1663 3188 1858 3257 enim
1894 3208 2110 3256 causa
2137 3204 2328 3253 nova
2355 3203 2524 3278 pro-

375 3292 567 3367 fecto
600 3310 673 3367 et
703 3296 1085 3393 singularis
1118 3310 1245 3369 est.

468 3408 845 3476 Bonorum
875 3409 1033 3477 Sex.
1062 3408 1305 3479 Roscii
1333 3422 1622 3505 emptor
1659 3422 1769 3479 est
1791 3405 2335 3503 Chrysogonus,
2372 3402 2524 3472 Pri-

445 3668 499 3717 3.
540 3668 811 3719 Vindicat-i.
848 3668 997 3719 Plane
1034 3672 1275 3737 supprimi
1288 3704 1305 3733 ‚
1334 3688 1397 3721 ne
1484 3684 1536 3722 et
1571 3672 2046 3738 contemptissimum
2079 3686 2230 3736 genus
2265 3670 2312 3718 ei
2343 3634 2524 3735 expro-

374 3761 551 3796 nocere
574 3749 736 3813 possit
762 3749 993 3813 amplius.
1483 3752 1625 3811 brat3
1655 3752 1791 3817 quod
1833 3767 1988 3816 graeca
2026 3751 2356 3815 appellatione
2397 3749 2526 3798 servi

442 3827 623 3876 XLIII.
658 3844 705 3875 ι.
735 3829 971 3876 Aureum.
1005 3830 1161 3878 ,ἴσως
1193 3846 1221 3878 a
1256 3842 1397 3879 nota·
1485 3831 1582 3881 ooli
1603 3833 1659 3881 in
1679 3830 1946 3880 ludibrium
1974 3840 2279 3879 notarentur.

376 3903 507 3953 fiune
534 3907 681 3970 graeei
712 3908 927 3955 nominis
941 3943 958 3970 ,
1000 3909 1137 3973 quod
1162 3910 1295 3959 idem
1320 3910 1394 3959 la·
1562 3926 1613 3961 ει.
1636 3910 1757 3960 Alii.
1793 3911 1984 3976 Nempe
2015 3920 2254 3972 sectores,
2288 3917 2528 3973 potentes

376 3982 473 4032 tine
512 3997 682 4044 comt,
724 4000 783 4035 ac
822 3987 1009 4035 xsoetus
1045 4004 1219 4037 aureus
1236 4012 1277 4039 υ.
1316 3990 1395 4038 Fit
1483 3991 1740 4051 homines,
1783 3998 1840 4037 ut
1884 3990 2090 4057 Crassus
2129 3988 2211 4037 ille
2252 3987 2444 4039 divitiis
2481 3996 2531 4035 et

374 4064 501 4113 enim
540 4080 566 4113 n
599 4062 804 4133 χρυσὸς,
826 4082 1025 4129 aurum,
1056 4078 1107 4117 et
1132 4066 1297 4137 γόνος,
1324 4086 1399 4118 ae·
1484 4069 1800 4120 triumviratu
1825 4070 2068 4127 famosus,
2107 4067 2194 4132 qui
2217 4077 2274 4115 et
2292 4066 2391 4132 ipsi
2417 4080 2533 4128 pro·

374 4158 508 4208 nen,
546 4147 717 4197 foetus.
749 4149 855 4195 Hac
886 4164 1006 4198 vero
1044 4150 1201 4199 ironia
1227 4151 1397 4200 servile
1492 4150 1797 4215 scriptorum
1815 4148 1946 4199 bona
1967 4155 2265 4198 coemerunt.
