2984 4684
453 387 592 461 516
1253 382 1793 453 EXCURSUS

441 533 673 578 eorum
709 505 1006 571 ordinem
1042 527 1120 569 ex
1153 505 1450 594 ingenuis
1485 505 1741 592 potius,
1762 524 1959 590 quam
1995 525 2073 565 ex
2095 501 2411 568 libertinis
2438 526 2595 568 con-

441 619 676 683 stitisse
710 611 1304 692 animadvertimus‚
1335 611 1553 699 inquit
1586 611 1811 700 Sigon.
1848 607 1933 673 de
1960 610 2283 698 Antiquit.
2310 611 2439 691 jur.
2466 611 2591 674 civ.

439 727 630 788 Rom.
661 719 772 785 lib.
797 719 898 800 11,
935 741 1074 806 cap.
1110 717 1208 782 15.
1239 717 1501 781 Refeuit
1534 716 1877 806 Sigonium
1906 716 2243 799 Horatius,
2276 717 2405 782 Sat.
2428 717 2492 798 I,
2526 717 2590 799 5,

437 831 564 911 663
613 828 734 892 nisi
789 825 1024 890 dixeris
1093 825 1527 896 Sarmentum,
1576 823 1855 886 scribam
1916 823 2245 910 privatum
2306 823 2595 889 dominae

438 938 658 1000 fuisse.
693 931 890 999 Aliud
927 932 1102 996 enim
1136 947 1274 995 erat
1295 979 1318 1012 ,
1363 929 1571 994 scriba
1622 927 1857 1016 privati
1906 951 2046 992 esse
2068 977 2089 1011 ,
2148 946 2227 994 ut
2266 929 2421 994 Tiro
2464 929 2593 993 fuit

439 1043 806 1124 Ciceronis3
861 1037 1073 1121 aliud,
1127 1039 1193 1102 in
1233 1025 1597 1102 scribarum
1630 1035 1933 1099 ordinem
1974 1037 2223 1100 referri.
2256 1037 2425 1100 Utut
2466 1037 2593 1118 sit,

375 1135 382 1141 ⁰
436 1175 560 1243 ego
593 1174 731 1215 non
759 1148 957 1215 credo
981 1147 1322 1214 libertinos
1346 1170 1385 1211 a
1411 1145 1773 1211 scribarum
1796 1141 2041 1230 ordine·
2058 1143 2261 1208 fuisse
2282 1142 2593 1224 dejectos,

435 1259 678 1348 quibus
711 1255 877 1321 ordo
909 1255 1273 1319 senatorius
1312 1255 1509 1317 etiam
1542 1249 1942 1340 quandoque
1974 1249 2207 1338 patuit.

520 1365 774 1428 Scribas
807 1363 1038 1426 Festus
1083 1359 1310 1424 definit
1359 1391 1384 1416 ιι
1413 1360 1711 1424 librarios
1729 1406 1748 1440 ,
1790 1358 1907 1446 qui
1951 1359 2237 1421 rationes
2292 1355 2593 1446 publicas

423 1469 730 1538 'scribunt
763 1470 829 1532 in
875 1467 1176 1532 tabulis».
1213 1465 1484 1531 Illorum
1520 1489 1679 1556 ergo
1714 1486 1959 1528 munus
2000 1464 2154 1543 fuit,
2194 1479 2271 1527 ut
2308 1463 2593 1528 rationes

433 1576 776 1668 publicas‘
761 1599 828 1639 in
866 1573 1116 1638 tabulas
1153 1573 1521 1637 referrent·
1570 1572 1743 1662 leges
1796 1587 1864 1636 et
1898 1586 2039 1635 acta
2072 1571 2141 1634 iu
2177 1587 2587 1634 commenta-

429 1687 563 1749 rios
598 1682 986 1772 redigerent.
1025 1681 1254 1745 Hinc«
1227 1680 1584 1768 «scriptum
1622 1679 1880 1742 facere
1926 1674 2101 1765 apud
2124 1676 2262 1741 Liv.
2290 1677 2423 1759 IX,
2458 1676 2593 1759 46,

433 1808 562 1872 est,
596 1789 826 1854 scribae
852 1810 1096 1851 munus
1125 1799 1443 1850 exercere.

521 1897 752 1980 Quum
780 1893 1006 1958 scribae
1035 1894 1226 1956 multi
1249 1907 1466 1956 essent
1485 1891 1554 1954 in
1584 1891 1863 1970 civitate,
1898 1890 2143 1953 factum
2172 1905 2301 1970 est,
2334 1886 2587 1953 ordinis

433 2007 534 2070 sui
569 2001 866 2068 servandi
901 2001 1134 2090 gratia,
1177 2015 1254 2062 ut
1283 2000 1352 2061 in
1385 1997 1681 2062 decurias
1714 1996 2256 2061 describerentur.
2296 1997 2595 2061 Decuriae

436 2109 821 2174 dicebantur
861 2106 1130 2194 collegia
1148 2153 1166 2185 ,
1225 2103 1294 2167 in
1356 2103 1598 2191 quibus
1650 2103 1933 2183 librarii,
1988 2103 2247 2184 scribae,
2284 2100 2545 2168 lictores
2568 2147 2590 2184 ,

431 2217 708 2279 viatores
729 2261 746 2294 ,
785 2211 1322 2290 nomenclatores,
1351 2210 1608 2272 accensi
1634 2208 2133 2298 magistratuum
2155 2231 2586 2273 romanorum

437 2321 898 2386 censebantur.
951 2319 1248 2382 Fuerunt
1291 2337 1448 2404 ergo
1502 2314 1784 2380 decuriae
1838 2314 2197 2378 scribarum
2254 2315 2593 2402 praetorio-

441 2452 590 2494 rum
607 2476 626 2510 ,
657 2424 1068 2491 aedilitiorum
1086 2473 1104 2505 ,
1139 2423 1635 2511 quaestoriorum
1652 2469 1673 2504 ,
1696 2436 1893 2511 prout
1919 2445 1955 2484 a
1986 2419 2377 2508 praetoribus
2394 2469 2412 2504 ,
2434 2421 2589 2486 zedi-

438 2536 641 2610 libus‚
671 2531 1181 2621 quaestoribusve
1213 2545 1432 2592 essent
1463 2528 1647 2609 lecti3
1681 2528 1779 2591 uti
1810 2527 1884 2591 L.
1910 2527 2015 2590 ille
2042 2527 2369 2609 Petillius,
2392 2551 2591 2617 quem

438 2642 718 2706 scribam
761 2640 843 2721 Q.
869 2636 1156 2702 petillius
1189 2651 1474 2724 quaestor
1522 2635 1587 2697 in
1640 2633 1973 2698 decuriam
2014 2633 2257 2721 legerat
2308 2633 2551 2721 (Livius
2572 2685 2592 2716 ,

439 2748 592 2826 XL,
641 2747 788 2832 29);
837 2760 952 2808 aut
991 2759 1192 2831 prout
1228 2741 1711 2831 magistratibus
1766 2756 1983 2803 essent
2032 2739 2237 2804 additi
2288 2741 2591 2805 ministri.

439 2855 614 2918 Hinc
647 2867 1048 2916 memoratur
1079 2847 1252 2937 apud
1275 2848 1633 2912 Gruterum
1668 2863 1735 2911 et
1760 2848 2139 2913 Reinesium
2164 2846 2415 2912 «scriba
2448 2846 2597 2911 aedi-

441 2961 648 3040 lium;
691 2957 976 3022 aedilium
1023 2955 1381 3036 curulium3
1429 2953 1852 3042 pontificum3
1908 2954 2119 3018 scriba
2164 2955 2591 3042 quaestorius3

445 3065 828 3155 praetorius3
865 3061 1228 3150 publicus».
1259 3061 1357 3123 Ex
1377 3061 1943 3124 senatusconsulto
1980 3060 2136 3124 anni
2167 3059 2295 3146 743
2330 3077 2595 3126 curato·

445 3171 628 3234 ribus
665 3189 981 3256 aquarum
1024 3164 1430 3254 publicarum
1463 3181 1531 3228 et
1564 3164 1839 3254 insignia
1882 3165 2067 3253 quasi
2112 3164 2593 3254 magistratibus

449 3272 924 3351 conceduntur,
957 3285 1021 3334 et
1051 3269 1278 3334 scribae
1303 3269 1547 3332 librarii
1578 3269 2051 3334 attribuuntur.

538 3381 640 3444 De
697 3377 1058 3441 scribarum
1103 3373 1351 3438 ordinis
1397 3372 1707 3462 dignitate
1758 3373 1934 3439 docti
1984 3375 2187 3439 multa
2236 3374 2591 3464 disputant.

449 3486 582 3567 Qui
619 3505 774 3548 eum
810 3479 1108 3545 ordinem
1139 3479 1488 3543 honestum
1528 3501 1667 3544 esse
1698 3478 1964 3562 volunt,
1998 3497 2331 3545 auctorem
2350 3481 2596 3546 habent

330 3633 348 3650 ·
451 3593 871 3670 Ciceronem,
927 3587 1041 3676 qui
1085 3586 1200 3652 lib.
1225 3587 1324 3651 III
1365 3587 1434 3650 in
1460 3587 1647 3651 Verr.
1690 3611 1831 3676 cap.
1868 3610 1987 3675 79,
2040 3587 2133 3652 sic
2169 3587 2260 3651 ait
2298 3612 2316 3652 :
2358 3619 2383 3643 ι
2408 3588 2593 3653 Ordo

449 3699 806 3762 scribarum
844 3711 941 3760 est
975 3694 1326 3774 honestus3
1363 3693 1511 3780 quis
1546 3694 1792 3782 negat?
1792 3741 1901 3758 .....
1936 3695 2053 3758 Est
2084 3717 2240 3760 vero
2276 3694 2593 3758 honestus

445 3804 628 3891 quod
660 3825 888 3868 eorum
927 3800 1274 3865 hominum
1317 3797 1468 3862 fidei
1518 3799 1753 3862 tabulae
1802 3798 2079 3886 publicae
2104 3847 2123 3881 ,
2174 3799 2593 3889 periculaque

445 3910 938 3998 magistratuum
985 3905 1555 3970 committuntur».
1608 3906 1744 3987 Qui
1774 3906 1967 3969 vilem
2015 3926 2168 3970 eum
2202 3905 2402 3970 fuisse
2434 3929 2593 3970 con-

445 4015 758 4096 tendunt,
809 4013 910 4077 his
941 4011 1214 4100 Nepotis
1243 4011 1456 4076 verbis
1489 4009 1559 4076 id
1590 4010 1869 4100 probare
1900 4028 2261 4077 conantur:
2308 4044 2333 4068 ιι
2362 4013 2589 4100 Itaque

441 4145 592 4187 eum
647 4120 878 4184 habuit
929 4115 1012 4180 ad
1075 4139 1342 4180 manum
1401 4117 1631 4182 scribae
1684 4117 1829 4183 loco
1850 4165 1868 4200 ,
1922 4119 2115 4210 quod·
2150 4119 2361 4184 multo
2413 4117 2593 4206 apud
