<?xml version="1.0" encoding="UTF-8"?>
<!DOCTYPE html PUBLIC "-//W3C//DTD XHTML 1.0 Transitional//EN"
    "http://www.w3.org/TR/xhtml1/DTD/xhtml1-transitional.dtd">
<html xmlns="http://www.w3.org/1999/xhtml" xml:lang="en" lang="en">
 <head>
  <title>
</title>
<meta http-equiv="Content-Type" content="text/html;charset=utf-8" />
  <meta name='ocr-system' content='tesseract 3.04.00' />
  <meta name='ocr-capabilities' content='ocr_page ocr_carea ocr_par ocr_line ocrx_word'/>
</head>
<body>
  <div class='ocr_page' id='page_1' title='image "./mtciceronisquae03lemagoog_0148.png"; bbox 0 0 2984 4684; ppageno 0'>
   <div class='ocr_carea' id='block_1_1' title="bbox 555 350 2036 447">
    <p class='ocr_par' dir='ltr' id='par_1_1' title="bbox 555 350 2036 447">
     <span class='ocr_line' id='line_1_1' title="bbox 555 350 2036 447; baseline 0 -1"><span class='ocrx_word' id='word_1_1' title='bbox 555 375 688 446; x_wconf 86' lang='lat'><strong>108</strong></span> <span class='ocrx_word' id='word_1_2' title='bbox 1182 378 1280 445; x_wconf 88' lang='lat' dir='ltr'><strong>M.</strong></span> <span class='ocrx_word' id='word_1_3' title='bbox 1324 379 1405 446; x_wconf 91' lang='lat' dir='ltr'><strong>T.</strong></span> <span class='ocrx_word' id='word_1_4' title='bbox 1452 350 2036 447; x_wconf 69' lang='lat' dir='ltr'>CICERONIS</span> 
     </span>
    </p>
   </div>
   <div class='ocr_carea' id='block_1_2' title="bbox 507 496 2699 3564">
    <p class='ocr_par' dir='ltr' id='par_1_2' title="bbox 507 496 2695 2355">
     <span class='ocr_line' id='line_1_2' title="bbox 507 496 2679 598; baseline -0.001 -28"><span class='ocrx_word' id='word_1_5' title='bbox 507 561 516 570; x_wconf 94' lang='lat'><strong>.</strong></span> <span class='ocrx_word' id='word_1_6' title='bbox 639 496 898 568; x_wconf 85' lang='lat' dir='ltr'><strong>Occiso</strong></span> <span class='ocrx_word' id='word_1_7' title='bbox 943 497 1102 568; x_wconf 85' lang='lat' dir='ltr'><strong>Sex.</strong></span> <span class='ocrx_word' id='word_1_8' title='bbox 1133 501 1422 588; x_wconf 90' lang='lat' dir='ltr'><strong>Roscio,</strong></span> <span class='ocrx_word' id='word_1_9' title='bbox 1451 502 1583 596; x_wconf 92' lang='lat' dir='ltr'><strong>qui</strong></span> <span class='ocrx_word' id='word_1_10' title='bbox 1622 499 1903 598; x_wconf 88' lang='lat' dir='ltr'><strong>primus</strong></span> <span class='ocrx_word' id='word_1_11' title='bbox 1932 497 2296 570; x_wconf 83' lang='lat' dir='ltr'><strong>Ameriam</strong></span> <span class='ocrx_word' id='word_1_12' title='bbox 2336 499 2679 569; x_wconf 74' lang='lat' dir='ltr'><strong>nuntiat?</strong></span> 
     </span>
     <span class='ocr_line' id='line_1_3' title="bbox 539 606 2679 705; baseline 0.003 -30"><span class='ocrx_word' id='word_1_13' title='bbox 539 606 826 676; x_wconf 87' lang='lat' dir='ltr'><strong>Mallius</strong></span> <span class='ocrx_word' id='word_1_14' title='bbox 877 607 1172 678; x_wconf 86' lang='lat' dir='ltr'><strong>Glaucia</strong></span> <span class='ocrx_word' id='word_1_15' title='bbox 1192 661 1212 696; x_wconf 90' lang='lat'><strong>,</strong></span> <span class='ocrx_word' id='word_1_16' title='bbox 1269 632 1493 705; x_wconf 86' lang='lat' dir='ltr'><strong>quem</strong></span> <span class='ocrx_word' id='word_1_17' title='bbox 1548 609 1697 705; x_wconf 87' lang='lat' dir='ltr'><strong>jam</strong></span> <span class='ocrx_word' id='word_1_18' title='bbox 1761 620 1975 680; x_wconf 87' lang='lat' dir='ltr'><strong>antea</strong></span> <span class='ocrx_word' id='word_1_19' title='bbox 2006 609 2399 679; x_wconf 71' lang='lat' dir='ltr'><strong>⁸nominavi</strong></span> <span class='ocrx_word' id='word_1_20' title='bbox 2426 662 2447 696; x_wconf 92' lang='lat'><strong><em>‚</em></strong></span> <span class='ocrx_word' id='word_1_21' title='bbox 2504 621 2679 682; x_wconf 85' lang='lat' dir='ltr'><strong>tuus</strong></span> 
     </span>
     <span class='ocr_line' id='line_1_4' title="bbox 540 713 2676 816; baseline 0 -30"><span class='ocrx_word' id='word_1_22' title='bbox 540 714 764 788; x_wconf 88' lang='lat' dir='ltr'><strong>cliens</strong></span> <span class='ocrx_word' id='word_1_23' title='bbox 808 728 884 786; x_wconf 93' lang='lat' dir='ltr'><strong>et</strong></span> <span class='ocrx_word' id='word_1_24' title='bbox 929 713 1316 788; x_wconf 84' lang='lat' dir='ltr'><strong>familiaris.</strong></span> <span class='ocrx_word' id='word_1_25' title='bbox 1367 715 1567 809; x_wconf 88' lang='lat' dir='ltr'><strong>Quid</strong></span> <span class='ocrx_word' id='word_1_26' title='bbox 1604 719 1950 790; x_wconf 69' lang='lat' dir='ltr'><strong>attinuit*</strong></span> <span class='ocrx_word' id='word_1_27' title='bbox 1994 715 2163 790; x_wconf 81' lang='lat' dir='ltr'><strong>eum</strong></span> <span class='ocrx_word' id='word_1_28' title='bbox 2216 719 2676 816; x_wconf 85' lang='lat' dir='ltr'><strong>potissimum</strong></span> 
     </span>
     <span class='ocr_line' id='line_1_5' title="bbox 541 823 2679 924; baseline 0.001 -28"><span class='ocrx_word' id='word_1_29' title='bbox 541 827 904 914; x_wconf 86' lang='lat' dir='ltr'><strong>nuntiare,</strong></span> <span class='ocrx_word' id='word_1_30' title='bbox 928 823 1154 922; x_wconf 90' lang='lat' dir='ltr'><strong>quod,</strong></span> <span class='ocrx_word' id='word_1_31' title='bbox 1175 830 1234 898; x_wconf 88' lang='lat' dir='ltr'><strong>si</strong></span> <span class='ocrx_word' id='word_1_32' title='bbox 1262 827 1548 900; x_wconf 89' lang='lat' dir='ltr'><strong>nullum</strong></span> <span class='ocrx_word' id='word_1_33' title='bbox 1565 828 1715 924; x_wconf 89' lang='lat' dir='ltr'><strong>jam</strong></span> <span class='ocrx_word' id='word_1_34' title='bbox 1736 842 1905 900; x_wconf 88' lang='lat' dir='ltr'><strong>ante</strong></span> <span class='ocrx_word' id='word_1_35' title='bbox 1928 829 2311 912; x_wconf 79' lang='lat' dir='ltr'><strong>consilium</strong></span> <span class='ocrx_word' id='word_1_36' title='bbox 2330 827 2423 899; x_wconf 93' lang='lat' dir='ltr'><strong>de</strong></span> <span class='ocrx_word' id='word_1_37' title='bbox 2442 841 2679 899; x_wconf 84' lang='lat' dir='ltr'><strong>morte</strong></span> 
     </span>
     <span class='ocr_line' id='line_1_6' title="bbox 539 933 2681 1035; baseline 0 -29"><span class='ocrx_word' id='word_1_38' title='bbox 539 957 628 1007; x_wconf 87' lang='lat' dir='ltr'><strong>ac</strong></span> <span class='ocrx_word' id='word_1_39' title='bbox 655 933 746 1006; x_wconf 88' lang='lat' dir='ltr'><strong>de</strong></span> <span class='ocrx_word' id='word_1_40' title='bbox 770 933 988 1007; x_wconf 86' lang='lat' dir='ltr'><strong>bonis</strong></span> <span class='ocrx_word' id='word_1_41' title='bbox 1013 937 1076 1033; x_wconf 90' lang='lat' dir='ltr'><strong>ej</strong></span> <span class='ocrx_word' id='word_1_42' title='bbox 1087 961 1169 1008; x_wconf 87' lang='lat' dir='ltr'><strong>us</strong></span> <span class='ocrx_word' id='word_1_43' title='bbox 1201 940 1497 1027; x_wconf 89' lang='lat' dir='ltr'><strong>inieras,</strong></span> <span class='ocrx_word' id='word_1_44' title='bbox 1538 937 1958 1035; x_wconf 87' lang='lat' dir='ltr'><strong>nullamque</strong></span> <span class='ocrx_word' id='word_1_45' title='bbox 1993 940 2406 1009; x_wconf 88' lang='lat' dir='ltr'><strong>societatem</strong></span> <span class='ocrx_word' id='word_1_46' title='bbox 2434 959 2681 1033; x_wconf 89' lang='lat' dir='ltr'><strong>neque</strong></span> 
     </span>
     <span class='ocr_line' id='line_1_7' title="bbox 545 1044 2683 1145; baseline 0 -29"><span class='ocrx_word' id='word_1_47' title='bbox 545 1045 870 1134; x_wconf 86' lang='lat' dir='ltr'><strong>sceleris,</strong></span> <span class='ocrx_word' id='word_1_48' title='bbox 919 1068 1160 1142; x_wconf 86' lang='lat' dir='ltr'><strong>neque</strong></span> <span class='ocrx_word' id='word_1_49' title='bbox 1191 1050 1466 1145; x_wconf 84' lang='lat' dir='ltr'><strong>praemii</strong></span> <span class='ocrx_word' id='word_1_50' title='bbox 1502 1071 1671 1120; x_wconf 90' lang='lat' dir='ltr'><strong>cum</strong></span> <span class='ocrx_word' id='word_1_51' title='bbox 1706 1047 2006 1121; x_wconf 90' lang='lat' dir='ltr'><strong>homine</strong></span> <span class='ocrx_word' id='word_1_52' title='bbox 2045 1047 2195 1118; x_wconf 93' lang='lat' dir='ltr'><strong>ullo</strong></span> <span class='ocrx_word' id='word_1_53' title='bbox 2242 1051 2547 1135; x_wconf 88' lang='lat' dir='ltr'><strong>coieras,</strong></span> <span class='ocrx_word' id='word_1_54' title='bbox 2586 1044 2683 1118; x_wconf 87' lang='lat' dir='ltr'><strong>ad</strong></span> 
     </span>
     <span class='ocr_line' id='line_1_8' title="bbox 545 1157 2685 1258; baseline 0 -31"><span class='ocrx_word' id='word_1_55' title='bbox 545 1169 620 1228; x_wconf 90' lang='lat' dir='ltr'><strong>te</strong></span> <span class='ocrx_word' id='word_1_56' title='bbox 665 1159 969 1228; x_wconf 87' lang='lat' dir='ltr'><strong>minime</strong></span> <span class='ocrx_word' id='word_1_57' title='bbox 1015 1161 1348 1229; x_wconf 90' lang='lat' dir='ltr'><strong>omnium</strong></span> <span class='ocrx_word' id='word_1_58' title='bbox 1395 1157 1847 1258; x_wconf 81' lang='lat' dir='ltr'><strong>pertinebat?</strong></span> <span class='ocrx_word' id='word_1_59' title='bbox 1889 1161 2036 1230; x_wconf 90' lang='lat' dir='ltr'><strong>Sua</strong></span> <span class='ocrx_word' id='word_1_60' title='bbox 2085 1172 2347 1257; x_wconf 88' lang='lat' dir='ltr'><strong>sponte</strong></span> <span class='ocrx_word' id='word_1_61' title='bbox 2397 1157 2685 1228; x_wconf 86' lang='lat' dir='ltr'><strong>Mallius</strong></span> 
     </span>
     <span class='ocr_line' id='line_1_9' title="bbox 547 1265 2686 1367; baseline 0 -30"><span class='ocrx_word' id='word_1_62' title='bbox 547 1269 858 1339; x_wconf 89' lang='lat' dir='ltr'><strong>nuntiat.</strong></span> <span class='ocrx_word' id='word_1_63' title='bbox 892 1265 1114 1360; x_wconf 89' lang='lat' dir='ltr'><strong>Quid,</strong></span> <span class='ocrx_word' id='word_1_64' title='bbox 1141 1293 1412 1366; x_wconf 85' lang='lat' dir='ltr'><strong>quaeso,</strong></span> <span class='ocrx_word' id='word_1_65' title='bbox 1441 1270 1601 1366; x_wconf 90' lang='lat' dir='ltr'><strong>ejus</strong></span> <span class='ocrx_word' id='word_1_66' title='bbox 1630 1269 2015 1342; x_wconf 82' lang='lat' dir='ltr'><strong>intererat?</strong></span> <span class='ocrx_word' id='word_1_67' title='bbox 2039 1273 2185 1358; x_wconf 87' lang='lat' dir='ltr'><strong>An,</strong></span> <span class='ocrx_word' id='word_1_68' title='bbox 2210 1293 2443 1367; x_wconf 89' lang='lat' dir='ltr'><strong>quum</strong></span> <span class='ocrx_word' id='word_1_69' title='bbox 2472 1275 2686 1340; x_wconf 84' lang='lat' dir='ltr'><strong>Ame-</strong></span> 
     </span>
     <span class='ocr_line' id='line_1_10' title="bbox 545 1376 2687 1476; baseline 0 -29"><span class='ocrx_word' id='word_1_70' title='bbox 545 1379 728 1448; x_wconf 83' lang='lat' dir='ltr'><strong>riam</strong></span> <span class='ocrx_word' id='word_1_71' title='bbox 759 1401 912 1449; x_wconf 90' lang='lat' dir='ltr'><strong>non</strong></span> <span class='ocrx_word' id='word_1_72' title='bbox 943 1377 1250 1476; x_wconf 90' lang='lat' dir='ltr'><strong>hujusce</strong></span> <span class='ocrx_word' id='word_1_73' title='bbox 1281 1382 1384 1452; x_wconf 91' lang='lat' dir='ltr'><strong>rei</strong></span> <span class='ocrx_word' id='word_1_74' title='bbox 1417 1403 1633 1452; x_wconf 87' lang='lat' dir='ltr'><strong>causa</strong></span> <span class='ocrx_word' id='word_1_75' title='bbox 1666 1383 2015 1468; x_wconf 80' lang='lat' dir='ltr'><strong>venisset,</strong></span> <span class='ocrx_word' id='word_1_76' title='bbox 2058 1403 2231 1452; x_wconf 88' lang='lat' dir='ltr'><strong>casu</strong></span> <span class='ocrx_word' id='word_1_77' title='bbox 2252 1376 2521 1452; x_wconf 87' lang='lat' dir='ltr'><strong>accidit</strong></span> <span class='ocrx_word' id='word_1_78' title='bbox 2536 1433 2557 1468; x_wconf 93' lang='lat'><strong>,</strong></span> <span class='ocrx_word' id='word_1_79' title='bbox 2600 1392 2687 1449; x_wconf 84' lang='lat' dir='ltr'><strong>ut</strong></span> 
     </span>
     <span class='ocr_line' id='line_1_11' title="bbox 546 1485 2685 1588; baseline -0 -30"><span class='ocrx_word' id='word_1_80' title='bbox 546 1485 624 1558; x_wconf 90' lang='lat' dir='ltr'><strong>id</strong></span> <span class='ocrx_word' id='word_1_81' title='bbox 642 1541 661 1576; x_wconf 93' lang='lat'><strong>,</strong></span> <span class='ocrx_word' id='word_1_82' title='bbox 692 1487 898 1585; x_wconf 88' lang='lat' dir='ltr'><strong>quod</strong></span> <span class='ocrx_word' id='word_1_83' title='bbox 925 1493 1171 1560; x_wconf 83' lang='lat' dir='ltr'><strong>Romae</strong></span> <span class='ocrx_word' id='word_1_84' title='bbox 1193 1487 1555 1579; x_wconf 85' lang='lat' dir='ltr'><strong>audierat,</strong></span> <span class='ocrx_word' id='word_1_85' title='bbox 1581 1493 1860 1588; x_wconf 89' lang='lat' dir='ltr'><strong>primus</strong></span> <span class='ocrx_word' id='word_1_86' title='bbox 1884 1488 2298 1560; x_wconf 78' lang='lat' dir='ltr'><strong>nuntiaret?</strong></span> <span class='ocrx_word' id='word_1_87' title='bbox 2326 1489 2553 1585; x_wconf 87' lang='lat' dir='ltr'><strong>Cujus</strong></span> <span class='ocrx_word' id='word_1_88' title='bbox 2580 1488 2685 1558; x_wconf 89' lang='lat' dir='ltr'><strong>rei</strong></span> 
     </span>
     <span class='ocr_line' id='line_1_12' title="bbox 547 1596 2683 1699; baseline -0.001 -31"><span class='ocrx_word' id='word_1_89' title='bbox 547 1620 762 1669; x_wconf 90' lang='lat' dir='ltr'><strong>causa</strong></span> <span class='ocrx_word' id='word_1_90' title='bbox 787 1600 1450 1670; x_wconf 84' lang='lat' dir='ltr'><strong>veneratAmeriam</strong></span> <span class='ocrx_word' id='word_1_91' title='bbox 1468 1598 1499 1669; x_wconf 74' lang='lat' dir='ltr'><strong>i·</strong></span> <span class='ocrx_word' id='word_1_92' title='bbox 1516 1603 1681 1672; x_wconf 89' lang='lat' dir='ltr'><strong>Non</strong></span> <span class='ocrx_word' id='word_1_93' title='bbox 1698 1622 2023 1699; x_wconf 89' lang='lat' dir='ltr'><strong>possum,</strong></span> <span class='ocrx_word' id='word_1_94' title='bbox 2040 1601 2307 1696; x_wconf 89' lang='lat' dir='ltr'><strong>inquit,</strong></span> <span class='ocrx_word' id='word_1_95' title='bbox 2330 1596 2683 1668; x_wconf 83' lang='lat' dir='ltr'><strong>divinare.</strong></span> 
     </span>
     <span class='ocr_line' id='line_1_13' title="bbox 550 1707 2687 1803; baseline -0.001 -25"><span class='ocrx_word' id='word_1_96' title='bbox 550 1710 656 1778; x_wconf 91' lang='lat' dir='ltr'><strong>Eo</strong></span> <span class='ocrx_word' id='word_1_97' title='bbox 707 1731 860 1778; x_wconf 85' lang='lat' dir='ltr'><strong>rem</strong></span> <span class='ocrx_word' id='word_1_98' title='bbox 889 1709 1038 1803; x_wconf 85' lang='lat' dir='ltr'><strong>jam</strong></span> <span class='ocrx_word' id='word_1_99' title='bbox 1067 1707 1459 1797; x_wconf 84' lang='lat' dir='ltr'><strong>adducam,</strong></span> <span class='ocrx_word' id='word_1_100' title='bbox 1503 1723 1589 1779; x_wconf 88' lang='lat' dir='ltr'><strong>ut</strong></span> <span class='ocrx_word' id='word_1_101' title='bbox 1630 1707 1813 1780; x_wconf 89' lang='lat' dir='ltr'><strong>nihil</strong></span> <span class='ocrx_word' id='word_1_102' title='bbox 1847 1707 2293 1780; x_wconf 85' lang='lat' dir='ltr'><strong>divinatione</strong></span> <span class='ocrx_word' id='word_1_103' title='bbox 2330 1728 2520 1803; x_wconf 88' lang='lat' dir='ltr'><strong>opus</strong></span> <span class='ocrx_word' id='word_1_104' title='bbox 2570 1708 2687 1776; x_wconf 91' lang='lat' dir='ltr'><strong>sit.</strong></span> 
     </span>
     <span class='ocr_line' id='line_1_14' title="bbox 549 1815 2689 1917; baseline -0.002 -29"><span class='ocrx_word' id='word_1_105' title='bbox 549 1820 716 1909; x_wconf 90' lang='lat' dir='ltr'><strong>Qua</strong></span> <span class='ocrx_word' id='word_1_106' title='bbox 746 1821 1022 1898; x_wconf 74' lang='lat' dir='ltr'><strong>ratione</strong></span> <span class='ocrx_word' id='word_1_107' title='bbox 1048 1821 1314 1891; x_wconf 87' lang='lat' dir='ltr'><strong>Roscio</strong></span> <span class='ocrx_word' id='word_1_108' title='bbox 1331 1821 1667 1917; x_wconf 88' lang='lat' dir='ltr'><strong>Capitoni</strong></span> <span class='ocrx_word' id='word_1_109' title='bbox 1683 1821 2000 1916; x_wconf 89' lang='lat' dir='ltr'><strong>primum</strong></span> <span class='ocrx_word' id='word_1_110' title='bbox 2024 1815 2431 1888; x_wconf 78' lang='lat' dir='ltr'><strong>nuntiavit?</strong></span> <span class='ocrx_word' id='word_1_111' title='bbox 2452 1838 2689 1913; x_wconf 91' lang='lat' dir='ltr'><strong>quum</strong></span> 
     </span>
     <span class='ocr_line' id='line_1_15' title="bbox 547 1925 2690 2024; baseline -0.003 -24"><span class='ocrx_word' id='word_1_112' title='bbox 547 1929 852 2000; x_wconf 81' lang='lat' dir='ltr'><strong>Ameriae</strong></span> <span class='ocrx_word' id='word_1_113' title='bbox 895 1931 1051 2000; x_wconf 86' lang='lat' dir='ltr'><strong>Sex.</strong></span> <span class='ocrx_word' id='word_1_114' title='bbox 1111 1930 1354 2000; x_wconf 88' lang='lat' dir='ltr'><strong>Roscii</strong></span> <span class='ocrx_word' id='word_1_115' title='bbox 1400 1928 1699 2018; x_wconf 80' lang='lat' dir='ltr'><strong>domuS,</strong></span> <span class='ocrx_word' id='word_1_116' title='bbox 1739 1952 1949 2014; x_wconf 85' lang='lat' dir='ltr'><strong>uxor,</strong></span> <span class='ocrx_word' id='word_1_117' title='bbox 1999 1925 2356 2024; x_wconf 88' lang='lat' dir='ltr'><strong>liberique</strong></span> <span class='ocrx_word' id='word_1_118' title='bbox 2410 1936 2690 2013; x_wconf 85' lang='lat' dir='ltr'><strong>essent,</strong></span> 
     </span>
     <span class='ocr_line' id='line_1_16' title="bbox 551 2029 2695 2136; baseline -0.001 -29"><span class='ocrx_word' id='word_1_119' title='bbox 551 2060 782 2134; x_wconf 90' lang='lat' dir='ltr'><strong>quum</strong></span> <span class='ocrx_word' id='word_1_120' title='bbox 806 2051 916 2108; x_wconf 92' lang='lat' dir='ltr'><strong>tot</strong></span> <span class='ocrx_word' id='word_1_121' title='bbox 937 2039 1333 2136; x_wconf 88' lang='lat' dir='ltr'><strong>propinqui</strong></span> <span class='ocrx_word' id='word_1_122' title='bbox 1349 2040 1783 2135; x_wconf 86' lang='lat' dir='ltr'><strong>cognatique</strong></span> <span class='ocrx_word' id='word_1_123' title='bbox 1802 2039 2077 2136; x_wconf 86' lang='lat' dir='ltr'><strong>optime</strong></span> <span class='ocrx_word' id='word_1_124' title='bbox 2099 2036 2620 2107; x_wconf 82' lang='lat' dir='ltr'><strong>convenientes</strong></span> <span class='ocrx_word' id='word_1_125' title='bbox 2634 2029 2695 2120; x_wconf 77' lang='lat'><strong>⁵,</strong></span> 
     </span>
     <span class='ocr_line' id='line_1_17' title="bbox 553 2145 2689 2242; baseline -0 -27"><span class='ocrx_word' id='word_1_126' title='bbox 553 2168 704 2242; x_wconf 90' lang='lat' dir='ltr'><strong>qua</strong></span> <span class='ocrx_word' id='word_1_127' title='bbox 729 2149 1007 2218; x_wconf 88' lang='lat' dir='ltr'><strong>ratione</strong></span> <span class='ocrx_word' id='word_1_128' title='bbox 1033 2145 1302 2218; x_wconf 70' lang='lat' dir='ltr'><strong>factum</strong></span> <span class='ocrx_word' id='word_1_129' title='bbox 1327 2160 1470 2236; x_wconf 90' lang='lat' dir='ltr'><strong>est,</strong></span> <span class='ocrx_word' id='word_1_130' title='bbox 1502 2163 1588 2218; x_wconf 89' lang='lat' dir='ltr'><strong>ut</strong></span> <span class='ocrx_word' id='word_1_131' title='bbox 1616 2151 1749 2218; x_wconf 87' lang='lat' dir='ltr'><strong>iste</strong></span> <span class='ocrx_word' id='word_1_132' title='bbox 1777 2162 1947 2218; x_wconf 91' lang='lat' dir='ltr'><strong>tuus</strong></span> <span class='ocrx_word' id='word_1_133' title='bbox 1974 2147 2198 2218; x_wconf 89' lang='lat' dir='ltr'><strong>cliens</strong></span> <span class='ocrx_word' id='word_1_134' title='bbox 2214 2199 2235 2232; x_wconf 93' lang='lat'><strong>,</strong></span> <span class='ocrx_word' id='word_1_135' title='bbox 2265 2145 2553 2218; x_wconf 88' lang='lat' dir='ltr'><strong>sceleris</strong></span> <span class='ocrx_word' id='word_1_136' title='bbox 2582 2146 2689 2216; x_wconf 89' lang='lat' dir='ltr'><strong>tui</strong></span> 
     </span>
     <span class='ocr_line' id='line_1_18' title="bbox 553 2252 2583 2355; baseline -0.001 -30"><span class='ocrx_word' id='word_1_137' title='bbox 553 2257 858 2326; x_wconf 88' lang='lat' dir='ltr'><strong>nuntius</strong></span> <span class='ocrx_word' id='word_1_138' title='bbox 875 2309 896 2344; x_wconf 94' lang='lat'><strong>,</strong></span> <span class='ocrx_word' id='word_1_139' title='bbox 924 2261 1002 2329; x_wconf 91' lang='lat' dir='ltr'><strong>T.</strong></span> <span class='ocrx_word' id='word_1_140' title='bbox 1027 2259 1290 2328; x_wconf 87' lang='lat' dir='ltr'><strong>Roscio</strong></span> <span class='ocrx_word' id='word_1_141' title='bbox 1317 2259 1654 2354; x_wconf 89' lang='lat' dir='ltr'><strong>Capitoni</strong></span> <span class='ocrx_word' id='word_1_142' title='bbox 1678 2259 2136 2355; x_wconf 87' lang='lat' dir='ltr'><strong>potissimum</strong></span> <span class='ocrx_word' id='word_1_143' title='bbox 2164 2252 2583 2326; x_wconf 83' lang='lat' dir='ltr'><strong>nuntiaret?</strong></span> 
     </span>
    </p>

    <p class='ocr_par' dir='ltr' id='par_1_3' title="bbox 551 2363 2699 3564">
     <span class='ocr_line' id='line_1_19' title="bbox 653 2363 2693 2461; baseline 0 -26"><span class='ocrx_word' id='word_1_144' title='bbox 653 2367 956 2436; x_wconf 88' lang='lat' dir='ltr'><strong>Occisus</strong></span> <span class='ocrx_word' id='word_1_145' title='bbox 981 2379 1092 2438; x_wconf 91' lang='lat' dir='ltr'><strong>est</strong></span> <span class='ocrx_word' id='word_1_146' title='bbox 1111 2391 1155 2439; x_wconf 91' lang='lat' dir='ltr'><strong>a</strong></span> <span class='ocrx_word' id='word_1_147' title='bbox 1176 2389 1386 2438; x_wconf 88' lang='lat' dir='ltr'><strong>coena</strong></span> <span class='ocrx_word' id='word_1_148' title='bbox 1406 2365 1693 2438; x_wconf 88' lang='lat' dir='ltr'><strong>rediens</strong></span> <span class='ocrx_word' id='word_1_149' title='bbox 1714 2363 2093 2437; x_wconf 73' lang='lat' dir='ltr'><strong>:nondum</strong></span> <span class='ocrx_word' id='word_1_150' title='bbox 2114 2364 2429 2453; x_wconf 89' lang='lat' dir='ltr'><strong>lucebat,</strong></span> <span class='ocrx_word' id='word_1_151' title='bbox 2456 2387 2693 2461; x_wconf 87' lang='lat' dir='ltr'><strong>quum</strong></span> 
     </span>
     <span class='ocr_line' id='line_1_20' title="bbox 551 2471 2693 2571; baseline 0 -27"><span class='ocrx_word' id='word_1_152' title='bbox 551 2474 854 2544; x_wconf 84' lang='lat' dir='ltr'><strong>Ameriae</strong></span> <span class='ocrx_word' id='word_1_153' title='bbox 886 2476 1144 2547; x_wconf 89' lang='lat' dir='ltr'><strong>scitum</strong></span> <span class='ocrx_word' id='word_1_154' title='bbox 1178 2490 1306 2546; x_wconf 90' lang='lat' dir='ltr'><strong>est.</strong></span> <span class='ocrx_word' id='word_1_155' title='bbox 1335 2473 1535 2568; x_wconf 89' lang='lat' dir='ltr'><strong>Quid</strong></span> <span class='ocrx_word' id='word_1_156' title='bbox 1560 2474 1683 2546; x_wconf 90' lang='lat' dir='ltr'><strong>hic</strong></span> <span class='ocrx_word' id='word_1_157' title='bbox 1718 2473 2157 2548; x_wconf 86' lang='lat' dir='ltr'><strong>incredibilis</strong></span> <span class='ocrx_word' id='word_1_158' title='bbox 2190 2475 2485 2547; x_wconf 83' lang='lat' dir='ltr'><strong>cursus?</strong></span> <span class='ocrx_word' id='word_1_159' title='bbox 2508 2471 2693 2571; x_wconf 85' lang='lat' dir='ltr'><strong>quid</strong></span> 
     </span>
     <span class='ocr_line' id='line_1_21' title="bbox 554 2577 2695 2683; baseline 0.001 -31"><span class='ocrx_word' id='word_1_160' title='bbox 554 2581 708 2654; x_wconf 85' lang='lat' dir='ltr'><strong>haec</strong></span> <span class='ocrx_word' id='word_1_161' title='bbox 721 2597 918 2656; x_wconf 87' lang='lat' dir='ltr'><strong>tanta</strong></span> <span class='ocrx_word' id='word_1_162' title='bbox 935 2586 1282 2675; x_wconf 83' lang='lat' dir='ltr'><strong>celeritas,</strong></span> <span class='ocrx_word' id='word_1_163' title='bbox 1294 2584 1805 2683; x_wconf 85' lang='lat' dir='ltr'><strong>festinatioque</strong></span> <span class='ocrx_word' id='word_1_164' title='bbox 1820 2577 2403 2683; x_wconf 56' lang='lat' dir='ltr'><strong>significat&#39;ffNon</strong></span> <span class='ocrx_word' id='word_1_165' title='bbox 2418 2608 2695 2682; x_wconf 66' lang='lat' dir='ltr'><strong>quaero,</strong></span> 
     </span>
     <span class='ocr_line' id='line_1_22' title="bbox 555 2695 2692 2793; baseline 0 -29"><span class='ocrx_word' id='word_1_166' title='bbox 555 2696 722 2790; x_wconf 88' lang='lat' dir='ltr'><strong>quis</strong></span> <span class='ocrx_word' id='word_1_167' title='bbox 743 2700 1178 2793; x_wconf 88' lang='lat' dir='ltr'><strong>percusserit</strong></span> <span class='ocrx_word' id='word_1_168' title='bbox 1201 2723 1218 2764; x_wconf 74' lang='grc' dir='ltr'>ε</span> <span class='ocrx_word' id='word_1_169' title='bbox 1253 2695 1438 2767; x_wconf 90' lang='lat' dir='ltr'><strong>nihil</strong></span> <span class='ocrx_word' id='word_1_170' title='bbox 1461 2711 1602 2785; x_wconf 92' lang='lat' dir='ltr'><strong>est,</strong></span> <span class='ocrx_word' id='word_1_171' title='bbox 1624 2697 1945 2784; x_wconf 87' lang='lat' dir='ltr'><strong>Glaucia,</strong></span> <span class='ocrx_word' id='word_1_172' title='bbox 1971 2695 2175 2793; x_wconf 90' lang='lat' dir='ltr'><strong>quod</strong></span> <span class='ocrx_word' id='word_1_173' title='bbox 2198 2709 2513 2769; x_wconf 86' lang='lat' dir='ltr'><strong>metuas:</strong></span> <span class='ocrx_word' id='word_1_174' title='bbox 2537 2717 2692 2765; x_wconf 90' lang='lat' dir='ltr'><strong>non</strong></span> 
     </span>
     <span class='ocr_line' id='line_1_23' title="bbox 559 2803 2696 2905; baseline 0 -32"><span class='ocrx_word' id='word_1_175' title='bbox 559 2803 892 2882; x_wconf 82' lang='lat' dir='ltr'><strong>excutio⁶</strong></span> <span class='ocrx_word' id='word_1_176' title='bbox 925 2820 1022 2894; x_wconf 90' lang='lat' dir='ltr'><strong>te,</strong></span> <span class='ocrx_word' id='word_1_177' title='bbox 1053 2809 1109 2876; x_wconf 90' lang='lat' dir='ltr'><strong>si</strong></span> <span class='ocrx_word' id='word_1_178' title='bbox 1141 2805 1324 2905; x_wconf 92' lang='lat' dir='ltr'><strong>quid</strong></span> <span class='ocrx_word' id='word_1_179' title='bbox 1349 2804 1535 2878; x_wconf 84' lang='lat' dir='ltr'><strong>forte</strong></span> <span class='ocrx_word' id='word_1_180' title='bbox 1573 2803 1747 2878; x_wconf 86' lang='lat' dir='ltr'><strong>ferri</strong></span> <span class='ocrx_word' id='word_1_181' title='bbox 1780 2803 2139 2894; x_wconf 82' lang='lat' dir='ltr'><strong>habuisti3</strong></span> <span class='ocrx_word' id='word_1_182' title='bbox 2181 2818 2335 2876; x_wconf 85' lang='lat' dir='ltr'><strong>non</strong></span> <span class='ocrx_word' id='word_1_183' title='bbox 2366 2819 2696 2890; x_wconf 82' lang='lat' dir='ltr'><strong>scrutor3</strong></span> 
     </span>
     <span class='ocr_line' id='line_1_24' title="bbox 561 2910 2698 3016; baseline 0.001 -36"><span class='ocrx_word' id='word_1_184' title='bbox 561 2910 752 2984; x_wconf 80' lang='lat' dir='ltr'><strong>nihil·</strong></span> <span class='ocrx_word' id='word_1_185' title='bbox 767 2913 859 2985; x_wconf 89' lang='lat' dir='ltr'><strong>ad</strong></span> <span class='ocrx_word' id='word_1_186' title='bbox 880 2939 994 2986; x_wconf 89' lang='lat' dir='ltr'><strong>me</strong></span> <span class='ocrx_word' id='word_1_187' title='bbox 1006 2914 1319 2987; x_wconf 87' lang='lat' dir='ltr'><strong>arbitror</strong></span> <span class='ocrx_word' id='word_1_188' title='bbox 1332 2919 1699 3016; x_wconf 89' lang='lat' dir='ltr'><strong>pertinere</strong></span> <span class='ocrx_word' id='word_1_189' title='bbox 1722 2941 1739 2986; x_wconf 72' lang='grc' dir='ltr'><em>τ</em></span> <span class='ocrx_word' id='word_1_190' title='bbox 1768 2917 2143 3012; x_wconf 88' lang='lat' dir='ltr'><strong>quoniam,</strong></span> <span class='ocrx_word' id='word_1_191' title='bbox 2164 2914 2281 3011; x_wconf 86' lang='lat' dir='ltr'><strong>cuj</strong></span> <span class='ocrx_word' id='word_1_192' title='bbox 2288 2937 2376 2985; x_wconf 91' lang='lat' dir='ltr'><strong>us</strong></span> <span class='ocrx_word' id='word_1_193' title='bbox 2390 2912 2698 2984; x_wconf 86' lang='lat' dir='ltr'><strong>consilio</strong></span> 
     </span>
     <span class='ocr_line' id='line_1_25' title="bbox 561 3024 2695 3124; baseline 0 -32"><span class='ocrx_word' id='word_1_194' title='bbox 561 3024 843 3094; x_wconf 89' lang='lat' dir='ltr'><strong>occisus</strong></span> <span class='ocrx_word' id='word_1_195' title='bbox 879 3027 971 3096; x_wconf 88' lang='lat' dir='ltr'><strong>sit</strong></span> <span class='ocrx_word' id='word_1_196' title='bbox 997 3080 1016 3115; x_wconf 92' lang='lat'><strong>,</strong></span> <span class='ocrx_word' id='word_1_197' title='bbox 1059 3028 1392 3116; x_wconf 83' lang='lat' dir='ltr'><strong>inveni0,</strong></span> <span class='ocrx_word' id='word_1_198' title='bbox 1441 3028 1650 3124; x_wconf 88' lang='lat' dir='ltr'><strong>cujus</strong></span> <span class='ocrx_word' id='word_1_199' title='bbox 1674 3049 1900 3098; x_wconf 90' lang='lat' dir='ltr'><strong>manu</strong></span> <span class='ocrx_word' id='word_1_200' title='bbox 1934 3029 2028 3098; x_wconf 88' lang='lat' dir='ltr'><strong>sit</strong></span> <span class='ocrx_word' id='word_1_201' title='bbox 2052 3049 2439 3124; x_wconf 89' lang='lat' dir='ltr'><strong>percussus</strong></span> <span class='ocrx_word' id='word_1_202' title='bbox 2464 3079 2485 3113; x_wconf 93' lang='lat'><strong>,</strong></span> <span class='ocrx_word' id='word_1_203' title='bbox 2540 3047 2695 3094; x_wconf 91' lang='lat' dir='ltr'><strong>non</strong></span> 
     </span>
     <span class='ocr_line' id='line_1_26' title="bbox 557 3131 2697 3236; baseline -0 -30"><span class='ocrx_word' id='word_1_204' title='bbox 557 3131 834 3207; x_wconf 90' lang='lat' dir='ltr'><strong>labor0.</strong></span> <span class='ocrx_word' id='word_1_205' title='bbox 871 3139 1118 3208; x_wconf 90' lang='lat' dir='ltr'><strong>Unum</strong></span> <span class='ocrx_word' id='word_1_206' title='bbox 1155 3137 1299 3208; x_wconf 91' lang='lat' dir='ltr'><strong>hoc</strong></span> <span class='ocrx_word' id='word_1_207' title='bbox 1338 3163 1553 3212; x_wconf 89' lang='lat' dir='ltr'><strong>sumo</strong></span> <span class='ocrx_word' id='word_1_208' title='bbox 1575 3192 1595 3227; x_wconf 93' lang='lat'><strong>,</strong></span> <span class='ocrx_word' id='word_1_209' title='bbox 1640 3134 1842 3234; x_wconf 90' lang='lat' dir='ltr'><strong>quod</strong></span> <span class='ocrx_word' id='word_1_210' title='bbox 1884 3137 2064 3207; x_wconf 85' lang='lat' dir='ltr'><strong>mihi</strong></span> <span class='ocrx_word' id='word_1_211' title='bbox 2104 3151 2440 3236; x_wconf 88' lang='lat' dir='ltr'><strong>apertum</strong></span> <span class='ocrx_word' id='word_1_212' title='bbox 2480 3149 2697 3206; x_wconf 90' lang='lat' dir='ltr'><strong>tuum</strong></span> 
     </span>
     <span class='ocr_line' id='line_1_27' title="bbox 559 3245 2699 3344; baseline 0 -29"><span class='ocrx_word' id='word_1_213' title='bbox 559 3245 830 3334; x_wconf 89' lang='lat' dir='ltr'><strong>scelus,</strong></span> <span class='ocrx_word' id='word_1_214' title='bbox 877 3271 1138 3344; x_wconf 90' lang='lat' dir='ltr'><strong>resque</strong></span> <span class='ocrx_word' id='word_1_215' title='bbox 1178 3247 1555 3321; x_wconf 85' lang='lat' dir='ltr'><strong>manifesta</strong></span> <span class='ocrx_word' id='word_1_216' title='bbox 1588 3247 1732 3320; x_wconf 88' lang='lat' dir='ltr'><strong>dat.</strong></span> <span class='ocrx_word' id='word_1_217' title='bbox 1770 3247 1964 3337; x_wconf 88' lang='lat' dir='ltr'><strong>Ubi,</strong></span> <span class='ocrx_word' id='word_1_218' title='bbox 2012 3261 2140 3318; x_wconf 88' lang='lat' dir='ltr'><strong>aut</strong></span> <span class='ocrx_word' id='word_1_219' title='bbox 2182 3247 2381 3320; x_wconf 93' lang='lat' dir='ltr'><strong>unde</strong></span> <span class='ocrx_word' id='word_1_220' title='bbox 2419 3246 2699 3318; x_wconf 84' lang='lat' dir='ltr'><strong>audivit</strong></span> 
     </span>
     <span class='ocr_line' id='line_1_28' title="bbox 560 3356 2697 3455; baseline -0 -27"><span class='ocrx_word' id='word_1_221' title='bbox 560 3357 897 3432; x_wconf 82' lang='lat' dir='ltr'><strong>Glaucia?</strong></span> <span class='ocrx_word' id='word_1_222' title='bbox 918 3359 1088 3455; x_wconf 89' lang='lat' dir='ltr'><strong>qui⁷</strong></span> <span class='ocrx_word' id='word_1_223' title='bbox 1125 3372 1269 3429; x_wconf 89' lang='lat' dir='ltr'><strong>tam</strong></span> <span class='ocrx_word' id='word_1_224' title='bbox 1299 3361 1446 3430; x_wconf 91' lang='lat' dir='ltr'><strong>cito</strong></span> <span class='ocrx_word' id='word_1_225' title='bbox 1467 3361 1713 3432; x_wconf 82' lang='lat' dir='ltr'><strong>scivit?</strong></span> <span class='ocrx_word' id='word_1_226' title='bbox 1744 3365 1880 3431; x_wconf 88' lang='lat' dir='ltr'><strong>Fac</strong></span> <span class='ocrx_word' id='word_1_227' title='bbox 1904 3356 2189 3430; x_wconf 90' lang='lat' dir='ltr'><strong>audisse</strong></span> <span class='ocrx_word' id='word_1_228' title='bbox 2220 3361 2486 3429; x_wconf 90' lang='lat' dir='ltr'><strong>statim.</strong></span> <span class='ocrx_word' id='word_1_229' title='bbox 2515 3360 2697 3449; x_wconf 81' lang='lat' dir='ltr'><strong>Quae</strong></span> 
     </span>
     <span class='ocr_line' id='line_1_29' title="bbox 559 3465 2699 3564; baseline -0.001 -26"><span class='ocrx_word' id='word_1_230' title='bbox 559 3491 672 3540; x_wconf 90' lang='lat' dir='ltr'><strong>res</strong></span> <span class='ocrx_word' id='word_1_231' title='bbox 703 3493 874 3541; x_wconf 91' lang='lat' dir='ltr'><strong>eum</strong></span> <span class='ocrx_word' id='word_1_232' title='bbox 897 3483 1114 3540; x_wconf 90' lang='lat' dir='ltr'><strong>nocte</strong></span> <span class='ocrx_word' id='word_1_233' title='bbox 1146 3493 1295 3540; x_wconf 88' lang='lat' dir='ltr'><strong>una</strong></span> <span class='ocrx_word' id='word_1_234' title='bbox 1319 3483 1603 3542; x_wconf 85' lang='lat' dir='ltr'><strong>tantum</strong></span> <span class='ocrx_word' id='word_1_235' title='bbox 1631 3471 1909 3541; x_wconf 86' lang='lat' dir='ltr'><strong>itineris</strong></span> <span class='ocrx_word' id='word_1_236' title='bbox 1940 3466 2383 3540; x_wconf 87' lang='lat' dir='ltr'><strong>contendere</strong></span> <span class='ocrx_word' id='word_1_237' title='bbox 2412 3465 2699 3564; x_wconf 83' lang='lat' dir='ltr'><strong>coegit?</strong></span> 
     </span>
    </p>
   </div>
   <div class='ocr_carea' id='block_1_3' title="bbox 545 3715 2705 4186">
    <p class='ocr_par' dir='ltr' id='par_1_4' title="bbox 545 3715 2705 4186">
     <span class='ocr_line' id='line_1_30' title="bbox 627 3715 2703 3786; baseline 0.001 -24"><span class='ocrx_word' id='word_1_238' title='bbox 627 3723 678 3772; x_wconf 68' lang='grc'><strong>4.</strong></span> <span class='ocrx_word' id='word_1_239' title='bbox 717 3715 852 3780; x_wconf 75' lang='lat' dir='ltr'><strong>Quid</strong></span> <span class='ocrx_word' id='word_1_240' title='bbox 877 3717 1098 3770; x_wconf 76' lang='grc' dir='ltr'><strong><em>αεεὺιιιίε.</em></strong></span> <span class='ocrx_word' id='word_1_241' title='bbox 1133 3718 1269 3783; x_wconf 82' lang='lat' dir='ltr'><strong>Quid</strong></span> <span class='ocrx_word' id='word_1_242' title='bbox 1313 3735 1442 3786; x_wconf 72' lang='lat' dir='ltr'><strong>opu·</strong></span> <span class='ocrx_word' id='word_1_243' title='bbox 1481 3719 1579 3769; x_wconf 76' lang='lat' dir='ltr'><strong>fnit</strong></span> <span class='ocrx_word' id='word_1_244' title='bbox 1734 3719 1791 3768; x_wconf 78' lang='lat'><strong>6.</strong></span> <span class='ocrx_word' id='word_1_245' title='bbox 1820 3717 2053 3768; x_wconf 66' lang='grc' dir='ltr'><strong>Εεσιιείο.</strong></span> <span class='ocrx_word' id='word_1_246' title='bbox 2072 3718 2193 3768; x_wconf 80' lang='lat' dir='ltr'><strong>Non</strong></span> <span class='ocrx_word' id='word_1_247' title='bbox 2209 3716 2265 3766; x_wconf 79' lang='lat' dir='ltr'><strong>in</strong></span> <span class='ocrx_word' id='word_1_248' title='bbox 2282 3715 2505 3765; x_wconf 69' lang='lat' dir='ltr'><strong>vestibus</strong></span> <span class='ocrx_word' id='word_1_249' title='bbox 2528 3730 2703 3780; x_wconf 65' lang='lat' dir='ltr'><strong>qna-o</strong></span> 
     </span>
     <span class='ocr_line' id='line_1_31' title="bbox 554 3793 2145 3864; baseline 0.002 -20"><span class='ocrx_word' id='word_1_250' title='bbox 554 3793 647 3844; x_wconf 77' lang='lat' dir='ltr'><strong>tibi</strong></span> <span class='ocrx_word' id='word_1_251' title='bbox 670 3796 886 3844; x_wconf 70' lang='lat' dir='ltr'><strong>nuntiari</strong></span> <span class='ocrx_word' id='word_1_252' title='bbox 909 3797 1048 3860; x_wconf 82' lang='lat' dir='ltr'><strong>quod</strong></span> <span class='ocrx_word' id='word_1_253' title='bbox 1073 3799 1272 3847; x_wconf 84' lang='lat' dir='ltr'><strong>minime</strong></span> <span class='ocrx_word' id='word_1_254' title='bbox 1306 3809 1355 3848; x_wconf 86' lang='lat' dir='ltr'><strong>te</strong></span> <span class='ocrx_word' id='word_1_255' title='bbox 1389 3809 1579 3864; x_wconf 71' lang='lat' dir='ltr'><strong>speeta-</strong></span> <span class='ocrx_word' id='word_1_256' title='bbox 1665 3795 2057 3864; x_wconf 71' lang='lat' dir='ltr'><strong>(gall.fhuiller).</strong></span> <span class='ocrx_word' id='word_1_257' title='bbox 2140 3797 2145 3805; x_wconf 90' lang='lat'>&#39;</span> 
     </span>
     <span class='ocr_line' id='line_1_32' title="bbox 559 3873 2705 3940; baseline 0 -19"><span class='ocrx_word' id='word_1_258' title='bbox 559 3873 666 3932; x_wconf 77' lang='lat' dir='ltr'><strong>bat,</strong></span> <span class='ocrx_word' id='word_1_259' title='bbox 705 3873 815 3923; x_wconf 66' lang='lat' dir='ltr'><strong>teil.</strong></span> <span class='ocrx_word' id='word_1_260' title='bbox 837 3876 1050 3924; x_wconf 71' lang='lat' dir='ltr'><strong>occisum</strong></span> <span class='ocrx_word' id='word_1_261' title='bbox 1074 3895 1176 3926; x_wconf 69' lang='lat' dir='ltr'><strong>eae</strong></span> <span class='ocrx_word' id='word_1_262' title='bbox 1197 3879 1460 3938; x_wconf 75' lang='lat' dir='ltr'><strong>Raecium,</strong></span> <span class='ocrx_word' id='word_1_263' title='bbox 1481 3878 1577 3926; x_wconf 76' lang='lat' dir='ltr'><strong>nisi</strong></span> <span class='ocrx_word' id='word_1_264' title='bbox 1740 3893 1787 3938; x_wconf 78' lang='lat'><strong>7.</strong></span> <span class='ocrx_word' id='word_1_265' title='bbox 1830 3875 1941 3940; x_wconf 75' lang='lat' dir='ltr'><strong>Qui,</strong></span> <span class='ocrx_word' id='word_1_266' title='bbox 1978 3875 2263 3940; x_wconf 84' lang='lat' dir='ltr'><strong>Quomodo.</strong></span> <span class='ocrx_word' id='word_1_267' title='bbox 2306 3875 2439 3924; x_wconf 75' lang='lat' dir='ltr'><strong>Ante</strong></span> <span class='ocrx_word' id='word_1_268' title='bbox 2482 3874 2705 3922; x_wconf 71' lang='lat' dir='ltr'><strong>Glaucia</strong></span> 
     </span>
     <span class='ocr_line' id='line_1_33' title="bbox 551 3953 2705 4019; baseline 0.001 -17"><span class='ocrx_word' id='word_1_269' title='bbox 551 3955 660 4017; x_wconf 72' lang='lat' dir='ltr'><strong>jem</strong></span> <span class='ocrx_word' id='word_1_270' title='bbox 681 3953 942 4002; x_wconf 74' lang='lat' dir='ltr'><strong>eonsilium</strong></span> <span class='ocrx_word' id='word_1_271' title='bbox 963 3956 1175 4015; x_wconf 71' lang='lat' dir='ltr'><strong>iniisset,</strong></span> <span class='ocrx_word' id='word_1_272' title='bbox 1197 3968 1293 4007; x_wconf 85' lang='lat' dir='ltr'><strong>ete.</strong></span> <span class='ocrx_word' id='word_1_273' title='bbox 1664 3955 2093 4019; x_wconf 69' lang='lat' dir='ltr'><strong>interrogationem</strong></span> <span class='ocrx_word' id='word_1_274' title='bbox 2120 3954 2251 4003; x_wconf 82' lang='lat' dir='ltr'><strong>delet</strong></span> <span class='ocrx_word' id='word_1_275' title='bbox 2274 3955 2517 4019; x_wconf 63' lang='grc' dir='ltr'><strong>Ποππαίας.</strong></span> <span class='ocrx_word' id='word_1_276' title='bbox 2540 3954 2609 4001; x_wconf 76' lang='lat' dir='ltr'><strong>ite</strong></span> <span class='ocrx_word' id='word_1_277' title='bbox 2648 3965 2705 4004; x_wconf 78' lang='lat' dir='ltr'><strong>nt</strong></span> 
     </span>
     <span class='ocr_line' id='line_1_34' title="bbox 622 4031 2705 4098; baseline -0 -15"><span class='ocrx_word' id='word_1_278' title='bbox 622 4035 676 4084; x_wconf 85' lang='lat'><strong>5.</strong></span> <span class='ocrx_word' id='word_1_279' title='bbox 695 4032 1050 4086; x_wconf 69' lang='lat' dir='ltr'><strong>Convenimus.</strong></span> <span class='ocrx_word' id='word_1_280' title='bbox 1071 4040 1204 4086; x_wconf 70' lang='lat' dir='ltr'><strong>Inter</strong></span> <span class='ocrx_word' id='word_1_281' title='bbox 1219 4053 1272 4086; x_wconf 77' lang='lat' dir='ltr'><strong>ee</strong></span> <span class='ocrx_word' id='word_1_282' title='bbox 1287 4037 1575 4096; x_wconf 68' lang='lat' dir='ltr'><strong>concordes,</strong></span> <span class='ocrx_word' id='word_1_283' title='bbox 1662 4035 1727 4084; x_wconf 73' lang='lat' dir='ltr'><strong>eit</strong></span> <span class='ocrx_word' id='word_1_284' title='bbox 1749 4047 1765 4083; x_wconf 88' lang='lat'><strong>:</strong></span> <span class='ocrx_word' id='word_1_285' title='bbox 1800 4033 1949 4084; x_wconf 83' lang='lat' dir='ltr'><strong>Unde</strong></span> <span class='ocrx_word' id='word_1_286' title='bbox 1970 4033 2163 4083; x_wconf 73' lang='lat' dir='ltr'><strong>audivit</strong></span> <span class='ocrx_word' id='word_1_287' title='bbox 2190 4033 2393 4083; x_wconf 70' lang='lat' dir='ltr'><strong>Glaucia</strong></span> <span class='ocrx_word' id='word_1_288' title='bbox 2410 4069 2425 4096; x_wconf 91' lang='lat'><strong>,</strong></span> <span class='ocrx_word' id='word_1_289' title='bbox 2461 4032 2553 4098; x_wconf 83' lang='lat' dir='ltr'><strong>qui</strong></span> <span class='ocrx_word' id='word_1_290' title='bbox 2576 4031 2705 4082; x_wconf 76' lang='lat' dir='ltr'><strong>illud</strong></span> 
     </span>
     <span class='ocr_line' id='line_1_35' title="bbox 545 4113 2099 4186; baseline -0.001 -22"><span class='ocrx_word' id='word_1_291' title='bbox 545 4127 598 4164; x_wconf 84' lang='lat' dir='ltr'><strong>et</strong></span> <span class='ocrx_word' id='word_1_292' title='bbox 623 4113 894 4164; x_wconf 72' lang='lat' dir='ltr'><strong>unanimes.</strong></span> <span class='ocrx_word' id='word_1_293' title='bbox 1664 4125 1763 4163; x_wconf 76' lang='lat' dir='ltr'><strong>tem</strong></span> <span class='ocrx_word' id='word_1_294' title='bbox 1792 4115 1893 4186; x_wconf 73' lang='lat' dir='ltr'><strong>eito</strong></span> <span class='ocrx_word' id='word_1_295' title='bbox 1919 4114 2099 4163; x_wconf 68' lang='lat' dir='ltr'><strong>scivit?</strong></span> 
     </span>
    </p>
   </div>
  </div>
 </body>
</html>
