2984 4684
472 374 497 419 1
524 350 607 433 14
1104 340 1203 409 M.
1253 339 1332 407 T.
1385 334 1955 407 CICERONIS

460 468 771 541 riculum
802 460 1195 534 aditurum.
1223 457 1437 530 Illum
1462 478 1760 543 acuere;
1789 453 1962 542 hos»,
1987 456 2118 551 qui
2149 454 2365 525 simul
2399 462 2608 527 erant

460 581 701 665 missi,
744 574 987 647 fallere
1030 596 1047 639 ε
1094 570 1301 640 illum
1344 563 1746 638 identidem
1785 588 2120 652 monere,
2149 578 2236 635 ut
2277 581 2608 653 caveret3

462 690 661 761 hisce
690 684 1033 757 insidiose
1054 704 1259 779 spem
1282 677 1534 750 falsam
1555 674 1976 749 ostendere:
2005 700 2178 747 cum
2197 675 2324 747 illo
2351 692 2610 747 contra

462 800 651 871 hos
631 802 816 870 inire
849 792 1182 880 consilia3
1209 788 1481 862 horum
1507 788 1808 860 consilia
1837 788 1940 858 illi
1965 789 2397 859 enuntiare:
2433 811 2604 859 cum

454 913 581 982 illo
617 923 897 1009 partem
922 928 1127 976 suam
1144 902 1542 1003 depacisci,
1571 898 2058 997 hisce,aliqua
2091 896 2356 969 fretus⁴
2387 896 2604 982 hora,

458 1044 745 1119 sempei
760 1040 1017 1089 omnes
1036 1014 1279 1087 aditus
1298 1010 1393 1083 ad
1414 1010 1683 1083 Sullam
1704 1008 2210 1081 intercludere.
2226 1014 2604 1081 Postremo

460 1132 601 1201 isto
634 1127 1037 1213 hortatore,
1070 1137 1405 1209 auctore,
1432 1124 1940 1208 intercessore,
1961 1118 2054 1191 ad
2087 1119 2360 1191 Sullam
2387 1120 2604 1216 legati

456 1264 609 1309 non
636 1236 1015 1323 adierunt3
1048 1238 1253 1307 istius
1300 1228 1488 1319 fide,
1517 1254 1605 1301 ac
1643 1234 1890 1329 potius
1923 1228 2228 1329 perfidia
2273 1228 2602 1328 decepti,

455 1347 533 1419 id
560 1346 765 1445 quod
791 1372 879 1418 ex
904 1347 1081 1443 ipsis
1109 1364 1549 1439 cognoscere
1573 1344 1905 1437 poteritis
1924 1392 1946 1429 ‚
1976 1343 2036 1411 si
2071 1355 2448 1413 accusator
2475 1366 2604 1411 vo-

454 1454 717 1530 luerit⁵
754 1457 1257 1527 testimonium
1284 1454 1387 1523 eis
1415 1449 1872 1540 denuntiare,
1897 1476 2036 1551 pro
2061 1477 2140 1524 re
2173 1466 2369 1525 certa
2393 1476 2600 1551 spem

448 1566 707 1641 falsam
744 1565 1053 1638 domum
1088 1562 1520 1637 retulerunt.

549 1690 637 1756 ln
664 1682 967 1779 privatis
1002 1676 1223 1750 rebus
1252 1678 1313 1746 si
1344 1676 1473 1773 qui
1503 1698 1658 1745 rem
1690 1670 2152 1747 mandatam⁶
2185 1698 2338 1745 non
2371 1674 2598 1749 modo

456 1792 887 1865 malitiosius
920 1790 1251 1885 gessisset
1266 1839 1287 1873 ‚
1316 1786 1429 1855 sui
1454 1798 1774 1881 quaestus
1797 1800 1926 1857 aut
1951 1783 2322 1857 commodi
2347 1808 2598 1875 causa,

446 1926 705 1975 verum
731 1904 947 1972 etiam
974 1898 1461 1995 negligentius
1477 1948 1499 1983 ‚
1523 1918 1694 1965 eum
1723 1898 2034 1995 majores
2064 1920 2436 1967 summum
2461 1896 2598 1969 ad—

444 2118 667 2170 Consilio
694 2132 785 2165 sno
803 2116 1050 2181 instigare,
1070 2125 1122 2164 et
1144 2113 1209 2163 ad
1226 2114 1355 2163 hano
1372 2129 1475 2163 rem
1564 2130 1682 2175 ra»,
1715 2130 1894 2181 nempe
1933 2124 2212 2181 opportuna
2245 2114 2410 2179 aliqu·
2443 2132 2595 2165 000.-

444 2209 585 2249 caute
598 2209 649 2246 et
658 2197 891 2247 insidiose
901 2194 1201 2245 metandam
1210 2194 1476 2260 impellere.

518 2287 565 2336 4.
586 2277 773 2343 Aliqua
778 2276 943 2342 fietus
960 2274 1107 2324 hora.
1128 2278 1276 2323 Hune
1292 2273 1473 2331 locum,

330 2334 339 2340 ι
440 2372 501 2409 ut
547 2357 715 2407 mendi
764 2366 1068 2421 suspectum,
1116 2352 1255 2401 docti
1298 2353 1477 2401 trustra

443 2439 727 2488 sollicitant.
752 2434 931 2485 Schiitz
950 2432 1101 2501 fretis
1127 2433 1249 2497 legit
1263 2466 1281 2493 ,
1325 2443 1377 2481 et
1410 2432 1475 2481 ad

442 2519 629 2583 legatos
650 2515 822 2573 resert3
844 2516 1047 2563 Hotom.
1058 2522 1108 2561 et
1126 2511 1297 2561 Lamb.
1314 2526 1441 2559 aura
1452 2530 1475 2571 ‚-

444 2600 643 2647 Gruter.
666 2618 693 2638 α
708 2596 887 2643 fretum
914 2608 1001 2641 ora
1021 2607 1063 2649 ις
1088 2594 1284 2640 Manut.
1312 2590 1475 2641 efacta

438 2693 578 2725 mora
598 2692 646 2735 »ς
677 2677 842 2724 Graev.
878 2671 1080 2736 «aliqua
1114 2668 1229 2719 ficta
1271 2686 1472 2737 nura-3

440 2756 589 2805 Beck.
618 2776 647 2797 α
666 2754 819 2801 fretus
843 2766 982 2799 mora
1004 2771 1049 2797 n.
1092 2750 1282 2799 Ernest.
1310 2751 1472 2815 suspi-

436 2847 577 2883 catur
610 2848 783 2881 causa.
831 2828 929 2879 Sed
974 2828 1229 2878 retinenda
1271 2828 1471 2893 vulgata

436 2913 612 2973 lectio,
642 2925 789 2976 quam
820 2908 1045 2974 prebent
1070 2924 1240 2956 omnes
1268 2908 1395 2955 Mss
1419 2920 1472 2957 et

435 2991 551 3041 edd.
579 3008 633 3055 p.
662 2992 804 3037 Hom
829 2989 1038 3037 sumitur
1074 2989 1159 3037 hic
1198 3004 1291 3053 pro
1320 3004 1470 3053 nego-

438 3072 509 3119 tio
528 3105 543 3129 ,
580 3068 661 3118 eui
677 3069 801 3116 hora
819 3066 919 3115 diei
937 3078 1066 3115 certa
1092 3067 1156 3115 sit
1176 3066 1468 3117 vacandum.

440 3152 519 3198 Sic
546 3168 573 3198 a
602 3148 939 3213 Quintiliano,
974 3146 1071 3206 VI,
1111 3154 1171 3205 4,
1206 3146 1368 3195 dictus
1392 3158 1467 3197 est

437 3232 637 3279 Asinius
664 3228 823 3277 Pollio
848 3227 1105 3277 «omnium
1124 3226 1351 3275 horarum
1368 3226 1465 3277 ho·

434 3326 578 3371 mo»,
594 3307 734 3373 quod
752 3308 883 3355 idem
911 3323 1103 3372 semper
1127 3316 1269 3367 esset,
1298 3308 1463 3355 omui-

431 3388 621 3453 busque
647 3388 856 3450 negotiis
884 3398 990 3436 tum
1024 3387 1181 3447 aeriis,
1206 3399 1309 3436 tum
1334 3387 1465 3435 ludi·

432 3470 529 3515 cris
550 3466 965 3515 accommodatus.
994 3467 1174 3531 Capito
1200 3466 1353 3531 igitur
1372 3468 1461 3515 ali-

436 3564 531 3611 qua
554 3562 744 3611 semper
770 3546 919 3593 Sulla
952 3546 1279 3610 occupatione
1304 3544 1461 3594 confi-

434 3643 532 3685 sus,
542 3626 670 3675 hanc
688 3624 1005 3691 pra-texendo
1022 3624 1185 3673 socios
1202 3624 1462 3690 legationis

431 3708 675 3757 eludebat.
702 3708 903 3771 Semper
919 3706 1125 3770 aliquod
1143 3706 1291 3757 Sullae
1306 3708 1465 3774 impe-

432 3789 702 3837 dimentum
714 3786 1188 3847 comminiscebatur,
1194 3804 1295 3851 quo
1310 3790 1462 3839 fretun

425 3868 602 3933 legatis
627 3866 815 3915 aditum
845 3866 1119 3930 impediret.
1142 3866 1223 3914 Sic
1248 3868 1457 3918 Facciol.

428 3963 539 4012 quae
558 3945 703 3993 nobis
720 3945 869 4007 hujus
886 3946 982 3993 loci
1000 3946 1248 3995 verissima
1260 3946 1460 4004 videtur

425 4026 677 4075 sententia.
714 4023 853 4073 Nihil
888 4034 1041 4073 mutat
1078 4025 1221 4072 etiam
1256 4014 1452 4076 Lallem.

422 4108 509 4157 sed
530 4107 723 4158 diverso
750 4119 921 4155 sensu:
952 4104 1153 4171 «aliqua
1180 4106 1335 4156 fretus
1360 4106 1451 4157 ho-

1562 2193 1703 2243 sione
1723 2193 1937 2243 adeundi
1959 2194 2146 2243 Sullam
2163 2231 2179 2257 ,
2205 2210 2358 2262 quum
2378 2194 2562 2245 diceret
2577 2232 2594 2255 ‚

1561 2286 1614 2319 se
1635 2282 1964 2322 «tentaturum
1999 2274 2162 2323 aditus
2185 2282 2236 2321 et
2267 2272 2434 2323 mollia
2455 2275 2593 2325 fandi

1561 2354 1803 2416 Tempora
1817 2376 1860 2413 n,
1879 2364 1934 2403 ut
1949 2354 2016 2403 ait
2031 2354 2170 2417 Virg.
2186 2357 2298 2403 AEu.
2313 2356 2404 2403 lv.
2419 2356 2594 2403 Miuua

1561 2432 1786 2483 feliciter.
1813 2434 2051 2498 Intelligit
2080 2444 2244 2485 autem
2275 2429 2446 2483 Garat.
2465 2434 2592 2483 nihil

1561 2513 1722 2562 aditus
1743 2514 2120 2563 intercludendo
2137 2514 2430 2579 Capitonem
2455 2531 2590 2579 qun-

1561 2610 1693 2653 rere,
1722 2596 1818 2642 nisi
1842 2606 1898 2643 ut
1921 2595 2094 2643 horam
2131 2594 2342 2657 aliquam
2380 2594 2592 2644 auferret

1559 2685 1612 2722 et
1633 2674 1914 2725 lucraretur.
1953 2677 2126 2724 Fretus
2151 2675 2302 2739 igitur
2329 2674 2414 2723 illa
2435 2675 2556 2725 hora
2573 2710 2592 2736 ,

1559 2753 1702 2802 illave
1737 2770 1874 2803 mora
1919 2751 2056 2819 (nam
2089 2764 2352 2818 utrumque
2391 2755 2590 2822 recipit)

1557 2830 1744 2896 legatos
1777 2832 1840 2881 ab
1877 2832 2024 2881 Sunae
2057 2844 2326 2897 conspectu
2366 2834 2588 2895 arcebat,

1557 2910 1614 2958 id
1637 2912 1744 2961 fore
1763 2910 2046 2970 confidens,
2073 2910 2210 2977 quod
2236 2914 2430 2971 evenit,
2466 2924 2524 2961 ut
2548 2912 2589 2962 ii

1558 2990 1770 3057 denique
1815 2990 2082 3039 mendaciis
2129 2992 2235 3053 ejus
2285 2990 2588 3071 perfidiaque

1556 3068 1782 3136 decepti,
1807 3088 1836 3119 a
1861 3072 2057 3130 castris,
2082 3087 2136 3118 re
2153 3046 2350 3131 infecta,
2376 3070 2586 3121 abirent.

1629 3150 1678 3198 5.
1703 3150 1758 3197 Si
1781 3160 2045 3199 accusator
2075 3150 2305 3201 voluerit.
2333 3150 2462 3199 Nam
2495 3166 2584 3199 reo

1554 3228 1877 3280 denuntiandi
1907 3230 2174 3281 testimonii
2211 3240 2432 3295 potestas
2477 3246 2583 3279 non

1553 3309 1780 3361 dabatur.
1811 3312 1954 3372 Quos
1978 3310 2279 3376 produxerat
2306 3321 2450 3359 testes
2464 3347 2480 3373 ‚
2499 3326 2584 3359 ac-

1551 3402 1752 3439 cusator
1781 3400 1833 3438 et
1867 3400 2038 3453 postea
2076 3406 2189 3439 reus
2225 3389 2582 3455 interrogabat3

1549 3484 1800 3535 nunquam
1823 3486 1942 3519 vero
1957 3469 2132 3531 judex.

1620 3551 1672 3599 6.
1709 3551 1827 3597 Rem
1871 3550 2175 3599 mandatam.
2219 3546 2507 3598 Mandatum
2549 3564 2580 3598 a

1549 3630 1690 3678 sctis
1737 3626 1966 3677 definitur
2018 3638 2304 3678 contractus
2347 3642 2450 3692 quo
2493 3644 2580 3677 ne-

1551 3710 1740 3772 gotium
1758 3706 1962 3771 aliquod
1985 3707 2247 3756 honestum
2273 3708 2580 3773 procuratori

1551 3790 1699 3851 gratis
1753 3788 2042 3853 suscipienti
2087 3788 2429 3838 committitur.
2477 3786 2582 3850 Qui

1549 3870 1749 3919 mandat
1774 3868 2042 3916 mandator
2076 3866 2287 3928 dicitur,
2325 3878 2376 3916 et
2413 3866 2456 3915 is
2493 3866 2580 3915 cui

1549 3950 1821 4007 mandatur,
1853 3946 2228 4005 viandum-ius,
2255 3946 2298 3996 si
2323 3945 2578 4011 negotium

1547 4030 1614 4077 sit
1637 4028 1807 4089 civile,
1831 4037 1879 4074 et
1898 4028 2096 4090 proprie
2115 4035 2425 4087 procurator,
2452 4022 2494 4071 si
2513 4021 2580 4069 ad

1543 4108 1680 4157 litem
1701 4106 1984 4155 mandatum
2004 4104 2168 4153 suerit.
