2984 4684
462 319 608 461 ‘274
1110 348 1209 417 M.
1258 345 1338 413 Τ.
1390 338 1950 412 CICERONIS

461 506 665 568 rum3
716 476 999 571 suscipe
1050 490 1337 541 causam
1396 461 1821 541 severitatis,
1861 458 2292 556 integritatis
2311 510 2332 545 ‚
2385 454 2558 528 fidei
2578 510 2598 543 ,

462 590 865 689 religionis3
916 583 1203 677 suscipe
1228 595 1520 649 causam
1549 584 1843 643 senatus
1863 620 1884 657 ‚
1927 582 2012 641 ut
2045 571 2106 639 is
2137 566 2284 639 hoc
2313 566 2598 663 judicio

462 702 846 805 probatus,
870 716 1041 767 cum
1068 686 1351 789 populo
1385 705 1691 758 romano
1726 694 1802 753 et
1821 682 1900 751 in
1923 676 2140 751 laude
2161 690 2236 750 et
2267 680 2346 748 in
2373 678 2598 773 gratia

462 836 617 887 esse
654 806 903 909 possit.
944 804 1201 900 Cogita
1222 850 1243 887 ‚
1282 799 1415 895 qui
1454 798 1552 867 sis
1563 789 1616 881 ⁵,
1655 815 1810 889 quo
1841 790 2008 863 loco
2045 792 2174 879 sis,
2210 788 2391 887 quid
2425 788 2596 861 dare

460 921 739 1024 populo
758 936 1063 991 romano
1074 908 1133 999 ⁶,
1158 905 1339 1007 quid
1362 902 1666 977 reddeoe
1685 899 2116 997 majoribus⁷
2138 902 2284 971 tuis
2308 897 2601 986 debeas;

460 1036 573 1109 fac
594 1031 727 1105 tibi
746 1041 1063 1129 paternae
1078 1021 1259 1118 legis
1272 1008 1542 1089 Aciliae⁸
1555 1015 1798 1085 veniat
1811 1015 1890 1086 in
1910 1024 2258 1097 mentem,
2275 1034 2420 1108 qua
2437 1010 2598 1107 lege

460 1143 779 1246 populus
806 1154 1154 1209 romanus
1188 1127 1283 1203 de
1316 1124 1648 1226 pecuniis
1686 1118 2114 1219 repetundis
2151 1120 2446 1218 optimis
2473 1120 2596 1215 ju-

458 1258 665 1329 diciis
683 1306 703 1339 ‚
728 1244 1341 1339 severissimisque
1358 1234 1732 1334 judicibus
1751 1254 1928 1304 usus
1953 1245 2084 1303 est.
2111 1234 2600 1303 Circumstant

460 1384 535 1440 te
565 1386 865 1437 summae
900 1355 1363 1429 auctoritates
1381 1404 1403 1438 ‚
1440 1371 1605 1445 quae
1637 1361 1710 1417 te
1741 1342 2070 1415 oblivisci
2093 1340 2327 1413 laudis
2351 1339 2599 1414 dome·

458 1481 652 1551 sticae
676 1496 829 1546 non
860 1472 1139 1555 sinant3
1168 1486 1331 1560 quoe
1358 1474 1429 1531 te
1460 1456 1620 1529 dies
1639 1469 2044 1551 noctesque
2059 1466 2597 1539 commoneant,

388 1670 395 1689 Ι
458 1587 931 1660 fortissimum
962 1576 1095 1649 tibi
1122 1587 1437 1674 patrem,
1474 1568 2084 1667 sapientissimum
2109 1587 2324 1635 avum
2337 1574 2396 1651 ⁹,
2433 1586 2593 1659 gra-

454 1699 831 1769 vissimum
871 1710 1207 1761 socerum
1248 1680 1490 1755 fuisse.
1533 1683 1780 1770 Quare
1815 1677 1876 1749 si
1917 1674 2335 1747 Glabrionis
2372 1674 2596 1773 patris

457 1810 605 1879 vim
644 1817 719 1875 et
742 1796 1211 1873 acrimoniam
1237 1794 1518 1891 ceperis
1543 1789 1636 1861 ad
1661 1785 2144 1859 resistendum
2169 1782 2596 1857 hominibus

458 1913 989 1997 audacissimis3
1039 1908 1101 1977 si
1138 1906 1254 1977 avi
1307 1901 1636 1974 Scaevolae
1679 1895 2140 1998 prudentiam
2175 1894 2268 1967 ad
2307 1895 2594 1995 prospi-

458 2024 748 2101 ciendas
780 2016 1075 2093 insidias
1095 2070 1117 2104 ‚
1143 2037 1303 2114 quae
1333 2028 1475 2086 tuae
1503 2026 1724 2109 atque
1755 2008 2022 2079 horum
2051 2004 2256 2077 famae
2297 2029 2596 2105 compa-
2642 2003 2652 2015 “

457 2150 753 2223 rantur3
786 2134 845 2203 si
868 2128 1099 2201 soceri
1134 2126 1381 2197 Scauri
1418 2122 1933 2207 constantiam,
1963 2131 2048 2190 ut
2075 2142 2172 2189 ne
2199 2120 2364 2215 quis
2405 2132 2476 2191 te
2503 2116 2596 2189 de

456 2270 631 2320 vera
683 2258 758 2315 et
812 2253 1007 2312 certa
1060 2237 1289 2336 possit
1342 2232 1706 2305 sententia
1768 2227 2196 2315 demovere3
2247 2226 2598 2325 intelliget

456 2355 779 2459 populus
831 2370 1179 2424 romanus
1196 2398 1217 2435 ‚
1280 2342 1748 2439 integerrimo
1805 2354 2025 2436 atque
2081 2336 2596 2409 honestissimo

453 2480 761 2568 praetore
778 2516 799 2551 ‚
835 2460 1269 2555 delectoque
1308 2451 1644 2529 consilio,
1681 2449 1980 2523 nocenti
2003 2472 2132 2519 reo
2163 2446 2598 2545 magnitudi-

456 2601 629 2651 nem
666 2573 993 2674 pecuniae
1024 2568 1191 2667 plus
1220 2562 1562 2637 habuisse
1599 2560 1958 2633 momenti
1987 2556 2078 2631 ad
2109 2558 2596 2656 suspicionem

457 2685 781 2762 criminis
794 2738 815 2773 ‚
854 2702 1079 2779 quam
1114 2674 1207 2749 ad
1254 2676 1608 2749 rationem
1643 2669 1914 2743 salutis.

534 2982 585 3030 5.
602 2979 759 3028 Abeat
788 2976 913 3040 «qui
932 2974 1040 3022 sia·
1062 2970 1126 3021 ab
1154 2968 1345 3033 aliquot
1369 2966 1484 3015 edd.
1574 2962 1790 3023 solvere,
1824 2963 1923 3010 nini
1957 2958 2248 3025 ampliarent
2277 2956 2483 3021 iudices.
2519 2958 2598 3009 cf.

460 3072 510 3110 et
538 3059 682 3107 MSS.
716 3054 969 3105 Addida-e
992 3050 1185 3100 Victor.
1212 3060 1265 3097 et
1292 3048 1487 3097 Manat.
1573 3046 1715 3094 Verr.
1735 3046 1782 3103 Ι,
1815 3058 1882 3105 9,
1921 3050 1972 3089 et
1997 3040 2112 3089 lud.
2129 3042 2248 3104 Leg-
2271 3040 2502 3089 Ceterum
2526 3039 2598 3087 ai-

460 3153 511 3190 et
544 3136 724 3195 ceteri,
766 3132 853 3182 sed
884 3132 987 3179 sine
1028 3130 1181 3177 altero
1222 3126 1321 3184 sis,
1348 3124 1485 3191 quod

460 3222 651 3269 Erneot.
680 3224 797 3279 post
822 3214 989 3261 (ξι-ων.
1010 3209 1242 3257 restituit.
1258 3207 1391 3256 LV.
1424 3208 1481 3254 Ι..

458 3326 529 3338 --
549 3298 657 3360 Quo
690 3294 801 3341 loeo
825 3290 889 3339 ad
916 3288 1127 3337 tribunal
1160 3287 1305 3335 refert
1326 3286 1483 3355 Δροσ-

458 3379 571 3427 nius
585 3408 601 3435 ,
622 3374 687 3421 ad
714 3370 1001 3435 dignitatem
1026 3366 1315 3415 Manutiua:
1346 3362 1483 3429 quod

460 3458 609 3507 satius
634 3452 849 3501 videtur.

532 3538 583 3585 6.
612 3536 746 3581 Dare
764 3527 956 3595 populo
992 3541 1113 3575 mm.
1130 3522 1233 3587 Qui
1251 3521 1344 3571 tibi
1361 3538 1483 3587 prae·

459 3628 616 3664 turam
640 3608 909 3660 mandavit.

532 3710 577 3754 7.
602 3689 821 3740 Reddere
845 3682 1129 3751 major-ibus.
1152 3682 1311 3743 Quam
1334 3680 1397 3728 ab
1422 3681 1484 3729 iis

456 3772 649 3823 laudem
671 3765 907 3831 accepisti
920 3798 937 3824 ‚
964 3760 1185 3811 eamdem
1209 3760 1375 3809 redde.

530 3854 579 3899 8.
606 3846 743 3912 Legis
767 3843 960 3893 Acilia.
988 3837 1301 3906 Signfficatur
1320 3840 1397 3887 lex
1424 3839 1486 3888 de

462 3926 747 3994 repetundis
760 3958 776 3983 ,
810 3938 957 3987 quam
997 3919 1111 3972 tulit
1156 3917 1305 3979 huju·
1348 3930 1486 3981 pater

459 4009 687 4059 tribunus
714 4002 869 4068 plebia
882 4036 899 4061 ,
938 4016 1037 4064 qua
1076 3995 1255 4047 licebat
1278 4033 1295 4061 ,
1337 3998 1485 4047 semel

461 4090 592 4139 dieta
612 4098 771 4145 cansa,
796 4096 933 4129 reum
958 4078 1281 4131 condemnare
1300 4087 1389 4127 aut
1402 4078 1485 4127 ab·

1573 3122 1776 3189 gnificat
1803 3121 1859 3169 id
1889 3118 2146 3170 Glabrioni
2171 3117 2442 3167 cavendum
2467 3135 2600 3177 ease,

1569 3222 1633 3253 ne
1659 3202 1787 3268 patri
1823 3200 1956 3249 filius
1993 3198 2144 3260 desit,
2185 3198 2270 3247 cui
2298 3198 2446 3259 huin·
2475 3198 2598 3263 legit

1570 3284 1760 3333 auctori
1785 3280 2065 3329 alienioeimi
2089 3294 2196 3327 non
2230 3278 2508 3327 defuerunt.

1643 3378 1697 3427 9.
1755 3364 1932 3412 Auum.
1997 3360 2266 3409 Scaevolam
2313 3358 2598 3409 Glabrioni·

1570 3458 1717 3490 avum
1749 3452 2020 3489 maternum
2033 3474 2048 3499 ,
2083 3440 2210 3500 juria
2234 3438 2601 3503 peritissimum.

1573 3550 1640 3560 -
1661 3525 1908 3571 Socerum.
1942 3522 2017 3569 M.
2051 3520 2298 3567 AEmilium
2333 3520 2570 3569 Scaurum
2585 3556 2600 3579 ‚

1571 3602 1732 3651 virum
1763 3600 2091 3662 consularem,
2122 3609 2173 3648 et
2193 3606 2388 3646 senatus
2411 3600 2600 3661 princi·

1571 3698 1714 3747 pem;
1739 3697 1885 3745 quem
1903 3694 2031 3728 unus
2045 3678 2302 3727 Sallustius
2317 3677 2502 3741 insug.
2520 3680 2604 3735 15.

1571 3772 1630 3809 ut
1651 3762 1874 3825 pecunia
1891 3794 1908 3818 ‚
1929 3756 2162 3817 honoris,
2185 3768 2278 3805 etc.
2297 3755 2498 3804 avidum
2518 3756 2604 3805 de-

1575 3838 1768 3899 scribit,
1810 3837 1960 3887 ceteri
1989 3838 2252 3901 scriptores
2289 3846 2348 3883 nt
2383 3836 2604 3901 gravissi·

1573 3935 1708 3967 mum
1738 3928 1788 3967 et
1823 3915 2252 3983 prudentissimum
2285 3913 2501 3964 laudant.
2526 3917 2602 3968 De

1571 3998 1660 4047 illo
1685 3998 1788 4047 vid..
1809 3996 1948 4047 CN.
1965 3997 2040 4043 De
2063 3996 2260 4043 Bmsses
2278 4028 2296 4051 ,
2334 4003 2374 4044 t.
2407 3994 2602 4053 XXIV,

1575 4078 1720 4126 Mem.
1733 4076 1795 4125 de
1813 4075 2014 4126 I'Acad.
2031 4074 2115 4124 des
2135 4074 2356 4137 Inscript-
