2984 4684
727 394 841 465 IN
890 394 1338 464 VERREM
1386 394 1756 478 ACT.11,
1808 395 2004 463 Lm.
2042 399 2097 464 1.
2253 354 2265 367 ’
2342 396 2481 469 323

355 522 542 591 Socii
566 542 741 589 vero
772 519 1251 614 nationesque
1279 531 1538 588 exterae
1570 539 1775 614 spem
1800 522 2126 589 omnium
2156 533 2312 590 tum
2344 527 2489 619 pri-

354 651 557 699 mum
606 622 979 721 abjecere⁶
1022 649 1264 696 rerum
1306 650 1389 697 ac
1428 623 1888 698 fortunarum
1923 652 2268 701 suarum:
2313 656 2488 729 pro-

354 753 603 836 pterea
632 736 833 835 quod
871 761 1043 808 casu
1080 737 1293 835 legati
1323 762 1409 808 ex
1440 740 1609 808 ‘Asia
1644 751 1863 834 atque
1893 737 2156 811 Achaia
2192 740 2488 838 plurimi

356 854 601 919 Romae
646 862 823 919 tunc
866 846 1198 936 fuerunt,
1240 852 1369 945 qui
1412 847 1718 918 deorum
1763 847 2178 937 simulacra,
2213 876 2296 921 ex
2345 853 2491 923 suis

354 958 541 1031 fanis
584 959 904 1046 sublata,
940 962 1019 1029 in
1052 956 1214 1030 foro
1245 957 1779 1030 venerabantur
1791 969 1847 1047 ⁷,
1891 961 2213 1057 itemque
2257 976 2494 1034 cetera

355 1073 557 1167 signa
592 1084 667 1141 et
713 1084 1137 1141 ornamenta
1172 1093 1403 1166 quum
1446 1083 2009 1165 cognoscerent,
2070 1070 2204 1141 alia
2241 1070 2382 1142 alio
2419 1073 2495 1143 in

354 1181 517 1253 loco
538 1181 1019 1277 lacrymantes
1040 1178 1541 1251 intuebantur.
1572 1181 1910 1268 Quorum
1935 1181 2268 1251 omnium
2295 1180 2496 1253 hunc

355 1314 767 1361 sermonem
802 1302 961 1360 tum
996 1312 1149 1361 esse
1186 1286 1664 1359 audiebamus
1696 1316 1711 1359 ε
1742 1318 1776 1353 α
1807 1289 2006 1359 Nihil
2054 1313 2206 1361 esse
2227 1344 2248 1377 ,
2294 1291 2498 1388 quod

354 1431 388 1466 α
411 1404 795 1498 quisquam
824 1398 1195 1471 dubitaret
1216 1398 1307 1469 de
1346 1401 1567 1470 exitio
1592 1404 1960 1471 sociorum
1987 1414 2206 1497 atque
2234 1403 2498 1473 amico·

355 1540 389 1574 α
414 1534 621 1598 rum3
656 1534 884 1607 quum
915 1507 1213 1607 quidem
1242 1506 1576 1579 viderent
1600 1512 1677 1579 in
1709 1508 1872 1581 soro
1906 1512 2162 1607 populi
2191 1516 2500 1603 romani,

354 1650 388 1684 a
410 1646 561 1717 quo
592 1622 670 1690 in
698 1620 860 1691 loco
892 1634 1139 1703 antea,
1174 1620 1301 1717 qui
1326 1621 1540 1689 sociis
1559 1619 1858 1713 injurias
1893 1620 2215 1693 fecerant
2234 1676 2254 1711 ‚
2289 1648 2500 1694 accu-

354 1760 387 1795 «
412 1735 551 1801 sari
572 1746 645 1802 et
661 1730 1133 1801 condemnari
1164 1728 1498 1801 solebant
1514 1782 1535 1817 ,
1569 1728 1674 1799 ibi
1699 1752 1852 1799 esse
1879 1730 2120 1827 palam
2145 1734 2374 1828 posita
2391 1756 2498 1819 ea,

354 1872 389 1905 «
414 1866 577 1939 quae
610 1840 701 1913 ab
732 1842 943 1913 sociis
968 1866 1103 1938 per
1132 1840 1362 1912 scelus
1391 1838 1628 1911 ablata
1657 1854 2054 1938 ereptaque
2077 1856 2316 1913 essent
2343 1874 2399 1912 n.

452 1955 711 2023 XXIII.
737 1956 873 2023 Hic
898 1976 1031 2049 ego
1052 1976 1201 2021 non
1234 1949 1549 2021 arbitror
1570 1948 1774 2041 illum
1799 1964 2269 2048 negaturum,
2301 1957 2502 2051 signa

358 2086 511 2133 sese
559 2061 913 2159 plurima,
957 2059 1239 2132 tabulas
1292 2061 1520 2157 pictas
1559 2058 2132 2133 innumerabiles
2182 2061 2501 2149 habere3

357 2170 515 2257 sed,
562 2185 645 2241 ut
678 2171 963 2269 opinor,
1004 2171 1189 2242 solet
1222 2170 1405 2255 haec,
1453 2196 1616 2268 quae
1651 2176 1894 2269 rapuit
1930 2185 2004 2243 et
2039 2171 2317 2245 furatus
2355 2190 2500 2263 est,

358 2305 913 2377 nonnumquam
958 2280 1196 2353 dicere
1217 2336 1236 2369 ,
1274 2304 1349 2352 se
1388 2284 1645 2353 emisse
1667 2307 1701 2350 ἐ
1753 2282 2101 2378 quoniam
2148 2284 2448 2381 quidem
2473 2296 2496 2329 ¹

356 2394 432 2463 in
462 2392 797 2464 Achaiam
815 2401 870 2480 ²,
906 2394 1181 2479 Asiam,
1210 2389 1743 2487 Pamphyliam,
1773 2406 2072 2488 sumptu
2094 2390 2122 2435 3
2162 2392 2460 2490 publico
2484 2450 2504 2484 ,

361 2520 433 2576 et
459 2503 834 2601 legationis
860 2506 1188 2588 nomine,
1238 2513 1602 2571 mercator
1637 2500 2015 2595 signorum
2053 2501 2502 2573 tabularum-

360 2644 503 2716 que
553 2619 908 2716 pictarum
956 2616 1218 2685 missus
1264 2628 1389 2685 est.
1442 2612 1695 2683 Habeo
1746 2627 1819 2683 et
1863 2614 2112 2701 istius,
2167 2630 2240 2685 et
2277 2621 2504 2714 patris

360 2726 514 2821 ejus
542 2726 817 2824 accepti
848 2722 1179 2795 tabulas⁴
1216 2747 1514 2810 omnes3
1559 2745 1740 2818 quas
1782 2718 2328 2819 diligentissime
2359 2726 2500 2825 legi

361 2850 579 2933 atque
614 2836 879 2935 digessi
908 2862 921 2904 :
958 2836 1217 2932 patris,
1244 2830 1489 2930 quoad
1521 2831 1733 2919 vixit3
1769 2845 1926 2902 tuas
1948 2886 1968 2919 ‚
2009 2834 2256 2931 quoad
2295 2839 2397 2907 ais
2431 2854 2502 2911 te

363 2944 777 3019 confecisse.
816 2951 999 3019 Nam
1028 2946 1105 3015 in
1138 2946 1311 3031 istc,
1344 2942 1660 3038 judiceS‚
1702 2941 1846 3015 hoc
1883 2967 2153 3015 novum
2193 2950 2505 3045 reperie-

364 3058 473 3129 tis,
512 3056 903 3146 Audimus,
946 3056 1265 3154 aliquem
1303 3052 1585 3126 tabulas
1623 3078 2028 3151 numquam
2062 3056 2504 3146 confecisse3

431 3320 482 3369 6.
518 3318 718 3367 Rectius
747 3320 873 3368 forte
902 3320 1207 3383 abjecerunt,
1250 3317 1390 3383 quod'
1552 3334 1604 3367 a.
1630 3320 1690 3366 In
1721 3317 1964 3367 Achaiam
1977 3354 1991 3376 ,
2021 3330 2115 3370 etc.
2150 3322 2242 3369 Per
2270 3338 2392 3385 quas
2415 3324 2508 3371 ite'r

361 3397 511 3447 habet
551 3406 694 3444 vetus
746 3397 861 3447 cod.
908 3400 1041 3464 apud
1092 3397 1390 3449 Gothofred.
1478 3398 1534 3445 in
1559 3398 1780 3447 Ciliciam
1807 3400 2114 3464 provinciam
2139 3401 2338 3451 fecerat.

359 3481 393 3527 J
396 3514 411 3525 .
422 3479 485 3525 V.
506 3476 559 3523 L.
1553 3478 1604 3525 3.
1623 3480 1826 3541 Sumpta
1835 3480 2050 3543 publico.
2074 3480 2204 3527 Vide
2224 3496 2334 3545 sup.
2347 3498 2392 3531 c.
2415 3488 2476 3537 14
2493 3516 2510 3541 ‚

438 3573 487 3618 7.
512 3552 736 3603 Debebat
764 3570 868 3602 esse
883 3589 901 3615 ,
928 3564 983 3603 ut
1009 3556 1197 3603 Emest.
1222 3566 1387 3619 putat,
1481 3572 1595 3620 qua
1627 3558 1674 3603 ei
1705 3557 1771 3605 ad
1801 3558 2024 3621 privatos
2057 3568 2280 3623 sumptus
2304 3560 2510 3626 publico

363 3645 722 3685 venerarentur
732 3652 753 3692 ,-
779 3644 829 3683 et
856 3632 1051 3682 videtur
1071 3636 1143 3682 sic
1161 3632 1386 3684 habuisse
1482 3636 1654 3685 aerario
1671 3636 1822 3683 fuerit
1840 3637 2078 3700 assignata
2095 3638 2318 3702 pecunia.

364 3720 415 3765 in
443 3714 669 3780 exemplo
697 3729 789 3763 suo
812 3714 1095 3763 scholiastes
1112 3730 1388 3779 anonymus
1559 3725 1611 3771 4.
1641 3715 1848 3779 Accepta·
1877 3717 2091 3765 tabulas.
2125 3719 2234 3766 Jam
2272 3719 2336 3766 sd
2361 3721 2506 3769 Rosc.

364 3797 655 3845 Vossianus.
673 3796 707 3842 J
709 3830 723 3844 .
734 3797 797 3843 V.
820 3796 875 3843 1..
1402 3814 1409 3825 ·
1486 3794 1715 3844 Comoed.
1747 3810 1792 3855 1,
1825 3796 2164 3845 adnotavimus
2179 3831 2193 3855 ,
2235 3798 2510 3850 Romanum

436 3878 633 3925 xxm.
660 3890 703 3922 ι.
732 3872 982 3937 Quoniam
1009 3870 1219 3937 quidem.
1246 3872 1395 3921 Asco-
1480 3889 1880 3937 unumquemque
1933 3875 2147 3924 rationes
2191 3877 2306 3926 vitae
2359 3884 2513 3931 totius

370 3955 509 4014 nius,
534 3965 650 4019 post
666 3952 865 4027 quidem
878 3988 897 4011 ,
918 3951 1062 4001 addit
1078 3967 1225 3999 «cum
1243 3951 1398 4017 impe·
1484 3970 1574 4019 per
1600 3953 1705 4001 dies
1731 3954 1951 4018 singulos
1976 3956 2210 4017 scribere,
2243 3976 2306 4007 cx
2330 3960 2510 4024 quibus

372 4034 447 4081 rio
466 4044 517 4081 et
532 4034 782 4084 securibus
796 4056 844 4093 ι»,
864 4031 1001 4097 quod
1026 4030 1150 4080 male
1172 4032 1397 4097 migrasse
1486 4044 1745 4099 appareret
1760 4034 1880 4097 quid
1901 4036 2025 4084 lucri
2051 4036 2278 4087 damnive
2305 4040 2510 4089 fecisset.

369 4122 549 4174 putant
576 4128 603 4159 e
618 4114 823 4162 Vei-rina
848 4113 935 4171 IV,
958 4119 1005 4167 4.
1024 4113 1148 4161 J.v.
1169 4112 1223 4161 L.
1492 4114 1626 4160 Dicit
1671 4123 1830 4161 autern
1881 4116 2124 4165 Asconius
2146 4153 2159 4175 ‚
2217 4130 2476 4184 postquam
2493 4154 2508 4177 ,

2161 4230 2270 4274 21.
