2984 4684
510 396 650 483 432·
1157 401 1256 467 M.
1308 400 1388 468 T.
1439 391 2019 469 CICERONIS

506 547 658 618 quo
685 545 838 590 non
871 518 1096 590 modo
1127 543 1351 617 eques
1383 543 1733 591 romanus
1754 574 1775 608 ,
1799 518 1925 590 sed
1950 521 2189 616 quivis
2219 519 2403 591 liber
2430 519 2669 595 debet

509 655 699 719 esse3
756 629 1126 727 adspicere
1183 644 1257 700 te
1322 644 1573 727 postea
1630 654 1781 699 non
1841 630 2235 726 potuisset,
2292 631 2667 712 inimicus,

511 742 738 812 hostis
793 755 1018 828 esset,
1077 733 1278 810 tanta
1329 740 1769 811 contumelia
1814 753 2151 838 accepta;
2218 742 2357 810 nisi
2414 756 2661 812 tecum

509 851 932 939 collusisset,
959 866 1034 921 et
1057 866 1196 921 tuae
1227 853 1474 948 potius
1506 852 2025 922 existimationi
2060 853 2661 949 servisset,quam

507 987 670 1034 suae.
733 963 878 1054 Qui
922 985 1143 1058 quam
1192 959 1327 1030 tibi
1381 961 1657 1032 amicus
1714 985 1867 1031 non
1910 959 2137 1031 modo
2190 975 2347 1030 tum
2400 959 2665 1046 fuerit,

508 1072 858 1171 quamdiu
898 1086 1141 1144 tecum
1175 1074 1250 1142 in
1291 1073 1665 1169 provincia
1700 1070 1839 1143 fuit
1862 1126 1883 1160 ‚
1916 1095 2171 1142 verum
2211 1075 2425 1149 etiam
2460 1097 2669 1144 nunc

505 1187 596 1254 sit
621 1240 642 1273 ,
683 1208 915 1280 quum
950 1173 1108 1278 jam'
1136 1207 1180 1253 a
1221 1182 1479 1254 ceteris
1516 1184 1761 1254 amicis
1802 1183 1897 1254 sis
1932 1181 2270 1269 relictuS,
2310 1196 2385 1254 et
2422 1196 2503 1252 tu
2542 1185 2666 1253 in-

509 1295 810 1392 telligis‚
865 1308 940 1366 et
981 1318 1116 1365 nos
1164 1295 1573 1365 existimare
1622 1316 2029 1392 possumus.
2075 1295 2183 1362 An
2236 1291 2379 1362 hoc
2417 1291 2669 1364 solum

509 1418 1022 1501 argumentum
1051 1418 1195 1490 est,
1227 1403 1411 1474 nihil
1437 1405 1579 1474 isto
1616 1401 2079 1501 imprudente
2111 1401 2417 1488 factum,
2454 1401 2671 1499 quod

504 1516 869 1590 Volcatius
905 1517 971 1585 ei
1015 1541 1168 1586 nou
1207 1513 1725 1586 succensuit²?
1762 1513 1967 1610 quod
2010 1514 2145 1584 iste
2191 1537 2326 1584 nec
2372 1513 2445 1582 in
2484 1512 2671 1584 Vol-

509 1628 821 1716 catium,
873 1649 1010 1696 nec
1062 1625 1136 1695 in
1181 1622 1478 1695 Bidinos
1534 1622 2085 1695 animadvertit?
2138 1626 2264 1693 Est
2314 1646 2667 1718 magnum

509 1749 1016 1834 argumentum
1050 1762 1065 1804 ε
1108 1759 1364 1806 verum
1396 1732 1580 1805 illud
1620 1733 2055 1820 maximum,
2084 1731 2289 1829 quod
2319 1731 2457 1802 iuis
2488 1734 2671 1830 ipsis

509 1837 815 1932 Bidinis,
847 1844 1114 1942 quibus
1140 1847 1362 1915 iratus
1385 1869 1541 1915 esse
1567 1842 1861 1932 debuit,
1896 1858 1981 1913 ut
2003 1868 2044 1913 a
2072 1841 2343 1940 quibus
2374 1867 2671 1940 compe*

514 1961 632 2044 rit,
652 1954 856 2053 quod
877 1954 1044 2049 jure
1059 1978 1272 2051 agere
1291 1979 1460 2024 cum
1480 1957 1811 2052 Epicrate
1832 1953 2015 2022 nihil
2034 1967 2357 2050 possent,
2384 1953 2673 2023 etiamsi

515 2065 830 2150 adesset,
880 2061 1149 2133 idcirco
1195 2084 1411 2134 suum
1456 2063 1835 2135 decretum
1877 2064 2187 2160 pecunia
2227 2087 2383 2134 esse
2436 2078 2675 2134 tenta-³

512 2191 666 2247 tum
694 2171 722 2217 ³
759 2201 774 2244 :
816 2172 960 2256 his,
1003 2175 1342 2270 inquam,
1381 2174 1555 2271 ipsis
1600 2199 1751 2244 non
1792 2171 2017 2243 modo
2054 2172 2247 2244 illam
2295 2172 2671 2245 heredita*

513 2301 693 2373 tem,
731 2309 890 2382 quae
923 2285 1237 2380 Epicrati
1273 2299 1607 2372 venerat3
1649 2283 1778 2356 sed
1800 2337 1821 2370 ,
1852 2297 1937 2354 ut
1968 2284 2047 2352 in
2080 2284 2411 2355 Heraclio
2453 2289 2669 2380 Syra-

515 2420 823 2476 cusan0,
876 2397 1048 2464 item
1103 2397 1179 2465 in
1236 2395 1410 2482 hoc,
1463 2385 1713 2493 paullo
1768 2395 1985 2466 etiam
2032 2396 2395 2484 atrociuS‚
2455 2395 2667 2492 quod

517 2508 886 2604 Epicrates
930 2499 1334 2602 appellatus
1377 2508 1685 2576 omnino
1732 2529 1885 2576 non
1936 2519 2129 2592 erat,
2175 2504 2373 2576 bona
2426 2508 2665 2604 patria

513 2615 988 2712 fortunasque
1023 2615 1182 2711 ejus
1213 2615 1483 2699 Bidinis
1523 2614 1835 2688 tradidit.
1868 2614 2211 2687 Ostendit
2241 2617 2437 2688 enim
2465 2643 2671 2688 novo

515 2725 777 2820 mod0,
809 2727 868 2796 si
892 2731 1055 2823 quis
1083 2725 1261 2824 quid
1289 2726 1380 2796 ab
1415 2725 1715 2798 absente
1752 2741 2070 2825 peteret,
2106 2751 2183 2798 se
2216 2726 2666 2799 auditurum.

510 2837 806 2910 Adeunt
839 2835 1097 2925 Bidini,
1125 2851 1388 2936 petunt
1422 2835 1918 2908 hereditatem.
1939 2842 2499 2910 Procuratores*
2530 2863 2668 2937 po·

513 2947 823 3036 stulant,
854 2963 938 3018 ut
971 2965 1046 3018 se
1080 2946 1172 3019 ad
1197 2947 1392 3044 leges
1429 2971 1595 3019 suas
1624 2948 1935 3043 rejiciat,
1964 2962 2095 3019 aut
2124 2962 2213 3018 e'x
2249 2947 2407 3046 lege
2436 2953 2669 3047 Rupi-

515 3058 609 3130 lia
627 3057 862 3130 dicam
889 3056 1105 3129 scribi
1121 3057 1396 3154 jubeat.
1422 3057 1821 3130 Adversarii
1840 3083 1991 3129 non
2020 3056 2387 3129 audebant
2410 3073 2667 3129 contra

517 3169 759 3240 dicere
791 3197 806 3238 :
848 3171 1080 3239 exitus
1124 3167 1370 3239 nullus
1401 3166 1925 3265 reperiebatur.
1963 3165 2397 3238 Insimulant
2430 3165 2669 3238 homi·

587 3431 638 3464 α.
667 3411 958 3461 Succensuit.
992 3412 1216 3472 Scilicet,
1257 3412 1324 3461 ob
1361 3422 1545 3461 tantam
1634 3413 1742 3477 lege
1761 3407 2003 3476 iudicium
2020 3412 2264 3463 intendat.
2280 3415 2424 3462 Tunc
2440 3413 2671 3479 impediti

515 3503 766 3558 acceptam
789 3491 1154 3541 contumeliam.
1634 3491 1799 3540 Bidini
1811 3503 2041 3541 accusant
2050 3493 2324 3556 Epicratem
2340 3493 2603 3556 aufugiam,
2613 3504 2673 3541 ut

589 3575 639 3622 3.
671 3575 942 3620 Tentamm.
961 3571 1236 3618 Periculum
1254 3570 1369 3619 illos
1388 3571 1546 3619 faeere
1634 3569 1905 3620 creditores
1932 3572 2192 3620 frasu-etur
2226 3584 2274 3621 et
2308 3573 2669 3637 potamicum

517 3651 729 3701 voiuiaae
755 3669 872 3701 num
901 3651 1107 3716 pecunia
1134 3663 1398 3715 corruptus
1419 3667 1546 3715 prae-
1632 3667 1696 3699 α
1727 3651 1951 3714 praetoris
1986 3650 2151 3699 edicto
2176 3662 2373 3716 petunt.
2410 3651 2510 3700 Sed
2532 3651 2671 3700 bona

518 3741 598 3777 tor
647 3731 712 3779 ad
763 3731 931 3797 inique
975 3729 1336 3779 decernendum
1387 3729 1545 3778 addu-
1634 3729 1871 3793 possideri
1906 3729 2078 3790 iubere
2116 3745 2220 3778 non
2256 3730 2422 3794 potuit
2452 3741 2669 3794 pretor,

514 3819 719 3857 cer-etur.
1632 3809 1773 3872 quod
1798 3809 2001 3858 aderant
2023 3821 2372 3874 procuratores
2398 3810 2487 3874 qui
2513 3811 2669 3859 actio-

592 3896 638 3943 4.
687 3891 1042 3938 Procuratores.
1090 3888 1252 3938 Amici
1303 3887 1542 3952 Epicratis
1632 3903 1719 3936 nea
1738 3899 1909 3936 contra
1928 3888 2201 3953 Epicratem
2226 3889 2537 3938 institutauc
2554 3905 2671 3937 cum

417 3985 429 3996 ·
515 3975 720 4030 petunt,
745 3979 804 4014 ut
829 3983 880 4014 ae
901 3967 1141 4032 Epicratis
1167 3981 1363 4014 canaam
1387 3968 1541 4015 ausci-
1629 3966 1949 4016 satisdatione
2002 3980 2298 4032 excepturos
2345 3965 2665 4032 profitentur.

515 4045 704 4110 pientes
729 4045 790 4093 ad
815 4045 946 4108 leges
966 4045 1060 4094 sibi
1081 4046 1352 4109 peculiares
1381 4047 1541 4094 remit·
1628 4047 1704 4094 De
1730 4047 1805 4095 bia
1836 4047 1969 4095 conf.
2002 4063 2095 4112 pro
2118 4049 2331 4110 Quintio
2347 4083 2361 4108 ‚
2388 4047 2477 4096 uhi
2508 4047 2665 4094 fusius

517 4132 616 4182 tat,
662 4133 746 4170 ant
780 4123 948 4170 saltem
991 4123 1202 4187 Epicrati
1244 4140 1306 4172 ex
1337 4123 1535 4187 Rupilia
1628 4125 1953 4192 explicantur,
