2984 4684
776 350 1186 423 ORATIO
1234 353 1436 425 PRO
1485 359 1576 446 Q.
1616 359 2019 434 ROSCIO.

329 466 812 564 poscebamus
843 496 858 538 :
891 495 1091 542 nunc
1120 486 1316 564 tuam,
1363 478 1444 546 C.
1474 481 1699 553 Fanni
1734 481 2021 555 Chaerea
2039 538 2060 571 ‚
2090 487 2313 560 solius
2344 489 2469 562 fla-

333 580 666 674 gitamus,
689 594 786 668 et,
815 605 968 678 quo
995 584 1236 655 minus
1263 586 1668 658 secundum
1698 613 1815 662 eas
1848 591 1932 664 lis
1960 592 2175 667 detur
2193 608 2213 641 ¹
2222 610 2280 687 ⁰,
2312 623 2465 672 non

331 711 770 760 recusamus,
787 690 985 782 Quid
995 695 1096 764 ita
1122 719 1274 764 non
1298 696 1581 794 profers
1596 698 1803 772 ?Non
1828 703 2123 778 conficit
2136 707 2469 782 tabulas?

327 801 485 869 Imo
517 798 1081 896 diligentissime.
1129 808 1295 876 Non
1321 805 1543 879 refert
1566 833 1786 908 parva
1810 819 2109 888 nomina
2150 820 2227 890 in
2272 822 2470 894 codi-

327 908 495 980 ces?
535 914 692 980 Imo
734 935 984 982 omnes
1019 938 1356 986 summas.
1403 923 1591 991 Leve
1628 935 1703 992 et
1726 937 1949 998 tenue
1975 925 2119 999 hoc
2146 911 2465 1004 nomen?

321 1023 466 1089 H-S
507 1031 854 1090 000100011
904 1036 1122 1093 sunt:
1163 1027 1549 1122 quomodo
1587 1029 1718 1102 tibi
1756 1047 1955 1106 tanta
1996 1044 2308 1134 pecunia
2344 1067 2465 1114 ex-

323 1126 880 1200 inordina-ian
917 1131 1156 1226 jacet?
1202 1137 1583 1233 quomodo
1609 1146 1755 1213 H-S
1780 1168 2061 1218 ccclooo
2096 1151 2173 1218 in
2206 1151 2463 1224 codice

321 1242 602 1338 accepti
632 1255 706 1312 et
736 1245 1030 1338 expensi
1065 1268 1216 1315 non
1244 1247 1465 1318 sunt?
1493 1251 1689 1324 Proh
1716 1253 1815 1324 dii
1846 1257 2319 1330 immortales!
2358 1285 2468 1334 es-

323 1373 498 1420 sene
548 1375 995 1448 quemquam
1034 1367 1232 1426 tanta
1273 1357 1573 1432 audacia
1606 1364 1991 1461 praeditum
2015 1391 2039 1456 ‚·
2065 1372 2193 1466 qui
2211 1424 2232 1458 ‚
2264 1372 2467 1468 quod

323 1483 596 1530 nomen
646 1458 910 1534 referre
957 1465 1032 1532 in
1085 1462 1366 1568 tabulas
1425 1472 1709 1561 timeat,
1748 1473 1825 1545 id
1868 1491 2117 1574 petere
2161 1479 2467 1554 audeat?

322 1569 528 1665 quod
574 1572 652 1640 in
703 1570 1025 1644 codicem
1079 1576 1438 1672 injuratus
1481 1581 1749 1655 referre
1796 1585 2063 1675 noluit,
2100 1587 2177 1659 id
2218 1590 2463 1686 jurare

321 1681 398 1750 in
431 1681 638 1752 litem
655 1678 719 1725 ¹³
749 1707 901 1754 non
935 1683 1270 1758 dubitet?
1301 1689 1505 1786 quod
1532 1692 1670 1764 sibi
1692 1694 2003 1793 probare
2030 1697 2181 1768 non
2201 1703 2433 1797 possit

321 1788 398 1859 id
437 1789 876 1888 persuadere
908 1793 1115 1866 alteri
1153 1802 1507 1872 conetur?

416 1905 510 1970 ΙΙ.
543 1902 868 1972 Nimium
900 1905 1045 1974 cito
1067 1959 1086 1992 ‚
1117 1909 1256 1996 ait,
1287 1933 1404 1980 me
1437 1910 1804 2010 indignari
1840 1913 1933 1987 de
1960 1915 2272 1990 tabulis:
2308 1944 2461 1992 non

321 2007 592 2084 habere
623 2035 699 2082 se
731 2011 876 2083 hoc
907 2037 1178 2086 nomen
1205 2018 1286 2087 in
1321 2020 1571 2094 codice
1602 2027 1879 2123 accepti
1906 2038 1982 2096 et
2023 2031 2317 2124 expensi
2350 2055 2463 2102 re·

317 2119 546 2192 latum
571 2119 1002 2213 confitetur3
1030 2125 1157 2198 sed
1189 2130 1268 2198 in
1293 2129 1715 2206 adversariis
1737 2146 1758 2180 ¹
1786 2149 2033 2233 patere
2057 2140 2459 2214 contendit.

317 2234 568 2328 Usque
602 2255 786 2304 eone
820 2246 890 2304 te
924 2232 1198 2333 diligis,
1237 2252 1312 2310 et
1349 2242 1731 2341 magnifice
1760 2249 2251 2347 circumspicis
2271 2261 2329 2341 ²,
2377 2268 2465 2324 ut

2444 1757 2469 1791 7

315 2491 482 2539 Roscii
516 2492 702 2555 pariter
733 2503 784 2542 et
819 2493 1032 2544 Choereoe
1066 2498 1255 2558 amieo,
1290 2509 1341 2548 et

317 2581 450 2618 extra
485 2571 748 2632 judicium.
787 2574 878 2622 me
919 2585 1080 2624 autem
1119 2577 1340 2628 suarius

313 2661 550 2712 patmum
576 2663 680 2699 erat
705 2651 915 2700 Chaereae
941 2653 1180 2712 libertini,
1201 2657 1286 2720 qui
1311 2672 1340 2703 a

313 2729 494 2792 prioris
535 2731 734 2794 patroni
780 2731 979 2779 nomine
1025 2735 1082 2782 C.
1127 2735 1360 2782 fannius·

314 2807 514 2856 Chat-ea
563 2808 917 2873 appellabatur.
965 2811 1178 2860 Tabulas
1221 2815 1340 2862 istas

314 2887 558 2950 Petpema
571 2921 586 2946 ‚
614 2888 752 2951 quasi
775 2889 970 2948 arbiter,
995 2889 1175 2940 habere
1197 2903 1342 2958 pote-

315 2977 388 3013 rat
407 3003 424 3029 ,
457 2977 546 3014 ant
587 2965 857 3016 afferendas
895 2985 1080 3018 cume.
1113 2971 1338 3019 Ceterum

311 3046 486 3094 amissa
513 3047 748 3094 orationis
769 3059 905 3111 parte
922 3048 987 3097 ad
1003 3066 1150 3113 quam
1163 3051 1338 3114 paullo

312 3135 430 3173 ante
469 3125 706 3186 refertae,
749 3125 878 3176 hane
919 3143 1024 3176 rem
1065 3129 1340 3194 pmpioem

311 3203 456 3266 plane
481 3220 588 3253 uon
611 3220 884 3269 possumus.
899 3233 973 3246 -
993 3209 1092 3256 Dat
1113 3210 1164 3256 J.
1185 3211 1250 3257 V.
1277 3211 1332 3256 Ι...

313 3285 572 3348 Perpenna
593 3303 614 3342 ‚-
669 3301 840 3334 verum
887 3287 942 3335 in
993 3298 1110 3336 nott
1168 3299 1336 3337 mouet

311 3361 462 3410 scribi
501 3365 682 3412 rectius
717 3365 844 3414 forte
871 3369 1116 3430 Perperna
1151 3383 1179 3415 e
1207 3369 1334 3416 MSS

311 3452 360 3488 et
385 3443 598 3492 nummi·
621 3455 670 3492 et
693 3447 848 3494 Emi·
873 3444 1183 3510 Capitolinis.

387 3535 468 3570 xo.
495 3522 574 3570 Lis
608 3522 766 3572 detur.
807 3526 850 3573 1.
889 3541 933 3574 e.
969 3525 1332 3588 pronuntietur.

311 3597 394 3647 Sie
418 3601 530 3648 Vni.
553 3603 688 3652 Mn.
715 3605 794 3663 11,
821 3604 874 3653 8.
889 3601 1104 3664 calm,
1147 3619 1230 3653 ιο.

387 3694 412 3726 1
427 3695 472 3727 ι.
491 3696 708 3730 ocexooo.
745 3682 956 3730 Centum
987 3681 1140 3730 mima
1165 3693 1338 3731 mter·

312 3759 434 3805 tium
453 3757 664 3824 (20‚5oo
685 3759 788 3826 fia).
805 3761 934 3810 Vide
951 3762 1016 3810 ad
1043 3760 1168 3812 eale.
1189 3761 1336 3822 hujus

311 3847 437 3885 ont.
473 3837 536 3886 de
563 3839 902 3888 Romanorum
935 3842 1068 3890 uotis
1109 3855 1337 3888 numera-

312 3913 454 3966 libus.

387 4011 466 4046 η.
491 3996 938 4047 Extraordinaria.
981 3999 1098 4047 Non
1131 4015 1223 4048 suo
1259 4015 1341 4047 οι·-

315 4071 424 4124 dine
449 4075 500 4124 in
527 4076 720 4126 tabulas
735 4077 900 4126 relata.
915 4077 1144 4128 CLVerr.
1157 4081 1200 4138 1,
1219 4079 1304 4141 39.

505 4167 560 4234 I.
615 4181 710 4226 Cic.
725 4196 838 4242 pare
869 4180 1088 4227 secunda-

1506 2491 1585 2539 13.
1612 2493 1790 2538 Iuram
1812 2490 1863 2538 in
1899 2489 2049 2538 licem.
2086 2491 2174 2541 Est
2200 2494 2325 2540 tanti
2354 2511 2457 2543 rem

1428 2570 1666 2620 oestimste
1683 2603 1698 2630 ,
1730 2569 2050 2628 jurejurando
2086 2570 2265 2620 delato.
2301 2574 2463 2638 Iussu·
2547 2579 2557 2588 ‘

1428 2649 1641 2706 randum
1667 2647 1719 2695 in
1747 2648 1905 2706 licem,
1944 2659 2123 2696 vocant
2146 2651 2283 2707 Jcti,
2303 2668 2456 2715 quum

1420 2727 1579 2789 judex
1631 2735 1837 2791 propter
1878 2728 1949 2775 rei
2006 2729 2363 2777 contumaciam
2408 2744 2460 2781 et

1429 2802 1681 2864 fraudem,
1709 2805 1888 2864 actori,
1906 2806 2090 2870 *quanti
2124 2805 2260 2856 litem
2296 2808 2458 2871 illam,

1425 2887 1464 2934 i.
1490 2902 1535 2936 e.
1565 2883 1831 2934 adversarii
1856 2886 1935 2932 sui
1964 2883 2191 2946 injurium
2218 2887 2477 2949 animas

1421 2965 1585 3027 jurare
1612 2963 1863 3028 permittit.
1891 2965 2048 3012 Porro
2083 2965 2133 3011 in
2163 2965 2357 3027 judicio
2382 2984 2457 3015 so-

1428 3045 1615 3093 cietatis
1641 3043 1708 3090 ob
1736 3042 1905 3090 dolum
1932 3042 1985 3092 in
2002 3043 2136 3091 litem
2150 3045 2283 3104 jurat
2298 3057 2457 3106 ector,

1427 3133 1478 3172 et
1525 3123 1581 3174 iu
1622 3122 1849 3172 omnibus
1896 3122 2021 3170 adeo
2063 3122 2267 3185 judiciis
2308 3125 2456 3174 bonae

1421 3201 1559 3254 fidei.
2412 3227 2421 3236 ·

1493 3285 1560 3332 11.
1592 3299 1637 3330 ι.
1666 3281 1989 3330 Adversa-Hs.
2018 3283 2101 3331 Ee
2124 3283 2361 3332 dicuntur
2382 3295 2454 3332 ts·

1423 3361 1553 3412 bulae
1566 3395 1583 3424 ‚
1611 3361 1722 3426 gall.
1736 3361 2003 3420 bmuillon,
2025 3363 2090 3410 sd
2113 3364 2455 3427 quotidianum

1419 3459 1567 3492 usum
1604 3451 1808 3507 pentae,
1846 3442 1901 3488 in
1928 3457 2047 3506 quas
2076 3443 2255 3490 cursim
2282 3455 2335 3492 et
2364 3459 2451 3492 ue-

1423 3522 1661 3586 gligenter
1697 3521 1987 3580 conjicimus
2024 3537 2137 3584 qun
2182 3533 2351 3586 postea
2396 3524 2452 3570 in

1427 3612 1583 3650 certas
1612 3599 1803 3648 tabulas
1828 3599 2001 3647 ordine
2029 3600 2396 3662 perscribamus.

1499 3695 1547 3728 2.
1588 3677 1937 3742 Circumspicit.
1972 3679 2143 3741 Imago
2172 3692 2397 3738 venusta,
2426 3698 2455 3728 a

1423 3756 1701 3823 pavonibus
1744 3773 1845 3806 non
1891 3759 1995 3804 sine
2027 3757 2147 3818 joeo
2188 3759 2417 3808 translata
2436 3795 2453 3818 ‚

1429 3838 1515 3902 qui
1548 3835 1755 3886 adverso
1788 3835 1893 3884 sole
1926 3837 2105 3900 plumis
2139 3839 2367 3903 expansis
2401 3857 2455 3888 se

1429 3921 1869 3979 circumspectant,
1918 3931 1975 3964 ae
2015 3915 2269 3983 magnifice
2298 3919 2452 3966 inee-

1429 3999 1557 4046 duut
1572 4029 1589 4054 ,
1613 3997 1684 4044 its
1707 4008 1765 4043 ut
1788 3998 2021 4057 majorem
2044 3998 2097 4047 in
2134 3999 2335 4047 modum
2358 3999 2454 4046 sihi

1428 4078 1623 4143 plaeere
1649 4075 1917 4127 videantur.

2176 4189 2261 4233 10
