2984 4684
508 365 587 409 ια
1164 344 1259 411 Μ.
1308 344 1384 411 Τ.
1440 344 2007 418 CICERONIS

490 459 682 532 bene
713 460 907 531 culta
937 473 1011 531 et
1034 458 1432 535 fructuosa.
1454 466 1762 537 Tollitur
1791 465 1884 537 ab
1917 468 2117 538 atriis
2133 468 2502 560 Liciniis⁸,
2525 488 2634 545 at·

490 596 637 667 que
666 595 709 642 a
739 582 1158 669 praeconum
1187 597 1530 646 consessu
1558 578 1633 646 in
1668 577 1974 649 Galliam
1999 581 2320 669 Naevius‚
2343 595 2418 652 et
2439 597 2634 654 trans

490 678 707 776 Alpes
741 704 976 777 usque
1009 678 1457 753 transfertur.
1498 686 1611 756 Fit
1650 710 1912 783 magna
1947 692 2252 760 mutatio
2280 691 2448 779 loci,
2483 718 2632 763 non

492 791 787 886 ingenii.
814 796 1021 878 Nam,
1044 795 1171 889 qui
1193 790 1286 862 ab
1312 791 1858 869 adolescentulo
1887 812 2246 895 quaestum
2273 799 2407 871 sibi
2444 805 2638 874 insti-

494 904 749 973 tuisset
776 905 932 973 sine
962 902 1361 1001 impendio,
1386 920 1862 1005 posteaquam
1886 911 2130 979 nescio
2155 909 2337 1007 quid
2359 914 2640 1010 impen-

493 1008 635 1099 dit,
680 1014 863 1084 etin
902 1037 1292 1086 commune
1326 1017 1638 1087 contulit
1663 1072 1684 1105 ‚
1734 1017 2084 1090 mediocri
2125 1036 2410 1118 quaestu
2452 1047 2635 1093 con·

490 1134 736 1191 tentus
763 1146 920 1193 esse
955 1147 1105 1193 non
1142 1138 1449 1221 poterat.
1492 1129 1641 1199 Nec
1671 1130 1964 1218 mirum,
2003 1132 2060 1200 si
2088 1132 2188 1219 is,
2216 1134 2346 1228 qui
2371 1157 2634 1205 vocem

490 1230 817 1302 venalem
857 1230 1247 1329 habuerat,
1288 1260 1403 1324 ea,
1441 1260 1604 1333 quae
1638 1250 1866 1309 voce9
1901 1242 2322 1336 quaesierat‚
2367 1267 2638 1342 magno

492 1338 628 1411 sibi
662 1345 970 1438 quaestui
1011 1341 1167 1415 fore
1216 1344 1545 1442 putabat.
1595 1352 1852 1445 Itaque
1901 1348 2200 1421 hercule
2237 1350 2435 1423 haud
2483 1378 2637 1424 me-

490 1449 833 1525 diocriter
862 1452 955 1525 de
982 1461 1389 1544 communi,
1421 1454 1784 1555 quidquid
1809 1473 2136 1556 poterat,
2164 1458 2256 1531 ad
2285 1486 2362 1533 se
2391 1467 2464 1533 in
2490 1467 2639 1561 pri-

490 1574 729 1631 vatam
761 1561 1062 1632 domum
1094 1563 1512 1636 sevocabat:
1548 1592 1695 1663 qua
1725 1571 1800 1639 in
1831 1595 1910 1641 re
1944 1573 2040 1641 ita
2055 1567 2433 1668 diligens¹⁰
2460 1588 2641 1663 erat,

491 1676 699 1768 quasi
752 1675 837 1762 ii,
883 1677 1011 1770 qui
1056 1698 1315 1771 magna
1360 1674 1508 1748 fide
1561 1683 1981 1751 societatem
2024 1695 2392 1777 gererent,
2443 1683 2640 1754 arbi-

426 1828 445 1859 -,
495 1786 788 1853 trium¹¹
827 1808 966 1880 pro
997 1788 1197 1855 socio
1228 1784 1700 1859 condemnari
1732 1789 2072 1861 solerent.
2097 1795 2374 1862 Verum
2407 1791 2521 1863 his
2547 1791 2641 1865 de

412 1942 431 1953 „
494 1890 714 1962 rebus
755 1917 905 1963 non
943 1918 1235 1965 necesse
1260 1893 1499 1967 habeo
1532 1896 1771 1969 dicere
1802 1923 1923 1987 ea,
1963 1924 2125 1995 quae
2161 1925 2278 1971 me
2304 1904 2376 1972 P.
2410 1904 2642 1993 Quin-

491 2007 639 2075 tius
676 2008 879 2102 cupit
908 2029 1476 2078 commemorare
1507 2034 1523 2076 ε
1561 2013 1844 2079 tametsi
1883 2034 2095 2081 causa
2127 2010 2486 2107 postulat,
2533 2028 2637 2085 ta-

498 2136 667 2183 men
691 2167 711 2202 ,
744 2117 919 2210 quia
950 2114 1269 2213 postulat
1292 2126 1377 2203 ¹²,
1422 2142 1572 2189 non
1601 2116 1906 2217 flagitat,
1937 2118 2344 2217 praeteribO.

494 2385 613 2436 baut
628 2388 809 2453 privati
823 2388 957 2454 apud
971 2392 1220 2439 Romanoa
1232 2408 1319 2456 per
1331 2392 1520 2441 Italiam

496 2476 547 2514 et
578 2468 857 2531 provincias
886 2485 1065 2533 pascua
1078 2504 1093 2529 ,
1138 2482 1225 2519 ant
1265 2484 1517 2537 coempta,

491 2546 815 2596 vendentibus
828 2546 1518 2613 quaesmribus(Liv.XXVIII,

497 2623 613 2690 46);
641 2638 726 2675 aut
751 2644 778 2675 a
804 2627 1078 2692 publicanis
1099 2629 1259 2678 locata
1277 2665 1292 2690 ,
1324 2632 1377 2679 in
1403 2648 1516 2697 quae

494 2720 663 2771 greges
694 2719 743 2756 et
779 2720 995 2757 armenta
1024 2708 1364 2759 immittebant.
1390 2710 1514 2761 Inde

496 2787 760 2834 maximum
790 2787 853 2835 ad
880 2804 1035 2853 remp.
1062 2787 1252 2838 redibat
1286 2790 1521 2855 vectigal,

492 2865 745 2930 scn'pturae
770 2868 982 2915 nomine.
1013 2866 1130 2914 vid.
1158 2868 1296 2916 Verr.
1330 2870 1405 2928 11,
1434 2884 1518 2930 7⁰·
1549 2918 1578 2935 χ

498 2948 644 2991 Font.
680 2960 735 3001 ι,
776 2961 826 2992 2.
862 2946 943 2993 Ad
979 2946 1134 2995 Attio.
1164 2948 1240 3007 11,
1286 2948 1365 2995 15.

569 3023 619 3073 8.
656 3022 811 3071 Atriis
832 3023 1045 3071 Liciniis.
1072 3024 1269 3072 Atrium
1306 3035 1381 3072 eet
1412 3041 1519 3073 area

493 3112 609 3149 ante
654 3100 807 3151 edem
850 3102 1123 3167 porticibus
1178 3112 1229 3149 et
1280 3102 1523 3151 columnis

494 3180 672 3228 cincta.
708 3180 899 3229 Licinia
943 3196 1063 3229 vero
1102 3180 1235 3227 atria
1280 3192 1417 3228 erant
1464 3184 1520 3229 in

496 3260 682 3307 Palatio
720 3272 887 3309 monte
905 3295 920 3320 ,
958 3270 1069 3308 ante
1104 3256 1309 3306 domum
1346 3259 1522 3308 Licinii

498 3340 687 3398 Crassi,
710 3355 856 3405 quam
874 3350 1043 3405 postea
1062 3338 1177 3385 emit
1197 3337 1386 3385 Cicero.
1408 3340 1522 3387 Huc

498 3421 852 3469 conveniebant
878 3434 1129 3484 praecones
1150 3417 1427 3465 auctionem
1453 3418 1522 3465 fa-

500 3500 641 3547 cturi.
668 3501 893 3549 Ceterum
918 3497 1071 3547 multa
1093 3508 1231 3545 erant
1255 3496 1403 3557 huius
1420 3512 1522 3545 mo-

498 3578 551 3626 di
586 3582 757 3628 Romae
794 3580 957 3638 aeria,
1002 3590 1051 3628 et
1091 3578 1218 3625 circa
1268 3577 1431 3624 forum
1468 3586 1521 3625 et

496 3658 631 3722 apud
668 3661 917 3723 privatos;
962 3657 1203 3721 docetque
1230 3656 1487 3703 Vitruvius
1501 3690 1517 3715 ‚

498 3737 604 3798 VI,
632 3740 697 3787 8:
732 3738 971 3801 “privatis
1006 3740 1061 3784 in
1094 3734 1348 3795 domibus,
1384 3751 1518 3783 com-

498 3818 661 3865 munia
686 3818 832 3865 fuisse
852 3816 1114 3875 vestibula,
1136 3816 1188 3862 in
1216 3832 1343 3880 quae,
1370 3817 1516 3863 etiam

494 3896 738 3956 invocati,
772 3912 863 3944 suo
888 3897 1028 3956 jure,
1068 3895 1129 3943 de
1159 3894 1347 3959 populo
1378 3904 1518 3959 pote·

495 3986 605 4023 rant
630 3976 793 4024 venire
808 3998 850 4025 ιο.
878 3976 983 4023 Hac
1009 3975 1195 4023 scilicet
1219 3976 1407 4022 ratione
1423 3990 1517 4038 po·

494 4054 711 4118 pularem
756 4054 957 4119 gratiam
990 4052 1360 4119 aucupabantur
1398 4054 1518 4101 civi—

494 4134 606 4183 tatis
630 4134 891 4201 principes.

1680 2402 1729 2451 9.
1770 2390 1916 2437 Voce.
1959 2387 2020 2435 Id
2059 2398 2132 2436 eet
2149 2422 2164 2448 ,
2189 2388 2278 2453 qui
2319 2402 2442 2435 voce
2477 2404 2640 2437 nerum

1605 2467 1825 2515 omnium
1847 2466 2116 2527 levissima,
2139 2484 2260 2531 opes
2285 2466 2471 2531 aliquas
2501 2484 2642 2516 com·

1603 2556 1877 2611 paraverat,
1899 2545 2092 2595 easdem
2114 2562 2233 2610 opes
2251 2562 2427 2609 magno
2446 2548 2640 2596 emolu-

1602 2635 1769 2673 mento
1785 2625 1879 2672 sibi
1895 2642 2029 2673 nnnc
2052 2626 2158 2673 fore
2177 2624 2403 2690 putabat.

1681 2719 1762 2753 ιο.
1782 2704 2002 2769 Diligens
2033 2716 2156 2753 erae.
2186 2704 2386 2752 Naevius
2419 2705 2472 2751 in
2511 2706 2644 2755 sran-

1608 2783 1767 2832 danda
1784 2785 2014 2833 societate
2031 2784 2098 2833 ita
2124 2795 2226 2833 erat
2249 2783 2474 2849 diligens,
2495 2788 2638 2849 qnasi

1607 2864 1788 2912 furtum
1815 2865 2017 2912 honesta
2043 2879 2122 2912 res
2144 2874 2292 2922 esset,
2313 2864 2398 2928 qni
2421 2881 2540 2913 vero
2563 2881 2643 2913 ao·

1609 2945 1829 2992 cietatem
1856 2943 2065 2992 fideliter
2082 2944 2500 3013 administrarent,
2519 2961 2641 2993 con-

1609 3022 1824 3071 demnari
1849 3022 2076 3071 solerent.

1689 3118 1708 3149 ι
1723 3118 1743 3148 1
1754 3102 2046 3151 ,Arbitrium
2062 3101 2253 3150 delend.
2265 3110 2465 3150 censent
2477 3102 2644 3150 Graev.

1609 3182 1797 3231 Ernest.
1846 3180 2023 3231 Schiitz
2041 3216 2055 3241 ‚
2107 3182 2299 3229 frustra.
2359 3180 2636 3228 Arbitrium

1608 3260 1738 3309 enim
1752 3276 1846 3325 pro
1865 3260 2020 3317 socio,
2045 3258 2288 3320 judicium
2314 3259 2374 3307 de
2399 3259 2638 3307 societate

1607 3356 1733 3399 ease,
1759 3356 1928 3388 omnes
1951 3340 2257 3403 intelllgunt3
2294 3350 2344 3387 et
2377 3338 2494 3387 inde
2521 3338 2637 3387 sub·

1605 3418 1784 3468 auditis
1803 3436 1954 3484 praep.
1963 3436 2059 3484 per
2079 3430 2164 3467 aut
2186 3417 2450 3466 seeundum
2461 3454 2480 3478 ‚
2505 3418 2634 3467 nihil

1605 3498 1738 3546 aliud
1779 3500 1868 3547 erit
1905 3514 2050 3562 quam
2093 3514 2184 3561 per
2231 3497 2490 3545 arbitrium
2542 3514 2639 3563 pro

1603 3579 1742 3626 socio
1767 3577 2099 3634 condemnari,
2126 3587 2210 3624 aut
2235 3576 2514 3625 arbitralem
2533 3577 2640 3641 pati

1605 3657 2072 3705 condemnationem.
2139 3655 2288 3718 Quod
2354 3656 2632 3703 hellenismi

1603 3752 1755 3801 genus
1781 3752 1884 3784 non
1909 3752 2024 3784 sane
2045 3735 2222 3783 mirum
2243 3738 2298 3783 in
2321 3736 2508 3784 sorensi
2533 3736 2640 3785 for·

1602 3816 1759 3876 mula,
1785 3826 1835 3865 et
1869 3831 1896 3863 a
1930 3814 2118 3880 vulgan'
2151 3815 2390 3864 sermonis
2427 3831 2522 3864 usu
2549 3832 2626 3863 re·

1604 3906 1754 3945 mota.

1679 3991 1763 4025 n.
1789 3974 2038 4025 Postulat.
2066 3973 2320 4022 Postulat-e
2331 4009 2350 4033 ‚
2375 3985 2448 4022 est
2473 3984 2642 4037 petere

1603 4052 1852 4113 modeste3
1875 4052 2120 4122 flagitare
2154 4067 2303 4113 vero,
2341 4063 2510 4117 petere
2555 4053 2642 4101 in-

1605 4132 1810 4181 stantius
1835 4144 1886 4180 et
1905 4130 2256 4181 vehementius.
