2984 4684
438 372 581 471 276
1066 370 1165 439 Μ.
1215 370 1292 437 Τ.
1346 368 1904 439 CICERONIS

436 523 589 569 non
624 516 931 579 novum,
979 489 1107 563 sed
1152 488 1245 562 ab
1280 491 1401 578 iis,
1441 492 1572 587 qui
1617 514 1816 561 nunc
1853 480 2265 587 principes⁸
2309 500 2576 561 nostrae

434 613 739 684 civitatis
783 620 985 695 sunt,
1035 619 1204 677 ante
1241 602 1514 675 facturn
1537 659 1558 691 ‚
1597 618 1684 674 ut
1717 600 2026 675 testibus
2071 616 2238 673 utar
2275 604 2516 675 statim
2553 633 2572 674 τ

432 721 615 793 illud
655 744 695 790 a
735 727 907 789 me⁹
951 740 1223 787 novum
1243 769 1263 802 ‚
1318 714 1636 809 judices»,
1697 715 2187 810 cognoscem,
2236 712 2439 810 quod
2475 715 2576 785 ita

433 847 651 905 testes
682 830 1118 901 constituam
1140 882 1159 917 ‚
1206 841 1290 897 ut
1326 825 1604 896 crimen
1637 839 1874 895 totum
1901 823 2292 922 explicem3
2333 822 2460 895 uhi
2496 823 2573 894 id

434 938 951 1037 interrogando
968 988 989 1025 ‚
1033 939 1479 1035 argumentis
1525 950 1746 1033 atque
1786 936 2114 1005 oratione
2155 930 2574 1021 firmaver0‚

438 1069 595 1125 tum
645 1064 863 1122 testes
906 1047 999 1119 ad
1044 1049 1319 1119 crimen
1365 1044 1914 1117 accommodem
1959 1069 1977 1114 ε
2018 1059 2102 1115 ut
2149 1042 2330 1114 nihil
2382 1045 2575 1117 inter

434 1163 629 1233 illam
673 1163 1009 1231 usitatam
1044 1158 1611 1244 accusationem,
1653 1170 1874 1253 atque
1915 1154 2106 1227 hanc
2151 1179 2416 1227 novam
2463 1158 2574 1227 in-
2645 1196 2658 1203 -

434 1276 639 1345 tersit
660 1326 679 1359 ‚
704 1273 845 1342 nisi
877 1268 1079 1366 quod
1110 1270 1189 1339 in
1222 1267 1343 1337 illa
1364 1282 1540 1338 tunc
1560 1322 1581 1354 ‚
1605 1291 1840 1363 quum
1864 1266 2114 1337 omnia
2147 1265 2341 1338 dicta
2367 1282 2574 1353 sunt,

435 1398 653 1456 testes
690 1380 997 1466 dantur3
1044 1378 1161 1449 hic
1186 1379 1263 1447 in
1294 1376 1613 1473 singulas
1645 1399 1758 1446 res
1785 1372 2189 1461 dabuntur3
2231 1390 2316 1446 ut
2349 1376 2486 1447 illis
2511 1388 2574 1421 ¹⁰

435 1516 733 1593 quoque
778 1489 1033 1562 eadem
1078 1484 1578 1584 interrogandi
1621 1482 1923 1556 facultas
1946 1539 1967 1572 ‚
2019 1486 2572 1582 argumentandi

430 1602 867 1699 dicendique
902 1603 1013 1671 sit.
1050 1600 1125 1668 Si
1157 1597 1321 1695 quis
1360 1598 1523 1684 erit,
1549 1600 1678 1694 qui
1709 1610 2136 1694 perpetuam
2171 1598 2573 1669 orationem

434 1714 1120 1807 accusationemque
1168 1705 1529 1780 desideret
1547 1761 1566 1796 ‚
1612 1706 1835 1778 altera
1879 1706 2162 1778 actione
2182 1716 2240 1751 ¹¹
2294 1706 2572 1779 audiet:

434 1821 738 1897 nuncid
756 1833 839 1911 ¹²,
873 1818 1077 1918 quod
1108 1816 1411 1890 facimus
1447 1817 1582 1912 (ea
1613 1820 1894 1888 ratione
1936 1813 2271 1904 facimus,
2299 1832 2386 1889 ut
2419 1842 2576 1889 ma-

427 1936 597 2006 litiae
630 1934 919 2004 illorum
960 1930 1261 2001 consilio
1298 1942 1551 1999 nostro
1585 1926 2134 2022 occurramus),
2168 1930 2575 1999 necessario

432 2044 593 2126 fieri
634 2043 1002 2139 intelligat.
1032 2046 1199 2113 Haec
1238 2043 1491 2138 primae
1520 2040 1822 2110 actionis
1861 2039 1998 2107 erit
2037 2040 2414 2109 accusatio.
2453 2040 2578 2109 Di-

436 2162 691 2246 cimuS‚
722 2158 799 2227 C.
820 2156 1121 2226 Verrem
1140 2205 1159 2238 ,
1182 2175 1414 2250 quum
1450 2150 1682 2223 multa
1707 2146 2094 2221 libidinose
2115 2202 2136 2235 ‚
2165 2148 2393 2220 multa
2417 2174 2579 2222 cru-

1541 2462 1715 2511 Garat.
1743 2458 1988 2526 duplicem
2017 2460 2216 2509 testium
2241 2458 2576 2524 interrogatio·

1544 2555 1658 2587 nem
1679 2540 1857 2600 fnisse,
1883 2540 2082 2589 alteram
2098 2540 2316 2602 brevem,
2337 2551 2575 2604 quantum

504 2466 553 2513 8.
590 2461 856 2528 Principes.
896 2463 956 2512 L.
998 2471 1050 2511 et
1091 2462 1167 2512 M.
1208 2459 1456 2521 Licinioa,

428 2542 573 2591 ambo
598 2542 905 2606 consulares,
939 2542 1159 2590 nominat
1185 2542 1455 2599 Anconiua3

426 2622 539 2685 qni,
566 2638 717 2686 quum
738 2632 1024 2670 accusarent
1042 2624 1099 2670 L.
1112 2620 1307 2669 Cottam
1325 2636 1459 2669 anno

427 2702 532 2762 675
566 2717 669 2749 non
704 2702 780 2752 nai
806 2711 922 2749 aunt
948 2702 1169 2749 oratione
1196 2710 1458 2763 perpetuu

425 2780 514 2827 aed
535 2780 911 2845 interrogatione
928 2780 1125 2829 testium
1141 2794 1333 2825 canaam
1353 2793 1462 2843 per-

427 2870 647 2924 egerunt.

494 2954 546 3002 9.
572 2936 711 2987 Illud
725 2953 759 2984 a
778 2952 871 2986 me.
894 2938 1014 2987 Non
1029 2970 1046 2997 ,
1063 2934 1205 3000 quod
1227 2934 1300 2983 im
1320 2936 1459 3001 prin-

424 3018 561 3082 cipea
597 3016 817 3065 fecemnt
836 3052 853 3079 ,
886 3025 1032 3063 testea
1072 3008 1338 3079 appellabit
1376 3012 1459 3064 Ci-

424 3108 559 3155 cero,
568 3096 851 3159 priusquam
872 3094 1057 3142 crimen
1071 3100 1231 3141 totum
1244 3093 1459 3141 breviter

426 3174 741 3239 explicuerit3
769 3173 855 3221 aed
881 3182 1030 3221 testea
1056 3172 1125 3219 ita
1155 3167 1423 3221 constituet
1438 3207 1457 3235 ‚

425 3266 483 3302 ut
519 3247 902 3317 interrogatione
940 3266 1057 3310 ana,
1090 3250 1126 3297 i.
1156 3263 1201 3299 e.
1232 3250 1460 3315 proposi-

426 3335 563 3381 tione
586 3332 816 3397 primnm,
832 3332 1017 3380 crimen
1040 3341 1199 3379 totum
1225 3348 1315 3397 per
1339 3348 1457 3395 par-

426 3425 499 3462 tes
523 3411 733 3477 explicet
762 3410 860 3458 hoc
882 3422 1055 3475 pacto,
1079 3428 1125 3459 e.
1152 3427 1198 3475 g.
1234 3432 1260 3452 ι
1275 3412 1455 3459 Verre·

422 3492 510 3539 illo
532 3491 612 3539 die
625 3525 640 3550 ,
670 3507 732 3538 ex
754 3490 842 3538 illo
868 3488 1053 3553 templo
1071 3523 1087 3548 ,
1108 3490 1237 3538 illud
1262 3488 1454 3553 signnm

426 3571 623 3621 sustulit
640 3592 662 3613 ιι
684 3587 700 3629 ;
728 3580 875 3635 atque
894 3570 983 3619 ubi
1004 3569 1059 3618 id
1083 3572 1378 3635 argumentis
1404 3578 1457 3619 et

428 3650 649 3721 oratione
674 3648 937 3698 finuaverit
950 3682 966 3707 ,
993 3658 1097 3698 tum
1118 3660 1263 3699 testea
1273 3650 1457 3699 excitet

428 3731 515 3794 qul
556 3729 621 3777 ad
666 3728 792 3777 illud
841 3730 1024 3777 crimen
1065 3732 1365 3795 pertineant,
1406 3742 1456 3778 et

426 3808 693 3857 Hortensio
713 3806 957 3855 defensori
974 3808 1347 3873 interrogandos
1362 3814 1457 3857 tra-

1545 2618 1844 2683 argumensis
1869 2617 2134 2677 sufficeret,
2173 2618 2374 2667 alteram
2399 2619 2575 2667 solem-

1547 2714 1662 2749 nem
1695 2714 1752 2746 ac
1779 2698 2124 2757 neceaaariam,
2151 2713 2330 2761 quum,
2355 2714 2576 2762 unoquo-

1549 2794 1647 2843 qne
1670 2778 1929 2843 proposito
1957 2776 2186 2835 crimine,
2223 2787 2368 2825 teatea
2382 2810 2398 2835 ,
2434 2776 2578 2825 tabu-

1547 2856 1620 2905 laa
1633 2893 1648 2917 ,
1673 2856 1986 2906 auctoritates
2000 2856 2143 2905 edere
2159 2855 2356 2904 volebat
2362 2856 2574 2907 Tullius.

1547 2940 1769 3002 Apparet
1812 2946 1975 2984 autem
2029 2952 2086 2983 ea
2131 2938 2318 2985 ratione
2361 2936 2576 2985 Licinio·

1547 3018 1717 3080 egisse,
1733 3027 1792 3065 ut
1814 3022 1960 3065 testea
1978 3032 2148 3064 omnes
2171 3028 2284 3064 ante
2301 3016 2576 3064 orationem

1545 3096 1919 3160 interroga-inu
1949 3096 2124 3144 Cicero
2145 3108 2310 3145 autem
2335 3096 2389 3143 in
2415 3096 2576 3159 singn-

1547 3170 1620 3223 laa
1643 3192 1720 3223 rea
1745 3176 1812 3222 ita
1839 3190 1925 3222 eoa
1942 3173 2118 3233 dabat,
2161 3186 2220 3223 nt
2249 3175 2481 3238 cujusque
2503 3174 2578 3223 rei

1546 3252 1960 3303 narratiunculam
1981 3254 2059 3301 aui
2071 3264 2218 3301 testea
2239 3264 2572 3318 sequerentur.

1626 3348 1704 3383 10.
1725 3332 1852 3381 luis.
1873 3328 2018 3380 'Verri
2045 3344 2096 3381 et
2125 3334 2413 3384 Hortensio.

1622 3429 1644 3460 1
1661 3429 1681 3460 t
1694 3448 1706 3461 .
1731 3411 1908 3461 Altera
1933 3410 2146 3461 actione.
2173 3414 2335 3477 Quam
2359 3414 2444 3462 lex
2469 3415 2576 3463 Ser-

1543 3489 1660 3543 vilia
1687 3492 1854 3541 dabat.

1622 3588 1700 3622 12.
1735 3572 1886 3620 Nune
1921 3569 1992 3618 id.
2029 3572 2392 3635 inconsequens
2419 3574 2578 3621 Amo-

1542 3652 1630 3699 nio
1653 3652 1848 3700 videtur
1874 3650 2094 3709 locutio,
2117 3661 2170 3699 et
2191 3650 2430 3711 obscura,
2451 3652 2579 3701 mul-

1543 3732 1682 3794 tique
1719 3729 2009 3779 mendoaum
2046 3731 2212 3779 locum
2239 3732 2577 3795 auspicantnr3

1544 3811 1686 3869 cniua
1705 3819 1865 3859 tamen
1885 3810 2042 3858 facilia
2065 3810 2376 3875 explanatio:
2397 3810 2580 3860 intelli-

426 3888 535 3944 dat3
582 3897 640 3934 nt
683 3898 795 3950 poet
843 3885 1304 3952 interrogationem,
1345 3890 1453 3952 ipae
1539 3898 1622 3951 gat
1647 3887 1761 3947 ille,
1783 3904 1978 3952 quaeso,
2003 3890 2304 3938 necessitatis
2325 3889 2374 3936 vi
2397 3888 2504 3939 fieri
2520 3891 2575 3939 id

422 3982 624 4031 quoque
660 3965 1029 4029 argumentandi
1060 3982 1117 4014 ac
1148 3966 1343 4015 dicendi
1378 3968 1447 4015 sa-

422 4046 653 4094 cultatem
684 4045 874 4093 habeat.
914 4046 1024 4093 Hoc
1062 4046 1187 4093 infra
1223 4046 1449 4110 apertius.

1543 3968 1681 4031 quod
1703 3968 1906 4017 facimus
1924 3968 2052 4035 (scil.
2071 3984 2259 4017 novum
2279 3969 2406 4018 illud
2429 3986 2577 4019 aecn-

1541 4047 1681 4094 aandi
1711 4046 1912 4111 genna);
1945 4064 2122 4114 nempe
2152 4048 2268 4097 ideo
2291 4049 2492 4099 facimus
2517 4062 2575 4099 nt

424 4128 540 4188 Quo
564 4126 721 4185 major
745 4124 861 4173 hnic
889 4124 1005 4173 loco
1032 4124 1116 4173 lux
1140 4122 1255 4187 flat,
1292 4124 1450 4174 credit
1539 4124 1734 4175 maliti-‘e
1759 4126 1985 4191 illorum,
2015 4137 2107 4176 etc.
2137 4128 2274 4177 Nihil
2311 4128 2460 4177 habet
2497 4145 2571 4179 re·
