2984 4684
1089 298 1618 405 Ex'cURsth
1680 340 1735 407 1.
2344 372 2471 447 ¹77

353 490 608 557 operam
651 467 720 529 in
762 486 954 531 scena
995 466 1304 529 Romanis
1337 467 1609 531 Roscius
1648 470 2011 539 exhibebat.
2050 476 2333 542 ‘Decem
2374 482 2475 548 his

351 576 528 641 annis
559 574 902 663 proximis,
937 573 1153 661 inquit
1179 573 1408 639 Cicero
1441 598 1563 663 pro
1588 576 1826 641 Roscio
1856 580 2187 666 cotnoedo,
2234 608 2371 675 cap.
2396 588 2435 653 8
2454 638 2474 673 ,

354 683 485 747 H-S
525 681 808 771 sexagies
846 679 1300 743 honestissime
1333 682 1649 768 consequi
1684 685 1917 769 potuit.
1954 686 2268 755 Laborem
2302 718 2479 781 quae-

351 804 482 853 stus
513 788 790 875 recepit3
814 803 1134 875 quaestum
1152 785 1390 849 laboris
1409 785 1647 866 rejecit.
1678 788 1933 878 Populo
1966 815 2239 862 romano
2266 800 2482 869 adhuc

352 894 584 957 servire
607 915 742 955 non
779 889 1056 955 destitit:
1094 889 1217 953 sibi
1247 891 1486 954 servire
1509 891 1899 979 jampridem
1936 895 2183 964 destitit
2209 933 2253 966 n.
2303 907 2479 971 Con-

351 999 542 1063 sentit
563 996 766 1061 ferme
797 1020 950 1061 cum
981 996 1298 1061 Cicerone
1331 996 1604 1079 Plinius,
1631 997 1899 1081 lib.v11,
1946 1025 2007 1090 p.
2047 1003 2175 1090 396
2202 1008 2357 1077 edit.
2390 1015 2477 1079 H.

349 1106 454 1171 Ait
489 1105 662 1191 enim
695 1134 722 1160 «ι
742 1103 1100 1192 quingenta
1141 1103 1466 1184 sestertia,
1518 1104 1835 1171 mercedis
1877 1110 2177 1195 nomine,
2208 1115 2483 1206 singulis

351 1212 534 1277 annis
579 1234 618 1275 e
661 1210 924 1299 publico
958 1210 1270 1275 Roscium
1318 1212 1641 1299 accepisse
1665 1243 1711 1277 ι.
1759 1213 1925 1297 Quoe
1972 1240 2229 1285 summa
2270 1223 2483 1291 decies

353 1316 766 1406 multiplicata
817 1314 1034 1380 reddit
1083 1315 1432 1404 quinquies
1487 1318 1663 1380 mille
1712 1322 2037 1405 sestertia3
2100 1347 2251 1409 seu,
2300 1330 2483 1416 quod

350 1420 518 1486 idem
553 1438 684 1503 est,
717 1421 1144 1510 quinquagies
1173 1437 1446 1485 centena
1475 1421 1673 1486 millia
1692 1426 2080 1492 sestertium.
2106 1430 2233 1494 Sed
2256 1435 2483 1501 Cicero

351 1550 670 1593 summam
702 1526 1008 1616 producit
1042 1526 1124 1590 ad
1163 1528 1466 1615 sexagies.
1494 1528 1713 1610 Quare
1750 1546 1827 1594 ut
1862 1532 2072 1598 Plinio
2110 1558 2261 1601 cum
2296 1542 2479 1607 Cice-

351 1657 508 1699 rone
550 1631 921 1715 conveniat,
967 1632 1428 1722 corrigendum
1468 1634 1661 1697 Plinii
1691 1635 1905 1701 locum
1947 1658 2168 1705 censet
2208 1643 2484 1711 clarissi-

351 1762 494 1805 mus
535 1738 911 1804 Harduinus
963 1754 1028 1803 et
1060 1761 1184 1827 pro
1229 1754 1305 1819 τῷ
1341 1742 1688 1829 quingenta
1739 1745 2197 1831 reponendum
2248 1774 2387 1819 esse
2421 1764 2481 1815 τὸ

347 1862 660 1909 sexcenta.
707 1846 1011 1909 Ceterum
1049 1860 1348 1907 sexcenta
1380 1844 1486 1907 illa
1526 1844 1812 1909 sestertia
1835 1896 1852 1929 ,
1891 1871 2037 1937 quoe
2072 1874 2291 1919 annua
2316 1880 2481 1945 pen-

349 1954 575 2019 sitabat
605 1954 840 2017 Roscio
876 1952 1164 2041 respubl.
1191 1974 1436 2016 merces
1465 1952 1616 2017 licet
1661 1970 1727 2018 et
1772 1955 1911 2043 ipsa
1948 1958 2209 2049 ingens,
2243 1966 2483 2030 tolera-

349 2059 539 2125 bilior
581 2081 738 2123 sane
766 2057 1096 2122 videbitur
1129 2057 1234 2121 illa
1259 2106 1278 2139 ,
1312 2082 1509 2146 quam
1539 2082 1618 2123 ex
1648 2060 1985 2128 Macrobio
2010 2068 2385 2135 retulimus:
2417 2090 2485 2137 et

347 2188 476 2253 prae
511 2187 592 2231 eo
628 2186 782 2229 cum
813 2165 1123 2228 Cicerone
1152 2163 1399 2228 Plinius
1435 2166 1639 2255 magis
1664 2183 1764 2231 est
1803 2168 2189 2237 audiendus.
2213 2174 2483 2265 Scripsit

345 2272 757 2337 doctissimus
794 2270 990 2335 abbas
1040 2271 1462 2359 Fraguerius‚
1507 2272 1618 2359 qui
1667 2272 1883 2337 Roscii
1927 2276 2125 2341 vitam
2172 2279 2241 2343 in
2279 2284 2477 2351 Acad.

346 2378 616 2467 Inscrip.
665 2392 1020 2441 comment.
1069 2378 1197 2442 vol.
1245 2374 1360 2460 IV,
1427 2376 1647 2465 gallice
1693 2376 2064 2469 descripsit,
2111 2384 2255 2449 illos
2305 2390 2481 2457 mille

345 2482 676 2565 denarios,
717 2482 967 2547 diurnae
993 2480 1308 2546 mercedis
1341 2482 1612 2547 nomine
1647 2484 1883 2548 Roscio
1912 2488 2288 2572 attributos,
2318 2517 2480 2558 con-

345 2586 534 2655 ficere
566 2589 720 2655 totis
759 2586 982 2651 decem
1018 2586 1203 2651 annis
1249 2602 1513 2651 centum
1561 2587 2032 2679 quinquaginta
2075 2611 2477 2679 scutatorum

345 2715 722 2762 nostrorum
754 2694 971 2758 millia.
1021 2692 1148 2758 Sed
1185 2716 1312 2781 qua
1349 2693 1601 2761 ratione
1638 2694 1844 2758 fretus
1880 2682 2351 2767 eruditissimus
2376 2707 2477 2771 vir

346 2802 414 2867 id
459 2801 843 2891 protulerit,
904 2822 1038 2864 non
1093 2799 1286 2865 video
1311 2782 1342 2863 τ’
1385 2814 1641 2862 constat
1698 2800 1871 2863 enim
1930 2802 2101 2867 hanc
2154 2828 2475 2877 summam

345 2905 844 2996 protrahendam
878 2906 1074 2969 fuisse
1109 2906 1311 2968 ferme
1348 2904 1430 2967 ad
1471 2904 1823 2985 3‚001‚2oo
1850 2906 1927 2970 fr.

431 3015 632 3078 Larva
653 3059 672 3095 ‚
707 3035 826 3076 seu
855 3034 1132 3099 persona
1161 3010 1427 3097 tragica,
1469 3010 1551 3092 Q.
1572 3011 1885 3094 Roscius,
1932 3028 2095 3078 teste
2116 3016 2471 3107 Diomede,

343 3116 592 3207 primus
627 3120 728 3182 uti
762 3117 984 3207 coepit,
1031 3115 1114 3181 ad
1159 3114 1605 3204 obtegendum
1653 3117 1783 3180 oris
1814 3118 2080 3202 vitium3
2126 3140 2263 3188 erat
2299 3130 2473 3195 enim

343 3226 618 3290 Roscius
650 3222 1144 3315 perversissimis
1178 3221 1401 3286 oculis.
1437 3223 1535 3285 De
1567 3222 1715 3287 Nat.
1750 3226 1943 3288 Deor.
1968 3226 2035 3305 Ι,
2072 3228 2175 3292 28.

432 3332 705 3397 Roscius
757 3348 1058 3393 mortuus
1105 3344 1202 3393 est
1245 3350 1474 3392 senex:
1524 3351 1677 3392 eum
1726 3332 1892 3395 luxit
1937 3332 2155 3397 civitas
2203 3340 2415 3405 omnis
2453 3366 2473 3408 :

341 3462 490 3528 quae
539 3436 674 3501 duo
725 3436 1005 3500 declarat
1051 3435 1276 3497 Cicero
1299 3452 1441 3521 ‘pro
1485 3434 1722 3497 Archia
1770 3452 1959 3523 poeta
1980 3486 1999 3520 ‚
2047 3461 2185 3528 cap.
2232 3439 2307 3525 8,
2370 3446 2472 3512 his

339 3544 588 3609 verbis:
636 3542 844 3625 «Quis
891 3557 1188 3605 nostrum
1237 3556 1366 3603 tam
1411 3539 1632 3602 animo
1676 3543 1944 3629 agresti,
1985 3568 2061 3608 ac
2097 3545 2265 3612 duro
2298 3552 2464 3638 fuit,

339 3666 419 3713 ut
450 3650 666 3713 Roscii
688 3665 900 3713 morte
926 3669 1136 3734 nuper
1161 3668 1296 3709 non
1317 3647 1881 3710 commoveretur?
1910 3651 2024 3736 qui
2059 3674 2265 3738 quum
2301 3680 2472 3727 esset

335 3778 538 3820 senex
575 3772 905 3836 mortuus,
957 3738 1168 3817 tamen
1217 3767 1488 3839 propter
1524 3752 1936 3818 excellentem
1974 3772 2212 3840 artem,
2249 3785 2323 3826 ac
2356 3788 2469 3833 ve-

337 3878 698 3943 nustatem,
715 3858 1055 3925 videbatur
1078 3859 1351 3923 omnino
1381 3857 1549 3921 mori
1578 3879 1709 3920 non
1747 3856 2045 3923 debuisse
2064 3892 2112 3927 n.

432 3970 515 4049 Q.
534 3968 754 4032 Roscii
781 3984 1152 4055 temporum
1180 3965 1438 4052 aequalis
1473 3964 1599 4027 fuit
1619 3962 1905 4053 lEsopus
1922 4015 1939 4048 ,
1970 3968 2418 4057 tragoediarum
2443 4032 2463 4059 ,

333 4090 414 4137 ut
457 4075 560 4137 ille
597 4072 1094 4151 comoediarum,
1139 4088 1315 4137 actor
1357 4069 1851 4157 celeberrimus3
1891 4072 1970 4138 de
2006 4098 2139 4162 quo
2173 4078 2266 4142 sic
2298 4082 2461 4149 Tul·

577 4182 633 4249 Ῑ.
687 4196 904 4256 Cic.pars
921 4192 1134 4241 secunda.
2134 4207 2213 4252 12
