2984 4684
514 352 652 426 522
1254 309 1864 426 'Excnnsns

596 476 1045 559 Quoestorium
1077 474 1416 542 dicebatur
1442 477 1934 542 tabernaculum
1963 497 2082 540 seu
2110 474 2350 540 domus
2377 493 2664 564 quaesto-

505 582 631 662 ris,
660 596 737 644 ut
768 580 1177 669 proetorium,
1207 579 1445 646 domus
1482 581 1796 670 praetoris.

592 686 919 774 Expositis
954 686 1031 750 iis
1063 709 1210 774 quoe
1234 687 1319 752 ad
1354 687 1693 777 praesides,
1727 703 1796 752 et
1819 709 2050 752 eorum
2093 685 2423 750 ministros
2457 688 2660 773 perti-

505 808 700 873 nent,
725 807 922 856 restat
950 808 1027 855 ut
1056 815 1284 857 eorum
1311 794 1381 857 in
1415 794 1820 881 provinciam
1853 791 2328 882 profectionem
2345 840 2364 872 ,
2391 807 2458 856 et
2485 813 2658 880 quo·

502 921 654 962 nam
684 896 885 962 modo
920 898 1011 962 ibi
1044 920 1113 963 se
1146 900 1465 987 gesserint
1497 921 1920 988 exponamus.

588 1005 667 1068 ln
698 1005 1096 1092 provinciam
1126 1007 1481 1109 profecturi
1515 1007 1924 1094 magistratus
1953 1004 2024 1068 in
2051 1005 2448 1093 Capitolium
2477 1006 2660 1092 prius

500 1108 973 1193 ascendebant,
994 1111 1109 1176 ubi
1138 1113 1431 1178 solennia
1457 1137 1580 1201 pro
1613 1111 1948 1200 republica
1977 1127 2128 1175 vota
2158 1109 2661 1198 nuncupabant3

500 1233 698 1305 atque
735 1216 889 1281 inde
920 1216 1417 1306 paludamento,
1457 1219 1798 1284 lictoribus
1817 1265 1838 1298 ,
1875 1217 2376 1305 insignibusque
2407 1217 2658 1305 imperii

502 1325 733 1388 ceteris
766 1327 1149 1414 assumptis,
1201 1343 1377 1392 recta
1408 1325 1491 1390 ad
1529 1343 1790 1416 portam
1819 1325 2014 1390 Urbis
2047 1325 2277 1404 ibant3
2329 1339 2398 1387 et
2439 1323 2662 1386 amicis

503 1452 647 1512 eos,
682 1428 879 1495 officii
910 1453 1101 1496 causa
1120 1479 1138 1514 ‚
1186 1431 1522 1520 aliquanto
1554 1432 1674 1496 viae
1705 1431 1916 1520 spatio
1950 1428 2500 1518 prosequentibus
2525 1475 2544 1509 ‚
2583 1452 2660 1492 ac

501 1534 672 1599 bene
706 1537 1187 1618 ominantibus,
1225 1537 1348 1601 iter
1376 1536 1911 1628 ingrediebantur
1940 1559 1957 1600 z
1987 1551 2102 1598 aut
2133 1535 2186 1600 si
2215 1535 2379 1623 quid
2411 1534 2658 1624 negotii

514 1641 587 1706 in
619 1641 797 1706 Urbe
827 1642 1175 1726 haberent,
1214 1643 1297 1708 ad
1326 1644 1574 1708 Urbem
1619 1665 1737 1732 per
1769 1641 2020 1729 aliquot
2053 1638 2190 1704 dies
2209 1687 2228 1721 ,
2259 1656 2374 1704 aut
2407 1662 2661 1702 menses

508 1749 863 1816 manebant
881 1799 899 1832 ‚
921 1749 1101 1838 quod
1121 1750 1188 1812 in
1218 1773 1295 1815 ea
1320 1773 1471 1814 cum
1505 1748 1780 1838 imperio
1801 1771 1942 1814 esse
1969 1769 2106 1812 non
2138 1764 2427 1838 possent.
2451 1748 2664 1811 Caesar

508 1853 594 1919 de
618 1855 688 1921 B.
718 1856 851 1920 Civ.
874 1855 986 1920 lib.
1017 1857 1086 1938 Ι,
1118 1879 1174 1920 c.
1204 1857 1270 1922 6.
1305 1857 1537 1921 Festus
1568 1877 1714 1920 voc.
1741 1855 2022 1922 Proetor.

594 1959 800 2026 Moris
842 1963 969 2026 fuit
1015 1980 1093 2026 ut
1140 1961 1550 2030 decessorem
1585 1985 1782 2028 suum
1817 1983 2052 2050 proeses
2089 1961 2172 2026 de
2203 1959 2492 2026 adventu
2531 1981 2662 2024 suo

509 2065 577 2130 in
613 2068 1015 2155 provinciam
1060 2068 1404 2134 certiorem
1448 2071 1732 2151 faceret3
1787 2069 2030 2135 scilicet
2069 2085 2147 2134 ut
2183 2091 2336 2134 cum
2375 2091 2456 2131 eo
2503 2089 2666 2132 con·

509 2171 809 2263 grediens
838 2173 921 2238 de
950 2175 1131 2239 statu*
1154 2192 1377 2263 posset
1407 2177 1758 2267 provinciae
1785 2197 2200 2264 cognoscere.
2238 2175 2372 2239 Cic.
2403 2173 2486 2238 ad
2515 2175 2662 2238 Div.

512 2279 642 2359 111,
673 2279 858 2366 epist.
886 2279 950 2344 6.
982 2279 1243 2367 Ulpian.
1265 2281 1411 2370 Dig.
1436 2280 1549 2345 lib.
1575 2281 1641 2364 Ι,
1677 2281 1774 2345 tit.
1800 2281 1880 2345 16
1893 2330 1912 2362 ,
1936 2282 1976 2346 l.
2007 2284 2084 2362 4,
2117 2283 2152 2360 §
2181 2283 2240 2357 4.

598 2385 899 2450 Praetoris
942 2387 1013 2450 in
1054 2388 1457 2476 provinciam
1501 2387 1819 2453 adventus
1865 2387 2116 2477 magnis
2167 2385 2662 2475 provincialium

509 2491 772 2573 studiis,
822 2491 1161 2576 laudibus,
1222 2495 1461 2559 feriatis
1514 2494 1780 2574 diebus,
1833 2493 2104 2582 aliisque
2150 2493 2397 2582 publici
2441 2492 2662 2584 gaudii

508 2598 1090 2688 significationibus
1116 2600 1584 2666 celebrabatur.
1608 2601 1686 2664 Ei
1709 2601 2037 2665 loetissimo
2065 2599 2326 2689 agmine
2348 2599 2663 2688 procede·-

510 2705 704 2770 batur
732 2706 1029 2791 obviam3
1058 2707 1249 2772 flores
1284 2709 1794 2798 spargebantur-3
1831 2706 2355 2772 incendebantur
2389 2705 2662 2786 odores3

510 2813 729 2877 aulaeis
787 2815 1061 2902 parietes
1110 2814 1658 2904 contegebantur3
1695 2814 1903 2903 epulae
1921 2861 1940 2896 ,
1985 2812 2170 2894 ludi,
2215 2829 2282 2878 et
2332 2827 2544 2876 cetera
2589 2810 2662 2875 id

512 2939 755 3006 genus,
818 2921 1297 3008 apparabantur
1323 2945 1339 3003 3
1390 2921 1620 2985 hostiae
1676 2919 2074 3008 quandoque
2122 2917 2654 2984 immolabantur.

510 3023 765 3090 Sallust.
796 3027 960 3091 Hist.
994 3027 1085 3109 11,
1114 3051 1177 3115 7.
1213 3027 1351 3093 val.
1382 3027 1554 3092 Max.
1585 3027 1716 3109 lx,
1758 3051 1816 3109 1,
1857 3025 1916 3092 5.
1955 3026 2134 3092 Nihil
2161 3025 2450 3114 denique
2477 3023 2658 3112 quod

510 3129 595 3194 ad
616 3148 921 3196 ornatum
950 3149 1285 3221 portarum
1304 3183 1321 3216 ‚
1345 3135 1686 3220 itinerum,
1708 3135 2136 3221 locorumque
2167 3133 2618 3196 communium
2635 3179 2660 3212 ,

509 3261 639 3327 qua
674 3255 908 3326 praetor
932 3239 1145 3305 iturus
1168 3256 1338 3322 erat,
1376 3259 1489 3306 aut
1511 3245 1728 3331 potius
1755 3240 1838 3304 ad
1859 3239 2396 3328 proiectissimam
2434 3237 2658 3303 adula-

514 3345 793 3428 tionem,
832 3347 1057 3411 saltem
1094 3349 1397 3412 extremis
1432 3349 1804 3438 reipublicae
1835 3346 2242 3434 temporibus
2261 3397 2278 3428 ,
2317 3342 2660 3434 excogitari

512 3469 803 3541 poterat,
838 3453 1347 3541 relinquebatur.
1374 3455 1625 3519 Hirtius
1652 3453 1734 3520 de
1771 3453 1927 3518 Bell.
1963 3451 2126 3518 Gall.
2151 3475 2208 3517 c.
2238 3449 2344 3516 51.
2373 3451 2478 3515 Sic
2503 3473 2658 3539 pro·

518 3542 729 3622 vincia
762 3559 1041 3623 inaniter
1072 3576 1137 3625 et
1164 3561 1373 3626 effuse
1399 3559 1479 3625 de
1513 3560 1774 3625 illorum
1793 3559 2080 3623 adventu
2110 3557 2486 3642 exsultabat,
2499 3579 2662 3644 quo·-

518 3687 669 3729 rum
704 3687 873 3754 saepe
910 3667 1311 3754 tyrannicam
1346 3666 1862 3731 dominationem
1911 3687 2066 3728 mox
2100 3679 2238 3728 erat
2283 3678 2657 3752 expertura,

518 3795 593 3834 ac
615 3771 840 3834 Romae
873 3773 1263 3861 plerumque
1293 3773 1536 3866 frustra
1573 3787 2028 3860 conquestura.

606 3878 761 3961 Quo
794 3882 901 3948 die
930 3900 1169 3971 praetor
1198 3884 1265 3946 in
1294 3882 1694 3971 provinciam
1727 3879 2106 3961 accedebat,
2127 3877 2358 3944 eodem
2393 3877 2655 3966 provin-

518 3987 697 4052 cialis
744 3990 1072 4070 muneris,
1114 3991 1502 4078 imperiique
1543 3989 1805 4054 initium
1839 3987 2148 4077 capiebat.
2197 3989 2329 4052 Lex
2365 3984 2658 4050 Cornelia

518 4093 709 4160 Sullae
754 4095 1082 4162 dictatoris
1134 4097 1535 4164 concedebat
1581 4099 1674 4180 ei,
1725 4097 1832 4162 cui
1879 4094 2372 4176 succedebatur,
2419 4108 2494 4159 ut
2543 4113 2658 4179 per
