2984 4684
467 356 608 429 218
1091 358 1187 425 M.
1239 358 1316 425 T.
1369 355 1935 427 CICERONIS

462 502 664 553 cesse
695 478 1122 550 alterutrum
1154 504 1173 547 ε
1211 475 1339 549 sed
1373 502 1512 575 ego
1538 492 1781 551 tecum
1806 477 1889 546 in
1914 498 2005 547 eo
2026 500 2181 547 non
2210 476 2593 573 pugnabo,

459 614 618 687 quo
647 591 926 677 minus,
961 602 1211 657 utrum
1243 586 1458 674 velis,
1491 587 1733 685 eligas.
1765 586 1996 679 Quid,
2034 588 2097 657 si
2120 582 2149 628 ⁵
2186 610 2279 657 ne
2316 588 2592 681 injuriae

459 698 756 797 quidem
777 752 799 785 ,
821 722 986 795 quae
999 696 1134 767 tibi
1161 694 1252 768 ab
1267 696 1396 767 illo
1421 696 1607 769 facta
1628 698 1750 787 sit,
1776 721 1991 769 musa
2008 698 2383 769 remanet?
2406 698 2589 794 quid

456 808 720 897 habes,
763 806 968 905 quod
1013 809 1242 905 possis
1291 806 1571 897 dicere,
1619 807 2100 905 quamobrem
2156 833 2307 879 non
2364 808 2587 880 modo

459 919 676 1007 mihi,
703 918 830 990 sed
859 919 1202 1015 cuiquam
1231 919 1721 1017 anteponarei‘
1748 920 1885 990 nisi
1920 915 2109 991 forte
2144 916 2361 1005 illud,
2386 916 2589 1014 quod

459 1030 826 1101 dicturum
867 1044 936 1100 te
971 1053 1126 1100 esse
1159 1026 1410 1119 audio,
1437 1044 1871 1127 quaestorem
1908 1030 2097 1101 illius
2134 1027 2373 1102 fuisse.
2410 1033 2592 1122 Quae

455 1162 668 1213 causa
709 1142 943 1237 gravis
985 1153 1206 1227 esset,
1247 1141 1307 1210 si
1343 1155 1655 1212 certares
1688 1164 1973 1211 mecum
1994 1194 2017 1226 ‚
2054 1154 2221 1211 uter
2258 1153 2588 1211 nostrum

453 1252 558 1322 illi
593 1252 890 1322 amicior
917 1274 1072 1322 esse
1104 1250 1404 1323 deberet
1434 1279 1451 1321 :
1487 1253 1565 1321 in
1598 1252 2067 1323 contentione
2102 1248 2589 1349 suscipienda-

455 1382 621 1431 rum
651 1361 1225 1449 inimicitiarum,
1249 1361 1640 1433 ridiculum
1670 1376 1782 1433 oet
1815 1376 2103 1459 putare,
2130 1384 2417 1432 calisam
2456 1385 2589 1431 ne·-

453 1469 909 1542 cessitudinis
947 1469 1042 1542 ad
1081 1471 1545 1545 inferendum
1600 1472 2001 1570 periculum
2040 1473 2311 1568 justam
2360 1470 2589 1541 videri

453 1595 819 1677 oportere.
861 1582 1142 1652 Etenim
1167 1636 1186 1669 ,
1230 1585 1294 1653 si
1335 1575 1685 1680 plurimas
1716 1606 1758 1652 a
1788 1595 1921 1652 tuo
1962 1595 2267 1678 praetore
2300 1580 2593 1675 injurias

455 1693 848 1789 accepisses
867 1718 887 1780 ς
907 1706 1152 1763 tamen
1171 1716 1293 1763 eas
1309 1690 1643 1781 ferendo,
1664 1692 2007 1788 majorem
2026 1690 2315 1761 laudem
2330 1744 2349 1777 ,
2366 1714 2590 1789 quam

455 1793 896 1890 ulciscendo,
923 1826 1320 1873 mererere:
1351 1826 1584 1899 quum
1612 1825 1785 1873 vero
1815 1800 2101 1871 nullum
2127 1799 2317 1870 iuius
2346 1800 2421 1869 in
2446 1800 2591 1870 vita

453 1912 722 1983 rectius
745 1909 1016 1984 factum
1041 1915 1157 2001 sit,
1177 1934 1395 2009 quam
1418 1910 1518 1998 id,
1548 1910 1749 2009 qnod
1774 1924 1856 1982 tu
1878 1912 2211 2007 injuriam
2236 1909 2589 2007 appellas3

454 2019 532 2090 hi
567 2035 922 2111 statuent,
965 2022 1154 2093 hanc
1203 2044 1532 2111 causam,
1572 2044 1794 2119 quam
1832 2044 1927 2093 ne
1970 2022 2049 2091 in
2098 2020 2243 2091 alio
2290 2018 2590 2116 quidem

457 2129 890 2227 probarent,
919 2132 995 2203 iu
1033 2146 1104 2203 te
1123 2131 1389 2227 justam
1419 2130 1510 2203 ad
1542 2129 2147 2203 necessitudinem
2184 2130 2589 2201 violandam

455 2240 724 2312 videri?
749 2244 910 2339 qui,
939 2244 1002 2313 si
1033 2264 1392 2313 summam
1427 2242 1770 2338 injuriam
1800 2242 1893 2313 ab
1914 2242 2043 2315 illo
2075 2241 2413 2339 accepisti
2432 2294 2452 2327 ,
2482 2255 2590 2311 ta-

455 2374 626 2423 men
649 2406 668 2441 ,
716 2355 1070 2449 quoniam
1112 2367 1426 2450 quaestor
1478 2353 1635 2449 ejus
1677 2350 1875 2425 fuisti
1897 2408 1916 2441 ,
1972 2378 2123 2424 non
2161 2366 2372 2450 potes
2420 2376 2588 2421 eum

456 2464 612 2534 sine
631 2460 776 2533 ulia
795 2465 1328 2561 vituperatione
1349 2486 1684 2535 accusare
1704 2488 1727 2551 3
1746 2464 1807 2535 si
1830 2488 2005 2534 vero
2027 2460 2227 2533 nulla
2246 2458 2381 2531 tibi
2404 2457 2591 2531 facta

455 2586 565 2643 est
589 2571 876 2666 injuria,
904 2576 1059 2645 sine
1078 2573 1348 2645 scelere
1373 2598 1539 2644 eum
1562 2596 1893 2645 accusare
1922 2598 2075 2644 non
2096 2587 2325 2671 putea.
2346 2573 2593 2662 Quare

453 2706 686 2779 quum
717 2686 1072 2754 incertum
1105 2684 1196 2755 sit
1221 2682 1312 2753 de
1337 2682 1634 2777 injuria,
1658 2706 2104 2781 quemquam
2134 2706 2289 2752 esse
2324 2678 2589 2751 horum

456 2809 706 2890 putas,
749 2795 880 2889 qui
927 2820 1077 2865 non
1127 2793 1358 2881 malit,
1412 2808 1485 2864 te
1523 2794 1677 2863 sine
1719 2788 2318 2891 vituperatione⁶‚
2369 2812 2590 2887 quam

401 2960 414 2969 .
459 2926 624 2973 curn
669 2903 936 2974 scelere
973 2902 1384 2974 discedere?

551 3016 735 3082 XIX.
767 3019 866 3084 Ac
893 3012 1057 3084 vide
1081 3024 1135 3102 ¹,
1160 3010 1338 3109 quid
1367 3008 1658 3081 differat
1686 3013 1877 3081 inter
1900 3036 2137 3082 meam
2167 3008 2589 3108 opinionem

455 3146 538 3195 ac
569 3136 793 3193 tuam.
838 3126 985 3210 Tu,
1013 3148 1243 3218 quum
1277 3119 1623 3191 omnibus
1668 3118 1891 3215 rebus
1934 3120 2239 3193 inferior
2286 3120 2417 3207 εἰς,
2456 3118 2595 3187 hac

458 3258 606 3307 una
625 3236 700 3304 in
721 3258 798 3305 re
819 3247 890 3305 te
905 3242 934 3274 ²
965 3232 1144 3303 mihi
1163 3228 1505 3303 anteferri
1526 3220 1735 3328 putas
1768 3218 2139 3329 oportere,
2173 3228 2371 3328 quod
2395 3252 2590 3327 quae·

529 3450 581 3500 5.
611 3448 746 3513 Quid
767 3448 826 3497 si.
845 3446 983 3512 Quid
1005 3448 1116 3504 erit,
1143 3447 1184 3495 si
1207 3447 1302 3495 im
1326 3460 1480 3510 pecn-
1566 3458 1663 3505 eat3
1699 3448 1742 3496 ai
1762 3462 1961 3496 accusa·
1976 3482 1995 3509 ,
2012 3462 2167 3511 quum
2190 3446 2296 3508 eius
2318 3446 2372 3491 in
2396 3454 2447 3493 ee
2465 3444 2597 3505 inju-

457 3530 538 3577 nia
566 3530 654 3576 tibi
678 3528 928 3594 adempta,
963 3538 1133 3592 postea
1159 3543 1186 3574 a
1205 3528 1359 3575 Verre
1385 3524 1480 3573 fibi
1565 3527 1635 3573 ria
1674 3526 1739 3575 eit
1764 3528 1948 3577 ineerta
1964 3560 1980 3586 ‚
2018 3526 2245 3575 homines
2270 3524 2428 3572 scelus
2474 3540 2501 3570 a
2544 3533 2593 3569 te

458 3608 650 3657 reddita
675 3618 763 3657 est.
799 3608 950 3670 Quod
977 3609 1018 3655 si
1041 3608 1220 3654 Verres
1249 3608 1356 3653 eain
1391 3622 1477 3670 pe-
1567 3608 1807 3654 committi
1824 3606 2203 3655 arbitrabuntur.

460 3688 654 3734 cuniam
679 3686 744 3735 ad
770 3698 818 3735 te
841 3702 1010 3736 mnus
1041 3684 1316 3743 transtulit,
1350 3684 1478 3745 iuju-
1635 3678 1781 3728 nx.
1804 3694 1856 3725 ι.
1875 3677 2029 3741 Vulg.
2072 3679 2145 3725 Ae
2170 3674 2305 3724 vide.
2348 3672 2447 3722 Sed
2480 3688 2594 3738 qun

455 3765 544 3811 rie
581 3780 721 3813 canoa
761 3782 864 3815 non
903 3776 1131 3816 remanet.
1165 3766 1294 3813 Satio
1329 3763 1480 3812 habet
1567 3769 1839 3823 coquuntur
1880 3774 1986 3805 non
2026 3765 2353 3821 opponuntur
2392 3764 2595 3803 antece-

458 3852 624 3891 οι-ιιοι·
653 3845 842 3905 judices
881 3847 1126 3908 conjicere
1169 3844 1233 3893 de
1273 3844 1482 3910 pecunia
1568 3838 1812 3887 dentibus.
1850 3837 2109 3885 Meliorem
2150 3850 2267 3898 ergo
2305 3834 2597 3893 bunionem,

459 3920 660 3971 Goedlio
687 3922 800 3971 data
818 3960 833 3984 ,
864 3936 948 3973 aut
973 3942 1076 3972 non
1097 3925 1229 3974 data.
1563 3920 1665 3979 im
1704 3934 1731 3966 Ι
1768 3918 2009 3966 lambino
2042 3926 2419 3981 Pmumpm·
2453 3912 2597 3961 MC

527 4002 578 4049 6.
596 4000 709 4048 Sine
729 4000 1102 4065 vituperatione.
1123 4005 1178 4052 Si
1207 4020 1308 4051 non
1335 4019 1476 4050 accu-
1566 3998 1726 4046 ulte
1742 3999 1865 4047 Mss
1886 3998 2063 4061 regiis,
2089 4006 2143 4043 et
2164 4004 2280 4059 post
2304 4010 2417 4041 enm
2439 3992 2590 4049 Baek,

457 4098 532 4129 sae
558 4094 818 4147 praetorem
843 4092 977 4131 tuum
993 4118 1008 4142 ,
1027 4083 1322 4147 vituperatio
1341 4082 1476 4130 nulla
1640 4092 1688 4125 a.
1728 4080 1792 4125 Te
1816 4094 1845 4125 e
1872 4076 2020 4125 codd.
2042 4076 2256 4125 restitnit
2270 4076 2441 4123 ὕειν.
