2984 4684
484 338 623 435 590
1075 310 1085 319 '
1280 338 1808 407 APPENDIX

480 481 609 542 tur,
642 461 988 540 curaverit3
1014 461 1129 546 qui
1160 461 1446 524 tabulam
1478 481 1720 523 aeneam
1739 509 1758 540 ,
1789 460 1960 546 leges
1991 457 2402 546 formamque
2427 482 2612 548 agro·

480 589 663 648 rum,
699 583 813 630 aut
838 565 999 654 quid
1034 565 1209 656 aliud
1238 567 1686 630 continentem
1712 611 1730 644 ,
1764 562 2082 644 refixerit,
2118 563 2216 628 vel
2260 563 2426 651 quid
2463 565 2616 629 inde

479 673 961 755 immutaverit3
1013 673 1123 760 qui
1170 671 1331 759 quid
1372 673 1441 734 in
1494 671 1730 736 tabulis
1776 659 2054 757 publicis
2100 668 2450 754 deleverit,
2506 688 2618 735 aut

480 779 848 861 induxerit3
892 779 1008 866 qui
1039 779 1385 866 pecuniam
1417 777 1746 868 publicam
1780 775 2140 865 delegatam
2173 777 2241 839 in
2275 799 2474 841 usum
2505 779 2616 842 ali-

478 907 677 974 quem
712 885 1089 966 retinuerit,
1123 907 1337 973 neque
1370 885 1437 948 in
1475 906 1618 949 eam
1649 907 1788 948 rem
1823 886 2367 972 consumpserit».
2405 887 2617 973 Impe-

477 1007 685 1074 rator,
718 993 835 1079 qui
880 992 1221 1080 pecuniam
1274 1015 1354 1056 ex
1399 989 1616 1080 praeda
1671 1008 1925 1079 captam
1967 1013 2165 1078 penes
2210 1013 2280 1056 se
2319 992 2615 1080 privatim

482 1098 853 1186 retinuisset
873 1147 891 1179 ,
926 1121 1201 1186 eamque
1238 1121 1358 1164 nec
1388 1098 1459 1162 in
1492 1097 1830 1186 triumpho
1861 1099 2114 1162 tulisset
2136 1145 2154 1180 ,
2207 1121 2332 1162 nec
2361 1099 2433 1162 in
2465 1121 2618 1162 aera—

482 1204 651 1268 rium
682 1203 1009 1268 retulisset
1028 1253 1045 1281 ‚
1078 1203 1307 1268 eadem
1340 1203 1479 1294 lege
1513 1205 1848 1292 peculatus
1885 1205 2251 1270 tenebatur.

567 1309 908 1373 Peculatus
938 1309 1138 1397 igitur
1162 1331 1351 1396 poena
1384 1308 1668 1396 capitalis
1697 1329 1833 1373 non
1859 1309 2014 1389 fuit,
2045 1331 2162 1374 nec
2192 1332 2232 1372 a
2259 1309 2474 1396 prima
2497 1310 2620 1372 ori-

478 1415 651 1504 gine,
671 1433 803 1480 'nee
836 1413 1163 1503 deinceps,
1184 1438 1391 1503 quum
1422 1415 1491 1480 in
1528 1416 1730 1480 aerarii
1753 1414 2238 1504 depeculatores
2266 1415 2620 1481 constituta

478 1537 607 1603 est3
653 1545 726 1585 ea
761 1522 1127 1610 pecuniaria
1158 1537 1415 1586 tantum
1448 1522 1604 1603 fuit3
1639 1521 1818 1609 quod
1851 1520 2069 1585 Livius
2103 1542 2374 1608 quoque
2411 1522 2614 1610 sigui·

482 1627 632 1692 ficat
680 1628 791 1692 lib.
834 1628 1229 1704 XXXVIII,
1262 1629 1379 1691 ubi
1418 1627 1725 1692 damnato
1760 1627 1843 1691 de
1873 1629 2178 1715 peculatu
2219 1628 2290 1692 L.
2319 1628 2618 1716 Scipione

480 1733 791 1814 Asiatico,
836 1732 1118 1798 Africani
1156 1735 1412 1814 majoris
1440 1734 1665 1817 fratre,
1695 1733 1821 1797 litis
1845 1735 2192 1815 oestimatae,
2217 1751 2282 1798 et
2313 1737 2614 1814 carceris»,

480 1841 603 1904 nisi
636 1841 937 1921 solveret,
970 1841 1217 1904 mentio
1242 1839 1349 1904 fit:
1380 1863 1563 1929 aquae
1588 1863 1743 1906 vero
1767 1857 1832 1904 et
1857 1840 2022 1929 ignis
2044 1839 2419 1904 interdictio
2445 1841 2616 1906 nulla

480 1945 873 2009 nominatur.
908 1946 1061 2008 Haec
1095 1945 1258 2009 ratio
1291 1946 1414 2009 fuit
1438 1943 1666 2025 judicii
1699 1943 1781 2008 de
1815 1945 2117 2033 peculatu
2155 1967 2368 2033 usque
2403 1945 2490 2010 ad
2525 1946 2618 2009 le-

476 2074 624 2138 gem
655 2051 885 2114 Iuliam
914 2075 931 2132 ς
986 2049 1306 2114 damnatis
1344 2051 1445 2114 vel
1474 2049 1861 2114 solvendum
1905 2066 2041 2114 erat
2073 2051 2300 2138 quanti
2335 2052 2414 2116 lis
2456 2070 2616 2116 esset

476 2156 784 2220 oestimata
804 2203 822 2235 ‚
857 2171 974 2218 aut
1012 2154 1257 2242 praedes
1299 2154 1534 2231 dandi,
1563 2156 1665 2220 vel
1699 2157 1766 2220 in
1803 2157 2110 2239 vinculis,
2155 2157 2378 2244 quoad
2408 2159 2617 2223 solve·

478 2278 659 2340 rent,
692 2260 1052 2326 miserrime
1080 2260 1454 2326 vivendum.

564 2367 820 2432 Diserte
840 2367 980 2430 haec
1008 2367 1227 2430 omnia
1252 2367 1321 2430 in
1356 2369 1421 2432 L.
1446 2368 2035 2456 ScipionisAsiatici
2054 2367 2340 2450 judicio,
2376 2370 2462 2435 de
2485 2393 2616 2458 quo

479 2473 773 2561 proxime
814 2472 1063 2537 dictum
1106 2489 1204 2537 est
1224 2521 1241 2551 ,
1264 2473 1499 2548 Livius
1534 2473 1853 2563 significat
1886 2475 1990 2538 his
2019 2475 2232 2538 verbis
2259 2499 2275 2538 :
2305 2505 2333 2530 et
2355 2474 2618 2540 Iudiciis

478 2601 513 2642 a
530 2595 805 2668 praetore
818 2577 1139 2667 perfectis,
1159 2578 1475 2644 Hostilius
1492 2596 1561 2642 et
1573 2579 1808 2643 Furius
1821 2579 2112 2645 damnati
2123 2579 2374 2669 praedes
2391 2579 2614 2646 eodem

481 2683 587 2748 die
610 2682 1042 2773 quaestoribus
1063 2683 1329 2748 urbanis
1353 2681 1694 2748 dederunt.
1717 2684 1932 2772 Scipio
1957 2707 2165 2772 quum
2195 2684 2618 2751 contenderet

481 2812 747 2854 omnem
768 2837 787 2870 ‚
830 2811 1027 2878 quam
1062 2789 1430 2876 accepisset,
1462 2791 1804 2877 pecuniam
1836 2790 1904 2852 in
1935 2792 2158 2854 aerario
2187 2813 2328 2856 esse
2347 2839 2370 2874 ,
2407 2813 2528 2855 nec
2551 2815 2617 2856 se

480 2894 839 2985 quidquam
862 2894 1101 2982 publici
1120 2894 1380 2976 habere,
1394 2895 1461 2958 in
1481 2894 1738 2960 vincula
1753 2894 1905 2959 duci
1927 2911 2176 2984 coeptus
2197 2913 2314 2962 est.
2345 2898 2426 2961 In
2452 2898 2618 2962 bona

478 3004 550 3066 L.
575 3000 897 3090 Scipionis
923 3023 1295 3088 possessum
1320 3001 1580 3089 publice
1604 3019 1954 3089 quaestores
1975 3019 2213 3090 praetor
2235 3003 2414 3067 misit
2432 3035 2478 3068 ι.

568 3105 771 3191 Quod
797 3107 853 3170 si
882 3124 1031 3170 reus
1049 3154 1068 3189 ,
1094 3105 1342 3186 judicio
1374 3128 1508 3170 non
1539 3123 1942 3195 exspectato,
1967 3108 2034 3171 in
2063 3107 2360 3172 exsilium
2387 3110 2616 3172 volun-

480 3214 714 3277 tarium
751 3211 1047 3293 abiisset3
1085 3228 1226 3275 tum
1252 3213 1728 3276 accusationem
1757 3212 2024 3300 quidem
2049 3214 2102 3277 is
2123 3260 2141 3295 ,
2171 3215 2286 3302 qui
2321 3231 2619 3302 coeperat,

432 3327 438 3332 “
483 3316 1023 3408 persequebatur3
1048 3339 1233 3379 reum
1258 3333 1479 3380 tamen
1517 3315 1852 3380 absentem
1894 3340 2030 3381 non
2069 3319 2226 3401 alia,
2264 3341 2463 3407 quam
2499 3341 2615 3407 pe-

481 3424 778 3489 cuniaria
810 3445 997 3510 poena
1048 3421 1331 3510 populus
1370 3422 1850 3488 condemnabat
1884 3447 1902 3488 ε
1951 3447 2224 3513 eamque
2272 3425 2616 3512 pecuniam

477 3531 723 3595 solvere
743 3579 761 3611 ,
808 3530 862 3593 si
905 3526 1181 3609 rediret,
1226 3528 1572 3592 damnatus
1605 3530 1994 3618 cogebatur3
2025 3547 2174 3612 aut,
2213 3532 2266 3594 si
2303 3530 2614 3596 solvendo

480 3658 613 3700 non
654 3653 855 3711 esset,
888 3635 957 3698 in
994 3657 1315 3698 carcerem
1353 3633 1467 3698 ire.
1720 3717 1724 3722 .

560 3741 789 3806 Postea
836 3743 1117 3830 irrogata
1162 3755 1259 3804 est
1294 3741 1413 3804 alia
1450 3742 1594 3830 lege
1628 3739 1995 3829 deportatio
2011 3791 2030 3822 ,
2079 3743 2388 3830 abrogata
2423 3743 2616 3806 inter-

472 3843 775 3908 dictionis
812 3868 1019 3932 poena.
1066 3846 1407 3933 Deportati
1444 3868 1635 3928 vero,
1671 3846 1838 3910 sicut
1882 3849 2102 3912 omnia
2136 3849 2406 3938 pristina
2435 3847 2610 3926 jura,
2669 3851 2674 3856 ’

471 3952 560 4015 ita
594 3967 658 4013 et
688 3950 863 4013 bona
885 3951 1270 4015 amittebant
1296 3952 1552 4032 omnia3
1585 3951 1869 4039 denique
1895 3953 2200 4017 ultimum
2225 3952 2612 4040 supplicium

470 4058 537 4120 in
566 4056 697 4120 hoc
722 4056 931 4119 scelus
960 4071 1055 4118 est
1088 4057 1542 4120 constitutum.
