2984 4684
487 371 630 458 464
1133 372 1232 439 Μ.
1283 372 1360 440 Τ.
1415 359 1973 446 CICERONIS

473 509 548 566 te
574 508 858 592 gratum
885 495 964 562 in
980 489 1192 578 deos,
1219 495 1276 564 si
1303 492 1446 565 hoc
1478 494 1759 567 donum
1793 499 2055 569 Veneri
2088 519 2239 569 non
2272 496 2365 570 de
2392 497 2607 572 sthe-

477 609 581 676 nii
615 603 830 674 bonis
865 601 1216 686 dedisseS‚
1249 601 1375 676 sed
1409 603 1503 676 de
1544 609 1729 677 tuis:
1758 605 1965 705 quod
1992 605 2227 680 facere
2257 607 2565 680 debuisti
2588 663 2611 696 ‚

473 715 867 814 praesertim
905 737 1136 810 quum
1179 711 1312 784 tibi
1355 713 1479 786 illo
1522 717 1681 814 ipso
1722 741 1919 790 anno
1958 743 2003 788 a
2042 719 2443 791 Chelidone
2486 745 2611 792 ve-

475 827 699 898 nisset
741 822 1122 896 hereditas.

571 937 704 1008 Hic
743 959 914 1032 ego,
957 939 1016 1006 si
1059 934 1250 1005 hanc
1291 959 1581 1008 causam
1619 961 1775 1009 non
1816 941 2149 1010 omnium
2198 938 2607 1010 Siculorum

473 1063 732 1148 rogatu
773 1052 1240 1146 recepissem3
1269 1048 1328 1117 si
1358 1047 1502 1120 hoc
1526 1073 1568 1119 a
1592 1073 1712 1121 me
1737 1053 2059 1122 muneris
2084 1075 2239 1122 non
2272 1052 2613 1122 universa

472 1161 844 1257 provincia
877 1159 1362 1256 poposcisset3
1415 1161 1472 1228 si
1530 1183 1649 1230 me
1690 1162 1975 1230 animus
2020 1174 2237 1256 atque
2282 1183 2487 1231 amor
2528 1164 2605 1233 in

473 1267 998 1369 rempublicam
1015 1321 1034 1353 ‚
1057 1269 1634 1366 existimatioque
1670 1267 1951 1366 offensa
1976 1273 2207 1340 nostri
2226 1269 2503 1341 ordinis
2523 1295 2607 1342 ac
2668 1343 2701 1371 ἱ

379 1477 384 1482 ⁸
469 1380 904 1478 judiciorum
943 1402 1093 1449 non
1129 1377 1272 1450 hoc
1315 1375 1549 1450 facere
1596 1383 1982 1478 coegisset,
2016 1395 2237 1476 atque
2274 1379 2427 1451 haec
2462 1405 2607 1452 una

472 1516 686 1564 causa
699 1486 1182 1586 fuisset‚quod
1197 1492 1513 1560 amicum
1528 1505 1748 1588 atque
1762 1486 2125 1589 hospitem'
2138 1515 2381 1562 meum
2402 1491 2605 1562 Sthe-

473 1607 676 1675 nium
697 1657 718 1690 ,
745 1625 966 1698 quem
1005 1601 1081 1670 in
1106 1615 1469 1698 quaestura
1498 1625 1653 1672 mea
1682 1602 2136 1698 singulariter
2160 1599 2565 1673 dilexissem
2584 1655 2605 1688 ‚

471 1713 564 1786 de
585 1737 736 1810 quo
763 1713 1039 1810 optime
1065 1714 1575 1782 existimassem
1592 1766 1611 1799 ‚
1632 1735 1853 1810 quem
1872 1714 1947 1782 in
1968 1713 2337 1810 provincia
2358 1715 2605 1783 existi-

471 1825 808 1896 mationis
849 1847 1026 1893 meae
1069 1821 1677 1894 studiosissimum
1734 1820 2425 1920 cupidissimumque
2478 1847 2603 1893 co-

469 1957 836 2033 gnossem‚
863 1947 1010 2004 tam
1035 1930 1446 2021 crudeliter,
1475 1933 1851 2019 scelerate,
1868 1931 2285 2030 nefarieque
2316 1946 2605 2004 wactas·

469 2069 582 2117 ses
619 2069 638 2114 τ
677 2055 963 2113 tamen⁷
1033 2040 1246 2139 digua
1305 2065 1553 2128 causa,
1622 2067 1755 2114 cur
1816 2043 2229 2114 inimicitias
2285 2041 2603 2114 hominis

466 2151 984 2253 improbissimi
1027 2155 1464 2248 susciperem
1498 2206 1517 2240 ‚
1554 2167 1637 2224 ut
1680 2152 1985 2252 hospitis
2020 2152 2323 2224 salutem
2366 2150 2595 2224 fortu-

467 2287 744 2360 nasque
765 2259 1253 2334 defenderem.
1283 2265 1639 2336 Fecerunt
1663 2263 1809 2336 hoc
1834 2263 2047 2336 multi
2070 2263 2267 2362 apud
2292 2264 2601 2359 majores

468 2390 790 2447 nostros:
825 2371 998 2444 iecit
1031 2375 1248 2444 etiam
1275 2397 1517 2470 nuper
1544 2374 1768 2446 homo
1794 2375 2261 2462 clarissimus,
2282 2375 2417 2444 Cn.
2446 2376 2601 2442 Do-

469 2487 748 2572 mitius,
775 2485 902 2580 qui
931 2485 1028 2554 M.
1059 2483 1421 2570 Silanum,
1453 2483 1907 2556 consularem
1944 2487 2215 2568 virum,
2244 2482 2601 2574 accusavit

465 2609 766 2695 propter
795 2595 1218 2690 Egi-itomari
1235 2587 1270 2639 ⁸
1295 2595 1747 2692 Transalpini
1778 2594 2085 2691 hospitis
2108 2593 2427 2688 injurias.
2458 2597 2599 2662 Pu-

463 2721 686 2778 tarem
713 2729 828 2774 me
857 2702 1240 2793 idoneum,
1265 2705 1395 2800 qui
1433 2702 1846 2803 exemplum
1884 2727 2229 2801 sequerer
2268 2702 2597 2773 humani·

460 2819 626 2886 tatis
641 2830 860 2910 atque
872 2811 1118 2902 officii,
1131 2838 1767 2912 proponeremque
1782 2838 1983 2913 spem
2000 2817 2176 2885 meis
2188 2811 2597 2910 hospitibus

462 2949 548 2997 ac
583 2926 1030 3010 necessariIS‚
1075 2950 1226 3022 quo
1255 2927 1599 2996 tutiorem
1625 2928 1845 2996 vitam
1884 2947 2038 2996 sese
2072 2919 2237 2994 meo
2264 2921 2595 3022 praesidio

460 3038 783 3106 victuros
827 3059 982 3105 esse
1035 3033 1578 3107 arbitrarentur.
1630 3038 1881 3126 Quum
1932 3061 2103 3106 vero
2146 3039 2221 3105 in
2265 3057 2595 3104 commu-

461 3144 676 3216 nibus
711 3145 992 3240 injuriis
1029 3148 1250 3216 totius
1283 3149 1673 3244 provinciae
1716 3145 1991 3218 Sthenii
2040 3171 2337 3244 quoque
2382 3169 2597 3216 causa

461 3259 939 3360 contineatur,
969 3254 1326 3352 multique
1365 3281 1518 3327 uno
1546 3273 1876 3354 tempore
1910 3281 1950 3327 a
1984 3279 2101 3325 me
2136 3255 2455 3352 hospites
2480 3268 2593 3324 at-

459 3393 602 3464 que
627 3369 834 3436 amici
864 3363 1153 3463 publice
1192 3367 1671 3465 privatimque
1707 3363 2227 3438 defendantur:
2262 3360 2590 3461 profecto

458 3479 690 3547 vereri
717 3499 868 3544 non
898 3472 1155 3560 debe0‚
1183 3499 1274 3546 ne
1303 3481 1467 3574 quis
1500 3477 1669 3566 hoc,
1698 3475 1901 3574 quod
1924 3475 2137 3561 facio,
2166 3499 2317 3544 non
2346 3475 2587 3544 existi·

461 3601 607 3658 met
644 3611 762 3656 me
808 3587 1072 3657 summi
1106 3583 1332 3657 officii
1367 3591 1645 3660 ratione
1682 3587 2077 3686 impulsum
2116 3599 2589 3680 coactumque

461 3699 875 3795 suscepisse.

527 3963 574 4007 7·
604 3945 826 3993 Gmflm
853 3955 903 3992 θῑ
935 3945 1042 4002 ⁸115,
1079 3956 1284 3994 “umen
1319 3947 1468 4012 digua
1554 3958 1703 4002 tur-3
1738 3948 1876 4011 quod
1914 3949 2115 3996 Gruter.
2156 3944 2221 3992 ab
2262 3943 2585 4006 interpretum

453 4042 594 4076 eausa
635 4035 792 4082 esset,
837 4039 926 4072 cur
949 4047 992 4072 ιι.
1035 4024 1202 4074 codd.
1239 4027 1378 4074 Febr.
1417 4037 1467 4074 et
1552 4026 1753 4090 ingenio
1778 4027 2059 4092 profectum
2086 4035 2245 4089 putat.
2271 4023 2323 4072 J.
2340 4023 2403 4070 V.
2424 4024 2477 4070 1..

445 4103 638 4156 Metell.
680 4114 876 4151 «tamen
913 4103 1060 4167 digua
1103 4119 1246 4153 causa
1283 4105 1466 4154 videre-
1627 4109 1675 4154 8.
1697 4105 2023 4172 Egricoman'.
2050 4102 2172 4153 vid.
2199 4102 2367 4151 Divin.
2393 4115 2475 4148 πο.
