2984 4684
451 364 591 437 260
1079 372 1177 439 Μ.
1230 372 1306 439 Τ.
1362 374 1923 443 CICERONIS

442 490 801 585 judicium
824 545 843 579 ‚
890 515 1047 562 non
1092 491 1381 564 licebat.
1438 496 1698 563 Minari
1757 492 2077 589 denique
2144 489 2588 566 divisoribus

444 604 629 673 ratio
678 626 827 672 non
865 616 1048 686 erat,
1083 618 1471 701 propterea
1515 605 1720 701 quod
1770 627 1894 675 eos
1925 601 2332 701 intelligere
2379 606 2584 677 vide·

442 712 611 784 bam
633 767 654 800 ‚
694 736 811 783 me
842 710 987 783 hoc
1020 712 1296 807 judicio
1335 713 1742 785 districtum
1783 727 2002 809 atque
2037 710 2436 811 obligatum
2475 712 2586 783 fu·-

442 836 713 894 turum.
747 828 985 920 Atque
1024 822 1169 895 hoc
1203 828 1365 922 ipso
1401 838 1734 922 tempore
1777 822 2032 893 Siculis
2072 820 2582 893 denuntiatum

442 958 597 1005 esse
635 932 885 1020 audi0‚
917 935 1237 1031 primum
1288 932 1379 1006 ab
1424 936 1812 1026 Hortensio
1833 986 1854 1019 ‚
1899 931 2206 1003 domum
2243 932 2332 1003 ad
2377 933 2582 1004 illum

438 1058 525 1114 ut
570 1046 939 1133 venirent3
994 1043 1275 1116 Siculos
1322 1068 1493 1115 sane
1543 1047 1621 1115 in
1666 1068 1756 1115 eo
1799 1041 2072 1114 liberos
2127 1040 2382 1132 fuisse,
2419 1045 2584 1140 qui,

435 1152 917 1251 quamobrem
956 1169 1518 1243 arcesserentur,
1569 1179 1802 1252 quum
1859 1154 2388 1251 intelligerent,
2431 1180 2582 1226 non

434 1270 719 1337 venisse
738 1268 790 1336 4.
813 1270 1099 1337 Interea
1123 1267 1415 1337 comitia
1432 1280 1716 1353 nostra,
1737 1290 2056 1361 quorum
2073 1269 2210 1336 iste
2241 1291 2341 1352 se,
2357 1280 2444 1337 ut
2465 1290 2582 1338 ce·

440 1392 767 1449 terorum
798 1376 939 1459 hoc
960 1400 1157 1447 anno
1188 1380 1658 1461 comitiorum
1685 1374 2072 1447 dominum
2105 1400 2262 1447 esse
2285 1374 2584 1449 arbitra-

434 1486 675 1575 batur,
699 1485 949 1557 haberi
978 1500 1219 1583 coepta
1253 1499 1444 1556 sunt.
1484 1489 1792 1557 Cursare
1829 1486 1988 1574 iste,
2011 1485 2236 1555 homo
2272 1500 2536 1583 potens
2557 1542 2578 1573 ‚

430 1622 599 1668 cum
620 1595 773 1667 filio
785 1595 1057 1667 blando
1076 1610 1151 1666 et
1174 1596 1489 1692 gratioso
1503 1592 1560 1685 ⁵,
1585 1600 1868 1668 circum
1895 1594 2166 1683 tribus-»3
2195 1594 2581 1693 paternos⁶

434 1710 735 1795 amicos,
774 1706 919 1777 hoc
955 1720 1095 1795 est,
1138 1705 1528 1794 divisore3‚
1581 1706 1946 1805 appellare
1983 1730 2242 1777 omnes
2275 1722 2352 1777 et
2391 1732 2572 1779 con-

430 1820 703 1889 venire.
754 1816 975 1907 Quod
1014 1841 1246 1914 quum
1282 1832 1471 1888 esset
1509 1817 1962 1889 intellectum
2001 1831 2076 1888 et
2123 1817 2588 1890 animadver-'

433 1954 637 2016 sum;
672 1926 845 2000 fecit
878 1931 1121 1999 animo
1160 1926 1642 1999 libentissimo
1681 1927 2000 2026 populus
2035 1950 2421 2017 romanus,
2455 1943 2577 2013 ut,

432 2040 641 2135 cujus
674 2036 937 2108 divitiae
977 2060 1094 2107 me
1126 2036 1217 2107 de
1244 2034 1390 2107 fide
1426 2034 1788 2109 deducere
1821 2062 1977 2109 non
2003 2040 2450 2135 potuissent,
2483 2062 2578 2109 ne

432 2147 763 2245 ejusdem
798 2147 1123 2244 pecuniae
1156 2145 1251 2218 de
1278 2145 1560 2218 honore
1589 2146 1988 2241 dejicerent
2009 2157 2060 2213 ⁷.
2100 2150 2578 2245 Posteaquam

434 2258 555 2330 illa
590 2257 965 2355 petitionis
1001 2279 1261 2353 magna
1287 2280 1461 2327 cura
1492 2255 1840 2328 liberatus
1875 2282 2070 2345 sum,
2100 2261 2349 2330 'animo
2385 2262 2576 2359 coepi

436 2369 673 2443 multo
685 2370 913 2465 magis
925 2392 1157 2439 vacuo
1172 2386 1255 2439 ac
1281 2366 1550 2457 soluto,
1567 2368 1748 2438 nihil
1769 2367 1966 2439 aliud
1981 2424 1998 2456 ,
2017 2370 2153 2439 nisi
2177 2369 2268 2440 de
2278 2370 2576 2464 judicie,

435 2504 650 2579 agere
670 2494 745 2552 et
762 2482 1100 2577 cogitare.
1132 2482 1470 2576 Reperio,
1485 2477 1798 2574 judices,
1820 2479 1971 2549 haec
1995 2478 2085 2550 ab
2105 2482 2264 2551 istis
2281 2481 2579 2553 consilia

434 2596 613 2663 inita
640 2606 714 2663 et
736 2591 1164 2677 constituta,
1189 2603 1303 2677 ut,
1332 2614 1796 2687 quacumque
1827 2614 2014 2687 opus
2045 2606 2234 2661 esset
2259 2592 2576 2677 ratione,

430 2728 549 2774 res
565 2704 663 2773 ita
682 2700 1099 2789 duceretur,
1120 2714 1203 2769 ut
1219 2698 1415 2798 apud
1432 2702 1533 2769 M.
1553 2698 1933 2771 Metellum
1949 2716 2336 2798 praetorem
2362 2726 2578 2773 causa

434 2812 833 2900 diceretur3
861 2798 938 2882 in
962 2836 1052 2881 eo
1072 2834 1225 2881 esse
1249 2809 1401 2882 haec
1420 2809 1839 2881 commoda:
1863 2812 2182 2907 primum
2209 2814 2305 2881 M.
2324 2811 2576 2883 Metel-

432 2924 622 3013 lum,
650 2924 1196 3008 amicissimum3
1226 2918 1491 2991 deinde
1520 2922 1986 2991 Hortensium
2011 2919 2386 2991 consulem
2421 2945 2572 2993 non

508 3092 555 3139 4.
588 3080 797 3129 Venisse.
823 3078 907 3128 Ad
933 3078 1067 3127 hunc
1098 3076 1263 3125 locum
1300 3078 1455 3125 anim·

432 3160 642 3209 advertit
692 3158 935 3207 Asconius
955 3192 969 3216 ,
1020 3158 1454 3219 inconsequentem

431 3256 535 3289 esse
574 3240 871 3287 locutionem
918 3234 1221 3298 similemque
1264 3234 1454 3283 soloeei-

429 3322 549 3377 smi,
574 3317 815 3381 siquidem
837 3330 973 3362 «non
996 3314 1183 3363 venisse
1199 3336 1221 3356 ι
1245 3314 1451 3378 legeris:

430 3416 543 3447 nam
560 3400 601 3446 si
631 3419 654 3440 ι
666 3412 769 3445 non
787 3394 1030 3442 venissent
1045 3415 1096 3452 ι,
1114 3408 1330 3442 errorem
1346 3410 1450 3465 non

427 3494 546 3527 esse.
593 3478 673 3526 Sic
717 3476 865 3524 etiam
901 3473 1099 3538 scripsit
1132 3473 1355 3535 Desjard.
1398 3486 1450 3521 et

428 3556 666 3623 proponit
690 3556 723 3603 J
727 3557 813 3604 .V.
834 3558 890 3603 1..
915 3555 949 3602 J
952 3590 966 3602 .
990 3556 1046 3601 F.
1078 3554 1233 3601 Gron.
1252 3552 1374 3600 Oba.
1394 3554 1419 3599 1
1434 3588 1449 3613 ,

432 3654 492 3686 η
513 3672 527 3695 ,
552 3634 703 3683 scribi
723 3633 884 3681 voluit
906 3631 1133 3680 «Siculos
1152 3648 1192 3680 s.
1210 3632 1245 3679 i.
1268 3648 1313 3679 e.
1331 3631 1449 3679 libe-

422 3732 507 3764 ros
530 3716 693 3775 fuisse,
718 3710 1131 3776 quemadmodum
1157 3725 1449 3759 areesseren·

422 3806 506 3842 tnr
522 3808 673 3857 quum
692 3791 1017 3854 intelligerent
1034 3824 1051 3849 ‚
1076 3804 1181 3837 non
1202 3790 1389 3838 venisse
1402 3810 1446 3839 ιι.

422 3876 571 3923 Hunc
598 3882 833 3935 sequutus
858 3881 931 3919 est
958 3872 1124 3919 Graev.
1150 3867 1449 3917 Schiitzan-

420 3966 519 4003 tem
540 3951 662 3999 duas
679 3949 878 3998 voculas
895 3949 1095 4007 afuisse,
1106 3951 1228 4014 qui·-
1244 3950 1449 3997 omnino

420 4032 568 4081 delet.
601 4031 767 4093 Quum
794 4044 911 4077 vero
941 4028 1223 4077 facillimum
1262 4046 1451 4094 semper

416 4110 594 4170 fuerit,
608 4108 853 4157 obstantia
882 4106 1027 4156 verba
1049 4107 1257 4168 abiicere
1277 4118 1327 4158 et
1346 4124 1448 4157 am-

1543 3086 1715 3141 putare
1735 3111 1750 3136 ‚
1783 3076 1960 3140 quaerit
1989 3078 2152 3125 Garat.
2169 3087 2382 3125 veterem
2405 3076 2574 3126 leetio·

1543 3174 1656 3205 nem
1697 3158 1825 3206 tueri
1839 3191 1854 3217 ,
1897 3158 1940 3204 si
1983 3156 2214 3205 nimirum
2252 3179 2280 3199 α
2296 3158 2386 3219 qui
2419 3174 2574 3221 quum

1539 3236 1868 3303 intelligerent
1889 3258 1914 3277 ι·
1971 3238 2190 3301 positum
2241 3237 2574 3287 existimemus

1540 3334 1634 3381 pro
1671 3304 1868 3381 u‘qnum
1901 3316 1957 3363 hi
1999 3314 2362 3379 intelligerent·
2376 3350 2390 3375 ‚
2433 3318 2571 3381 qnod

1539 3396 1718 3460 saepins
1731 3396 1946 3445 occurrit
1963 3394 2226 3459 eloquendi
2241 3410 2410 3459 genus.
2421 3397 2576 3459 Quid·

1538 3475 1662 3540 quid
1684 3476 1740 3523 id
1764 3487 1864 3535 est,
1889 3490 2055 3523 sensus
2081 3485 2154 3522 est
2171 3486 2390 3539 apertus.

1611 3556 1659 3603 5.
1689 3554 1882 3603 Blando
1918 3567 1967 3602 et
1995 3552 2232 3619 gratioso.
2275 3555 2486 3603 Feminis
2511 3571 2568 3604 ac

1535 3636 1746 3682 maxime
1763 3631 2096 3682 meretricibus
2115 3632 2372 3682 blanditiae
2391 3648 2572 3681 conve-

1537 3714 1708 3771 niunt,
1738 3712 1891 3776 gratia
1905 3728 2025 3761 vero
2052 3728 2162 3776 qnae
2183 3724 2349 3777 potest
2377 3715 2430 3760 in
2453 3713 2571 3763 ado-

1537 3792 1834 3840 lescentibus
1861 3808 1966 3840 esse
1991 3794 2096 3841 sine
2123 3792 2320 3841 infamia
2341 3792 2569 3843 PAsnon.

1611 3874 1665 3922 6.
1688 3876 1948 3931 Pam-nos,-
1969 3875 2080 3935 alii,
2096 3884 2354 3938 patronos.

1615 3968 1662 4013 7.
1684 3953 1894 4001 Pecunia
1911 3954 1964 4002 d.
1979 3954 2031 4003 Ιι.
2049 3953 2296 4019 dejiceret.
2316 3954 2396 4001 Sic
2412 3951 2572 4002 codex

1541 4030 1972 4097 Guelferbytanus.
1989 4035 2022 4082 J
2026 4034 2106 4082 Ν.
2127 4035 2185 4081 L.
2206 4060 2276 4069 —
2301 4053 2326 4074 ι
2345 4034 2572 4081 Pecuniis

1539 4110 1590 4159 d.
1629 4111 1678 4161 h.
1727 4111 1960 4174 deJieerer
1981 4133 2007 4155 a·
2053 4112 2282 4174 Desjml.
2310 4112 2570 4178 «pecnnia
