2984 4684
512 379 655 450 600
1298 375 1854 450 APPENDIX

511 517 721 564 torem
744 499 969 564 tulisse
998 529 1023 553 σι
1046 499 1262 562 ut-soli
1290 513 1620 562 senatores
1639 497 2007 578 judicarent
2023 521 2084 578 »ς
2111 497 2292 586 quod
2317 497 2652 586 equitibus

510 622 575 670 et
609 603 779 695 plebi
810 619 979 668 esset
1008 605 1301 670 infensus
1324 653 1344 681 ‚
1384 605 1498 691 qui
1529 602 1870 688 adversum
1904 625 1973 668 se
2003 625 2125 693 pro
2157 604 2465 671 Marianis
2497 627 2648 694 par-

512 713 685 778 tibus
720 726 1045 780 steterant.

600 818 1031 907 Sicdenique
1078 819 1321 900 judicia
1376 819 1782 884 senatoribus
1833 820 2127 883 restituta
2173 835 2363 897 sunt,
2407 841 2544 882 uuo
2583 833 2652 881 et

516 923 943 1014 quadraginta
966 926 1154 990 annis
1190 942 1540 1012 postquam
1572 923 1676 988 illa
1709 925 1800 988 eis
1837 922 2139 1012 adempta
2172 922 2313 1013 lege
2340 924 2648 1010 Sempro-

516 1033 623 1096 nia
670 1029 946 1103 fuerant.
1000 1028 1201 1112 Quod
1232 1046 1448 1093 autem
1486 1032 1720 1118 saepius
1767 1046 2041 1118 usurpat
2075 1030 2304 1094 Cicero
2359 1029 2650 1115 «equites

510 1133 754 1218 judicia
794 1137 936 1201 sine
984 1135 1247 1202 infamia
1293 1158 1410 1224 per
1446 1152 1660 1200 totum
1711 1135 1840 1200 hoc
1889 1150 2146 1222 tempus
2201 1135 2560 1199 exercuisse
2583 1164 2648 1213 ι,

510 1244 701 1331 plane
737 1241 1111 1308 adversatur
1139 1241 1443 1306 historiae.
1480 1241 1740 1304 Etenim
1769 1257 1996 1304 contra
2031 1257 2249 1306 narrat
2281 1240 2646 1327 Appianas,

511 1365 880 1436 equestrem
917 1345 1214 1412 ordinem
1242 1347 1375 1428 jam
1412 1347 1494 1410 ab
1525 1348 1712 1412 initio
1747 1347 2039 1435 potentia
2073 1369 2190 1410 sua
2224 1346 2506 1434 turpiter
2535 1346 2650 1409 ab·

514 1476 709 1517 usum
760 1452 988 1535 fuisse,
1038 1453 1171 1518 sive
1208 1451 1516 1516 divitibus
1561 1469 1964 1516 accusatores
2005 1452 2465 1533 subornand03
2515 1451 2652 1514 sive

510 1560 684 1647 leges
731 1557 1117 1646 corruptelis
1142 1556 1441 1638 judicum
1482 1558 1812 1646 oppositas
1857 1555 2181 1622 eludendo
2202 1605 2222 1638 ,
2263 1573 2330 1622 et
2371 1556 2653 1645 superbe

516 1647 1021 1736 contemnendo.

530 1827 535 1832 .
598 1772 700 1836 De
728 1771 959 1840 iisdem
985 1773 1313 1859 equitibus
1333 1770 1574 1852 judicia
1595 1771 2196 1836 administrantibus
2219 1771 2490 1835 meliora
2517 1793 2648 1834 nou

513 1876 817 1965 praedicat
842 1876 1001 1942 vell.
1034 1877 1175 1948 Pat.
1206 1878 1313 1944 lib.
1350 1879 1449 1958 11,
1486 1901 1623 1966 cap.
1658 1877 1770 1942 13:
1819 1878 2025 1942 «Eam
2057 1893 2444 1965 potestatem
2477 1875 2652 1956 judi-

515 1982 735 2064 candi,
774 1984 945 2048 nacti
982 1983 1261 2069 equites,
1307 1984 1553 2071 inquit,
1590 1983 1980 2047 Gracchanis
2019 1982 2316 2071 legibus,
2343 2004 2554 2071 quum
2585 1983 2651 2044 in

514 2087 755 2150 multos
794 2087 1173 2152 clarissimos
1214 2105 1407 2175 atque
1446 2088 2015 2153 innocentissimos
2051 2088 2222 2151 viros
2267 2089 2650 2168 saeviissent,

516 2207 657 2254 tum
690 2191 763 2255 P.
792 2165 1138 2273 Rutilium,
1166 2193 1379 2258 virum
1416 2215 1552 2257 non
1587 2193 1800 2258 saeculi
1828 2194 1960 2274 sui,
1993 2192 2106 2256 sed
2141 2193 2356 2256 omnis
2388 2194 2510 2256 aevi
2537 2215 2653 2281 op·

516 2295 753 2368 timum
772 2345 791 2378 ,
848 2296 1319 2386 interrogatum
1374 2299 1516 2387 lege
1579 2296 2121 2386 repetundarum,
2161 2299 2450 2363 maximo
2505 2321 2651 2362 cum

516 2404 765 2491 gemitu
798 2403 1069 2468 civitatis
1104 2404 1639 2470 damnaverunt».
1665 2405 1813 2468 Vid.
1840 2405 1974 2468 Liv.
2005 2405 2174 2492 Epit.
2205 2427 2308 2492 7⁰·

604 2511 701 2574 Ex
728 2509 834 2574 his
864 2510 1129 2598 planum
1163 2509 1235 2575 fit
1268 2511 1518 2599 equites
1551 2510 1827 2598 turpiter
1853 2509 2174 2592 judicasse
2194 2559 2212 2592 ,
2246 2527 2444 2598 atque
2475 2511 2654 2575 Cice-

515 2637 749 2678 ronem
766 2662 785 2695 ,
812 2615 929 2680 'toti
966 2616 1265 2704 equitum
1293 2615 1508 2683 ordini
1537 2632 1608 2679 ut
1627 2615 2028 2705 indulgeret,
2063 2615 2256 2704 gratis
2283 2613 2521 2680 dixisse
2543 2617 2654 2679 ubi

513 2741 745 2807 supra,
779 2721 1099 2802 «nullam,
1124 2722 1343 2810 equite
1374 2744 1647 2786 romano
1677 2720 2011 2801 judicante
2033 2769 2054 2803 ,
2088 2743 2172 2785 ne
2203 2721 2653 2786 tenuissimam

520 2825 785 2912 quidem
816 2827 1251 2914 suspicionem
1282 2843 1560 2916 acceptae
1589 2827 1906 2915 pecuniae,
1933 2827 2020 2890 ob
2052 2849 2188 2891 rem
2205 2827 2652 2908 judicandam,

516 2932 933 2996 constitutam
962 2933 1159 2998 fuisse
1181 2965 1225 2997 ».
1255 2933 1530 3013 Rejectis
1561 2933 1761 3022 igitur
1791 2932 2534 3021 equitibus,senatores,
2559 2935 2651 2997 uti

522 3053 673 3101 ante
706 3037 1111 3104 Gracchanas
1144 3041 1313 3128 leges
1334 3086 1352 3119 ,
1390 3038 1546 3114 soli,
1581 3040 1720 3128 lege
1752 3039 2070 3120 Cornelia,
2092 3038 2507 3122 judicarunt3
2538 3062 2652 3104 nec

519 3143 642 3229 ipsi
671 3142 943 3224 minori,
974 3165 1167 3230 quam
1202 3144 1447 3231 equites
1466 3193 1483 3225 ,
1517 3145 1799 3208 infamia.
1835 3145 2012 3207 Pleni
2043 3145 2187 3208 libri
2213 3167 2230 3207 ε
2263 3143 2474 3232 plenae
2505 3161 2654 3209 sunt

528 3249 857 3314 Ciceronis
890 3251 957 3314 in
980 3250 1249 3315 Verrem
1289 3251 1612 3316 orationes
1632 3300 1650 3334 ,
1695 3251 1864 3315 inter
1903 3250 2128 3315 decem
2157 3273 2396 3334 anuos,
2432 3268 2654 3339 postea

523 3361 720 3443 quam
752 3354 993 3436 judicia
1026 3354 1109 3419 ad
1151 3371 1447 3420 senatum
1490 3357 1792 3420 translata
1825 3373 2013 3437 sunt,
2049 3357 2445 3420 senatorium
2479 3355 2650 3420 ordi-

524 3483 677 3526 nem
711 3461 793 3544 in,
812 3461 1009 3526 rebus
1025 3460 1389 3542 judicandis
1416 3461 1658 3526 nefarie
1683 3460 2122 3551 flagitioseque
2149 3483 2286 3526 esse
2305 3480 2648 3526 versatum.

521 3566 695 3655 Ergo
722 3564 1117 3648 judiciorum
1152 3565 1407 3631 levitate
1437 3567 1682 3632 factum
1717 3583 1841 3648 est,
1873 3583 1950 3630 ut
1982 3565 2146 3630 ordo
2181 3568 2340 3630 alius
2361 3616 2380 3650 ,
2422 3589 2652 3655 nempe

522 3689 841 3758 equester,
879 3672 1350 3761 postularetur:
1386 3671 1567 3760 quod
1595 3672 1905 3738 nimirum
1940 3689 2278 3766 putaretur
2305 3674 2650 3762 integriora

522 3777 662 3840 fore
688 3777 927 3858 judicia
946 3827 965 3859 ,
999 3779 1051 3842 si
1085 3777 1250 3842 duos
1282 3779 1454 3842 inter
1488 3776 1749 3842 ordines
1782 3793 1996 3842 essent
2025 3779 2521 3844 communicata.

612 3881 820 3969 Igitur
840 3906 1017 3948 anno
1040 3881 1391 3948 undecimo
1414 3899 1566 3971 post
1587 3884 1782 3948 latam
1820 3884 2032 3972 legem
2069 3883 2438 3948 Corneliam
2463 3932 2481 3965 ,
2527 3886 2651 3949 hoc

522 4003 653 4062 est,
679 4009 855 4052 anno
876 3990 1069 4057 Urbis
1099 3988 1227 4055 683
1246 4038 1265 4072 ,
1290 4012 1425 4077 quo
1450 4011 1626 4054 anno
1649 4013 1842 4053 causa
1859 3988 2075 4053 Verris
2101 4005 2242 4054 acta
2267 4005 2394 4071 est,
2427 3993 2500 4055 C.
2525 3993 2652 4054 Au·

516 4093 710 4158 relius
738 4087 926 4158 Cotta
948 4112 1187 4181 praetor
1210 4095 1359 4160 tulit
1378 4144 1395 4176 ,
1418 4111 1534 4159 «ut
1553 4094 1822 4178 judicia,
1843 4119 1985 4184 quae
2017 4117 2220 4183 penes
2255 4097 2430 4161 solos
2469 4119 2650 4162 sena—
