2984 4684
807 403 940 470 DE
989 405 1459 473 JUchlls
1513 404 2011 474 PUBLI'CIS.
2342 400 2478 472 585

354 525 577 613 capitis
612 542 945 590 accusatus
976 526 1058 588 ab
1094 526 1232 589 aliis
1270 549 1463 614 quam
1503 550 1542 590 a
1582 525 1952 606 centuriatis
1986 523 2262 588 comitiis
2301 525 2479 605 judi·-

354 649 641 696 caretur:
668 663 692 688 κ
712 633 810 695 De
843 634 1049 722 capite
1078 633 1231 697 civis
1265 634 1383 696 nisi
1415 657 1532 723 per
1566 634 1920 698 maximum
1955 632 2356 696 comitiatum
2399 655 2482 695 ne

346 737 683 816 judicanto
700 770 745 802 υ.
768 739 930 820 Quae
954 737 1219 826 quidem
1237 739 1477 818 judicia
1497 738 2012 804 ‘extraordinaria
2034 753 2280 819 vocata,
2301 737 2482 825 quod

356 845 895 931 quotiescumque
932 845 1139 908 scelus
1191 843 1548 910 admissum
1585 868 1717 910 non
1757 845 1837 908 ab
1871 845 2076 909 solitis
2104 844 2486 933 magistrati·

355 951 480 1013 bus
499 997 517 1031 ,
560 966 635 1012 ut
682 951 948 1014 tribuno
992 952 1231 1039 plebis,
1270 970 1592 1040 quoestore
1615 1002 1633 1034 ,
1683 951 1854 1016 aedili
1901 949 2296 1030 deferretur,
2346 972 2480 1013 non

348 1043 565 1134 justus
606 1073 775 1136 erat,
809 1055 1361 1143 quemadmodum
1395 1057 1570 1146 apud
1605 1080 1723 1122 nos
1754 1058 1895 1145 lege
1931 1072 2276 1144 perpetua,
2315 1053 2484 1120 'defi-

357 1161 531 1224 nitus
553 1160 813 1249 agendae
837 1183 1041 1228 causae
1074 1179 1292 1242 tenor3
1319 1185 1550 1226 verum
1577 1162 2165 1241 senatusconsulto,
2195 1160 2324 1223 sive
2349 1159 2486 1248 ple-

355 1266 609 1347 biscito,
632 1266 955 1354 quaesitor,
985 1269 1095 1354 qui
1131 1267 1214 1332 de
1248 1292 1317 1332 ea
1346 1291 1417 1332 re
1441 1268 1750 1333 duntaxat
1777 1281 2218 1357 cognosceret,
2245 1282 2490 1354 posset-

359 1395 487 1459 que
517 1394 776 1460 poenam
813 1363 1155 1462 applicare,
1190 1375 1733 1439 constituebatur.

445 1477 571 1542 Sed
599 1502 829 1566 quum,
845 1480 1131 1544 victoriis
1155 1497 1482 1545 crescente
1505 1481 1780 1569 imperio
1803 1481 2126 1567 simulque
2143 1479 2313 1542 vitiis
2337 1501 2488 1542 cum

358 1585 519 1647 luxu
552 1583 1122 1669 invalescentibus,
1143 1588 1274 1667 jam
1304 1588 1579 1651 omnino
1605 1588 1888 1675 populus
1921 1608 2135 1673 neque
2159 1607 2276 1673 per
2297 1607 2365 1648 se
2388 1584 2492 1647 illa
2521 1649 2534 1662 ,

358 1690 626 1770 crimina
660 1714 1051 1780 cognoscere
1098 1716 1243 1780 quae
1292 1717 1327 1758 a
1377 1694 1752 1784 magistratu
1793 1691 2233 1772 deferrentur,
2274 1713 2489 1777 neque

350 1818 501 1876 ‘eam
538 1813 921 1883 potestatem
954 1815 1132 1862 certo
1168 1799 1568 1888 magistratui
1601 1815 1700 1864 tot
1730 1798 1978 1888 legibus
2001 1796 2250 1860 deferre
2274 1814 2494 1885 posset

361 1919 524 1988 quot
566 1903 801 1967 scelera
839 1920 1267 1992 patrarentur,
1296 1907 1568 1970 omnino
1601 1927 1861 1968 necesse
1895 1905 2018 1967 fuit
2062 1919 2137 1966 ut
2171 1901 2488 1989 quodam-

362 2006 563 2071 modo
597 2007 679 2070 de
709 2008 1169 2088 jurisdictione.
1188 2033 1305 2073 sua
1336 2008 1678 2130 decexderet
1700 2057 1718 2089 ,
1758 2031 1952 2096 quam
1988 2007 2318 2096 perpetuis
2347 2007 2492 2093 qui-

362 2112 635 2178 busdam
670 2115 1148 2204 magistratibus
1182 2117 1249 2180 in
1283 2131 1675 2205 perpetuum
1713 2113 2120 2178 concederet.
2149 2110 2314 2176 Inde
2336 2128 2494 2176 ortae

362 2223 733 2308 quaestiones
768 2221 889 2286 illae
905 2239 1235 2310 perpetuas
1266 2245 1411 2309 quae
1444 2222 1732 2312 primum
1764 2244 1940 2285 anno
1965 2220 2098 2298 604
2118 2269 2137 2302 ,
2169 2219 2310 2307 lege
2343 2221 2496 2283 Cor-

368 2329 531 2391 nelia
566 2326 649 2391 de
680 2327 1091 2416 repetundis,
1125 2327 1333 2392 multo
1366 2326 1617 2392 firmius
1658 2343 1882 2414 postea
1928 2311 2204 2390 Sullanis
2246 2325 2496 2412 legibus

368 2435 636 2497 fuerunt
663 2434 1050 2500 constitutae.

454 2540 604 2604 Non
646 2562 717 2603 ea
750 2555 967 2603 autem
1006 2538 1182 2627 apud
1219 2538 1461 2620 judicia
1497 2538 1582 2603 de
1626 2537 1854 2625 quovis
1905 2550 2161 2623 poterat
2211 2534 2498 2598 facinore

325 2711 336 2719 ..
367 2645 717 2734 cognosci,
744 2666 967 2707 verum
998 2642 1265 2732 singulis
1299 2641 1769 2731 quaestionibus
1797 2663 1916 2704 sua
1943 2655 2078 2704 erat
2111 2660 2504 2728 cognoscen-

369 2749 605 2813 dorum
638 2751 985 2813 criminum
1018 2771 1164 2836 pars
1195 2748 1520 2812 attributa.
1547 2747 1652 2810 Sic
1675 2746 1969 2826 majestas
1993 2793 2010 2826 ,
2048 2744 2368 2826 ambitus,
2401 2767 2502 2808 re·-

367 2853 673 2946 petundae
692 2903 711 2937 ,
744 2855 1079 2942 peculatus
1095 2901 1113 2935 ,
1147 2854 1485 2942 proprium
1517 2873 1710 2916 suum
1739 2849 2150 2938 quoesitorem
2177 2849 2462 2913 habuere
2483 2898 2500 2931 ,

370 2983 607 3048 nempe
634 2983 843 3024 unum
876 2982 955 3024 ex
990 2983 1097 3024 sex
1136 2959 1236 3023 his
1274 2959 1399 3046 qui.
1424 2957 1776 3047 quotannis
1809 2956 2236 3046 eligebantur,
2265 2971 2502 3043 praeto·-

366 3067 572 3146 ribus‚
608 3067 887 3155 exceptis
919 3067 1173 3131 urbano
1206 3080 1269 3130 et
1294 3065 1664 3154 peregrinm
1693 3085 1978 3151 quorum
2021 3062 2182 3126 alter
2226 3062 2502 3141 civium,

369 3173 531 3238 alter
572 3173 1065 3263 peregrinorum
1110 3170 1628 3252 jurisdictionem
1679 3168 2083 3234 exercebant.
2137 3167 2242 3230 Sic
2297 3189 2506 3254 usque

372 3277 454 3342 ad
483 3279 723 3345 Sullam
750 3279 1022 3344 exercita
1056 3279 1311 3366 publica
1340 3277 1582 3358 judicia
1601 3326 1620 3359 ,
1646 3277 1736 3340 ita
1768 3292 1844 3342 ut
1876 3276 1928 3340 si
1965 3276 2211 3339 crimen
2240 3271 2506 3362 aliquod

374 3402 609 3474 praeter
644 3409 713 3449 ea
767 3409 911 3474 quoe
951 3384 1277 3449 nominata
1312 3400 1502 3466 sunt,
1535 3383 1919 3463 deferretur,
1951 3381 2094 3468 lege
2134 3380 2260 3444 lata
2297 3403 2508 3444 novus

374 3494 703 3588 qqaesitor,
737 3493 848 3581 qui
882 3491 965 3556 de
1006 3514 1086 3555 eo
1124 3489 1434 3564 duntaxat
1470 3501 1926 3579 cognosceret,
1981 3488 2506 3558 constitueretur.

376 3599 553 3666 Sulla
590 3615 873 3686 quatuor
905 3597 1231 3686 prioribus
1269 3596 1734 3685 quaestionibus
1766 3595 1917 3658 alias
1957 3610 2238 3682 quatuor
2272 3591 2508 3671 adjecit

378 3705 461 3768 de
491 3705 731 3769 sicariis
753 3753 770 3786 ‚
806 3703 887 3768 de
925 3701 1279 3778 veneficiis,
1316 3702 1396 3765 de
1428 3700 1600 3776 falsis
1623 3749 1641 3782 ,
1679 3699 1762 3774 de
1789 3715 2102 3786 corrupto
2133 3695 2415 3777 judicio,
2444 3713 2508 3760 et

376 3828 719 3906 propterea
748 3825 1101 3898 praetorum
1138 3830 1485 3873 numerum
1515 3806 1724 3882 auxit,
1769 3806 1856 3868 ita
1901 3821 1975 3867 ut
2008 3805 2226 3867 octoni
2259 3819 2475 3868 essent
2493 3851 2512 3882 ‚

379 3942 416 3982 e
445 3919 683 4007 quibus
712 3939 819 3980 sex
840 3917 1188 4003 quotannis
1212 3915 1293 3978 de
1322 3912 1648 3977 maleficiis
1677 3927 2059 3999 quaererent.

469 4027 607 4089 Jam
640 4021 799 4111 quid
836 4022 1263 4086 certissimum
1308 4020 1498 4084 nobis
1531 4019 1616 4084 de
1655 4019 1981 4107 prioribus
2016 4033 2300 4105 quatuor
2334 4039 2513 4103 quae-

384 4129 702 4195 stionibus
724 4178 741 4209 ‚
772 4127 1013 4216 quippe.
1046 4129 1301 4210 majoris
1337 4127 1684 4207 momenti,
1711 4126 2023 4214 supersit,
2051 4123 2272 4212 paucis
2301 4145 2376 4184 ex
2409 4145 2518 4188 or·

386 4235 539 4299 dine
568 4233 973 4298 disseremus.
