2984 4684
724 324 1129 398 ORATIO
1177 327 1384 398 PRo
1432 328 1509 397 P.
1560 317 2041 417 QUINTm.
2354 329 2449 406 33

325 450 612 549 quidem
649 474 819 520 vera
847 447 1082 547 palam
1122 447 1470 546 loquitur.
1511 451 1796 520 Etenim
1840 453 1899 520 si
1930 449 2088 520 vult
2126 453 2449 526 virorum

325 560 686 632 bonorum
711 561 1048 631 instituto
1071 561 1334 646 vivere,
1361 559 1590 629 multa
1623 572 1914 657 oportet
1944 559 2171 632 discat
2188 617 2206 651 ,
2232 578 2453 662 atque

327 670 682 743 dediscat:
717 692 1037 767 quorum
1065 669 1168 738 illi
1205 671 1392 740 aetati
1441 683 1837 767 utrumque
1870 669 2164 744 difficile
2198 689 2325 744 est.

411 784 672 852 XVIII.
727 784 892 853 Non
942 775 1309 869 dubitavi,
1363 781 1639 876 inquit,
1684 803 1917 876 quum
1957 781 2457 855 vadimonium

281 929 286 939 ·
325 891 686 964 desertum
725 903 913 960 esset
939 943 958 977 ,
999 886 1198 960 bona
1232 887 1708 988 proscribere.
1740 889 2082 988 Improbe
2113 918 2129 962 :
2166 918 2415 966 verum
2438 949 2459 984 ,
2552 899 2563 912 “

325 1005 667 1099 quoniam
703 1015 783 1071 tu
812 999 888 1071 id
921 998 1053 1070 tibi
1085 1023 1410 1098 arrogas,
1437 1014 1511 1070 et
1538 998 1839 1070 concedi
1873 1001 2196 1098 postulas
2216 1056 2237 1091 ,
2275 1028 2453 1076 con-

327 1111 682 1184 cedamus.
733 1109 970 1200 Quid,
1014 1114 1074 1182 si
1121 1135 1525 1208 numquam
1570 1109 1930 1181 deseruit?
1970 1114 2027 1182 si
2068 1115 2203 1184 ista
2246 1139 2459 1188 causa

322 1223 446 1294 abs
479 1238 550 1293 te
579 1235 734 1292 tota
753 1245 885 1319 per
907 1244 1264 1291 summam
1289 1219 1620 1292 fraudem
1649 1234 1725 1292 et
1746 1221 2085 1291 malitiam
2118 1219 2286 1294 ficta
2306 1227 2457 1297 est?

323 1338 376 1404 si
423 1332 925 1404 vadimonium
975 1333 1279 1402 omnino
1331 1330 1464 1402 tibi
1513 1354 1682 1401 cum
1714 1335 1788 1402 P.
1822 1333 2129 1423 Quintio
2170 1335 2455 1406 nullum
2512 1411 2519 1418 ,

324 1442 506 1514 fuit?
563 1466 716 1540 quo
795 1455 866 1511 te
921 1443 1219 1512 nomine
1299 1437 1798 1540 appellemus?
1852 1441 2323 1540 improbum?
2382 1461 2458 1518 at

323 1555 594 1624 etiamsi
641 1551 1006 1623 desertum
1065 1550 1566 1625 vadimonium
1620 1565 1837 1640 esset,
1870 1565 2109 1623 tamen
2134 1608 2153 1641 ,
2196 1557 2273 1625 in
2318 1559 2457 1629 ista
2524 1601 2529 1608 -

322 1664 808 1762 postulatione
855 1676 928 1732 et
969 1665 1501 1761 proscriptione
1554 1658 1922 1731 bonorum
1948 1716 1967 1751 ,
2013 1649 2459 1763 improbissi-

321 1799 480 1845 mus
503 1771 992 1871 reperiebare:
1025 1797 1206 1842 num
1241 1769 1725 1842 malitiosum?
1756 1796 1907 1842 non
1928 1781 1949 1814 ¹
1980 1797 2241 1870 negas:
2270 1774 2455 1849 frau-

321 1885 702 1955 dulentum
723 1883 751 1953 ?
776 1883 922 1979 jam
957 1881 1032 1952 id
1065 1881 1364 1978 quidem
1396 1904 1687 1977 arrogas
1716 1880 1847 1951 tibi
1868 1935 1887 1971 ,
1919 1896 1995 1953 et
2030 1883 2453 1980 praeclarum

315 2009 570 2094 putas:
601 1992 988 2064 audacem?
1029 1991 1432 2090 cupidum?
1464 1989 1988 2090 perfidiosum?
2015 1993 2336 2090 vulgaria
2380 2014 2453 2070 et

316 2105 644 2177 obsoleta
683 2117 896 2192 sunt3
942 2127 1055 2173 res
1097 2117 1343 2174 autem
1377 2125 1567 2172 nova
1606 2114 1828 2199 atque
1858 2101 2204 2176 inaudita.
2255 2106 2452 2197 Quid

315 2241 487 2314 ergo
525 2216 688 2292 est?
719 2237 975 2284 vereor
1019 2210 1468 2299 mehercule,
1512 2236 1606 2296 ne
1650 2227 1779 2283 aut
1810 2213 2259 2310 gravioribus
2289 2231 2455 2290 utar

313 2324 554 2396 verbis
572 2378 593 2412 ,
625 2347 845 2421 quam
883 2336 1140 2393 natura
1173 2319 1345 2408 fert,
1371 2336 1501 2392 aut
1528 2319 1954 2413 levioribus,
1986 2348 2207 2422 quam
2241 2351 2454 2402 causa

314 2435 655 2535 postulat.
704 2435 829 2504 Ais
863 2457 1016 2504 esse
1051 2430 1551 2503 vadimonium
1593 2431 1981 2504 desertum.
2026 2437 2373 2526 Quaesivit
2408 2466 2453 2512 a

317 2561 410 2634 te,
439 2547 684 2617 statim
711 2557 794 2613 ut
813 2548 1117 2614 Romam
1144 2539 1382 2630 rediit,
1412 2543 1782 2632 Quintius,
1807 2567 1959 2638 quo
1988 2543 2105 2616 die
2131 2545 2453 2619 vadimo-

316 2658 522 2726 nium
559 2657 748 2723 istuc
784 2649 1053 2722 factum
1108 2675 1262 2722 esse
1300 2649 1623 2721 diceres:
1672 2651 2110 2748 respondisti
2163 2661 2451 2748 statim,

313 2768 530 2837 nonis
549 2759 692 2834 feb.
711 2757 1104 2834 Discedens
1133 2763 1210 2832 in
1239 2762 1661 2831 memoriam
1682 2759 1897 2832 rediit
1911 2764 2280 2855 Quintius,
2296 2793 2447 2864 quo

314 2876 432 2948 die
463 2879 698 2945 Roma
721 2876 799 2942 in
832 2873 1134 2944 Galliam
1161 2869 1533 2970 profectus
1566 2874 1694 2958 sit;
1737 2869 1830 2942 ad
1856 2871 2395 2970 ephemeridem
2417 2891 2447 2922 ²

312 2989 748 3059 revertitur:
779 2987 1147 3054 invenitur
1195 2981 1349 3054 dies
1379 2982 1876 3081 profectioniS,
1906 2984 2093 3082 prid.
2130 2985 2269 3060 kal.
2302 2988 2444 3063 seb.

309 3100 548 3168 Nonis
579 3093 724 3166 feb.
754 3097 814 3164 si
845 3099 1090 3165 Romoe
1118 3091 1292 3181 fuit,
1320 3117 1552 3165 causae
1583 3093 1685 3163 nil
1713 3093 2079 3184 dicimus³‚
2106 3101 2287 3196 quin
2313 3101 2445 3173 tibi

309 3207 816 3279 vadimonium
848 3207 1278 3302 promiserit.
1329 3203 1578 3295 Quid?
1614 3204 1755 3275 hoc
1802 3207 2111 3276 inveniri
2149 3213 2277 3306 qui
2317 3235 2449 3309 po-

311 3317 508 3390 test?
541 3313 914 3386 Profectus
955 3330 1065 3385 est
1096 3339 1244 3386 una
1281 3319 1360 3386 L.
1397 3314 1652 3386 Albius
1672 3369 1693 3402 ,
1737 3313 1961 3387 homo
1994 3341 2163 3388 cum
2194 3324 2447 3416 primis

243 3469 250 3474 ·
311 3427 720 3498 honestus:
758 3423 948 3494 dicet
989 3426 1508 3497 testimonium.
1552 3429 1985 3523 Prosequuti
2032 3444 2206 3499 sunt
2249 3428 2452 3504 fami-

309 3678 472 3726 milias
497 3675 797 3740 quicumque
833 3673 910 3722 sui
937 3673 1062 3735 juris
1090 3686 1193 3736 est,
1218 3676 1270 3726 h.
1296 3676 1335 3726 1.
1427 3676 1675 3735 diarium,
1706 3676 1901 3726 libellus
1936 3687 2007 3726 est
2032 3679 2086 3726 in
2113 3693 2257 3743 quem
2281 3685 2449 3745 quoti-

309 3759 394 3805 vir
417 3755 606 3820 probus
633 3765 686 3802 et
711 3753 842 3816 frugi
871 3752 1184 3817 significatur.
1429 3755 1585 3804 dianae
1605 3757 1821 3804 actione·
1842 3757 2134 3806 inferuntur.

387 3838 579 3884 xvm.
613 3850 659 3881 1.
685 3833 870 3882 Aberat
896 3849 1028 3890 non,
1058 3850 1202 3898 quam
1227 3834 1336 3884 h.1.
1500 3837 1550 3884 3.
1572 3836 1745 3884 Causa·
1775 3837 1849 3884 nil
1874 3835 2053 3885 dicimu
2024 3855 2101 3888 us.
2124 3837 2239 3887 Non
2260 3855 2451 3889 recusa·

311 3914 630 3963 necessariam
653 3884 880 3959 voculam
905 3928 968 3959 ex
992 3911 1698 3976 sunt.1zme⁸t.mus,non
1734 3914 1859 3963 ms
1824 3927 1889 3964 t
1864 3933 2016 3967 amur.
2054 3919 2283 3968 Notanda
2320 3923 2454 3972 locu-

313 3991 606 4057 pootLamI).
616 3989 825 4038 addidit.
842 3990 1002 4039 Habet
1015 3992 1160 4040 etiam
1175 3995 1337 4043 Garat.
1430 3997 1468 4043 ti
1471 4012 1519 4044 o.
1541 3995 1621 4042 Sic
1648 3996 1844 4043 Terent.
1878 3997 2037 4046 «Non
2056 4015 2247 4047 causam
2268 4001 2317 4048 di
2304 4019 2453 4063 1,cam

387 4071 738 4138 meEphemer
721 4070 868 4120 1'.dem
899 4059 1167 4138 ἐφημὶρὶς,
1192 4072 1342 4122 latine
1430 4075 1555 4140 quin
1570 4107 1587 4137 ,
1614 4073 1751 4139 quod
1777 4075 1975 4124 meritus
1994 4088 2095 4139 est,
2132 4077 2279 4127 fian.

510 4165 564 4232 I·
619 4181 715 4228 eie.
731 4195 842 4242 pars
871 4177 1106 4226 secunda.
2226 4163 2267 4233 3
