2984 4684
465 346 602 392 202
1115 324 1212 391 M.
1253 322 1334 391 Τ.
1387 322 1949 413 CICERONIS

559 449 670 517 Tu
691 466 866 517 vero
884 498 906 533 ,
941 442 1402 541 Caecili,quid
1438 444 1696 542 potes?
1720 468 1873 542 qno
1908 457 2275 541 tempore,
2298 459 2425 515 ant
2444 470 2597 543 qua

393 620 402 629 .
455 558 532 625 in
555 579 636 626 re
662 580 813 627 non
843 554 1064 627 modo
1099 557 1466 653 specimen
1505 558 1758 626 ceteris
1794 552 2093 651 aliquod
2118 552 2418 643 dedisti,
2458 557 2591 628 sed
2660 612 2673 623 ,

439 678 614 771 ⁸tute
638 670 743 736 tui
759 670 790 719 ⁴
813 664 1216 763 periculum
1239 662 1513 737 fecisti?
1535 668 1621 735 In
1650 677 1975 735 mentem
2002 662 2137 735 tibi
2166 654 2319 735 non
2352 672 2589 752 venit,

457 775 634 873 quid
663 778 934 873 negotii
960 780 1054 846 sit
1082 800 1368 847 causam
1399 775 1771 875 publicam
1804 776 2204 847 sustinere?
2234 780 2457 847 vitam
2484 777 2587 849 al-

452 888 676 956 terius
699 899 924 955 totam
949 886 1356 982 explicare?
1380 901 1599 984 atque
1618 910 1775 958 eam
1796 911 1947 957 non
1976 884 2199 957 modo
2228 888 2305 957 in
2329 889 2589 959 animis

449 997 812 1092 judicum,
868 998 992 1070 sed
1023 1000 1236 1069 etiam
1281 1001 1356 1070 in
1395 999 1623 1071 oculis
1660 1012 2207 1097 conspectuque
2252 1001 2591 1073 omnium

457 1111 872 1207 exponere?
923 1110 1284 1181 sociorum
1342 1110 1646 1183 salutem
1670 1164 1691 1198 ,
1746 1107 2131 1181 commoda
2184 1112 2591 1207 provincia-

451 1244 652 1303 rum,
679 1222 822 1289 vim
853 1219 1092 1317 legum
1111 1274 1130 1309 ,
1168 1225 1585 1317 gravitatem
1606 1220 2047 1315 judiciorum
2078 1216 2516 1293 defendere?

549 1332 671 1400 lx.
708 1334 1080 1426 Cognosce
1111 1355 1200 1403 ex
1227 1354 1380 1420 me,
1403 1335 1749 1427 quoniam
1778 1330 1921 1402 hoc
1948 1332 2269 1427 primum
2300 1344 2591 1429 tempus

453 1439 776 1513 discendi
813 1454 1065 1511 nactus
1101 1464 1212 1527 es,
1250 1466 1470 1539 quam
1512 1441 1741 1513 multa
1775 1464 1931 1512 esse
1972 1454 2309 1539 oporteat
2340 1441 2417 1509 in
2460 1465 2591 1527 eo,

454 1556 582 1649 qui
623 1550 928 1621 alterum
963 1565 1250 1623 accuset
1292 1579 1310 1621 :
1359 1576 1448 1623 ex
1484 1550 1755 1647 quibus
1803 1552 1861 1623 si
1906 1574 2139 1623 unum
2179 1550 2471 1648 aliquod
2512 1553 2589 1622 in

455 1675 532 1734 te
566 1664 1020 1758 cognoveris,
1051 1685 1188 1760 ego
1219 1662 1368 1758 jam
1415 1660 1553 1732 tibi
1598 1664 1751 1759 ipse
1794 1663 2013 1744 istuc,
2044 1660 2247 1758 quod
2283 1666 2591 1763 expetis,

455 1794 616 1843 mea
641 1769 1012 1843 voluntate
1043 1770 1460 1843 concedam.
1498 1772 1818 1841 Primum
1848 1772 2333 1869 integritatem
2366 1784 2591 1868 atque

451 1883 941 1954 innocentiam
971 1880 1430 1979 singularem.
1463 1880 1658 1953 Nihil
1694 1894 1803 1952 est
1843 1885 2036 1953 enim
2061 1936 2081 1969 ,
2108 1880 2311 1979 quod
2346 1886 2593 1954 minus

453 1992 838 2066 serendum
869 1994 960 2065 sit
978 2047 997 2078 ‚
1020 2016 1240 2089 quam
1263 1997 1619 2064 rationem
1650 1988 1743 2062 ab
1766 1990 1996 2069 altero
2013 1992 2177 2062 vitae
2202 2016 2591 2090 reposcere

453 2130 616 2178 eum
635 2159 655 2192 ‚
693 2107 994 2202 quinon
1024 2108 1248 2201 possit
1283 2128 1426 2175 suae
1456 2103 1783 2175 reddere.
1826 2105 1957 2174 Hic
1985 2128 2127 2200 ego
2150 2100 2243 2173 de
2270 2117 2346 2173 te
2382 2102 2591 2200 plura

452 2239 608 2286 non
639 2213 871 2285 dicam
900 2242 916 2285 ε
950 2239 1181 2284 unum
1220 2213 1398 2286 illud
1439 2212 1659 2285 credo
1692 2237 1950 2285 omnes
1974 2212 2589 2298 animadvertere,

453 2339 526 2396 te
561 2324 799 2397 adhuc
837 2324 928 2396 ab
967 2325 1222 2411 nullis,
1263 2326 1401 2397 nisi
1439 2350 1478 2396 a
1522 2324 1803 2413 Siculis,
1841 2327 2165 2421 potuisse
2200 2329 2589 2422 cognosci3

453 2436 732 2509 Siculos
773 2437 916 2508 hoc
963 2436 1240 2523 dicere,
1281 2460 1513 2535 quum
1553 2434 1787 2507 eidem
1824 2436 1971 2507 sint
2011 2436 2205 2523 irati,
2248 2436 2369 2506 cui
2400 2448 2478 2505 tu
2517 2449 2591 2505 te

351 2626 367 2643 .
452 2549 823 2620 inimicum
869 2572 1024 2620 esse
1063 2548 1282 2633 dicis,
1315 2572 1470 2619 sese
1509 2562 1749 2618 tamen
1772 2600 1793 2633 ‚
1837 2560 1911 2617 te
1946 2559 2233 2635 actore,
2273 2544 2364 2617 ad
2392 2544 2591 2640 judi-

451 2664 642 2731 cium
671 2684 822 2730 non
852 2658 1234 2731 affuturos.
1258 2662 1503 2751 Quare
1527 2670 1799 2755 negent
1817 2710 1836 2745 ,
1858 2682 1947 2729 ex
1968 2682 2087 2727 me
2117 2680 2269 2727 non
2295 2654 2589 2727 audies:

450 2766 585 2839 hos
610 2782 855 2866 patere
889 2768 962 2839 id
989 2770 1368 2867 suspicari,
1400 2768 1597 2864 quod
1628 2792 1919 2839 necesse
1944 2782 2071 2839 est.
2105 2766 2219 2839 Illi
2256 2766 2591 2864 quidem,

449 2891 535 2948 ut
555 2892 664 2949 est
683 2877 1065 2949 hominum
1094 2903 1320 2976 genus
1355 2880 1568 2949 nimis
1604 2892 1899 2951 acutum
1924 2888 1945 2921 ¹
1979 2892 2053 2949 et
2080 2878 2589 2974 suspiciosum,

449 3012 604 3059 non
643 3002 715 3058 te
757 3012 848 3058 ex
883 2989 1118 3059 Sicilia
1161 2988 1446 3060 literas²
1489 2990 1567 3059 in
1596 2992 1896 3061 Verrem
1938 2982 2367 3085 deportare-'⁵
2404 2986 2593 3057 velle

449 3095 916 3205 arbitrantur,
963 3098 1125 3185 sed,
1168 3122 1398 3195 quum
1418 3103 1450 3152 4
1481 3098 1733 3170 iisdem
1779 3097 2005 3171 literis
2041 3096 2235 3169 illius
2276 3112 2593 3197 praetura

448 3329 738 3394 interpam
751 3362 768 3391 ,
805 3336 856 3375 et
891 3327 1166 3377 emi-sario·
1181 3362 1198 3387 ,
1233 3338 1286 3377 et
1325 3344 1472 3379 omne

449 3407 590 3474 quod
607 3408 720 3457 vitii
735 3418 824 3457 eet.

517 3496 573 3544 4.
609 3490 730 3535 Tute
763 3486 853 3536 mi.
901 3486 1074 3549 solus,
1106 3488 1308 3537 remotis
1333 3488 1472 3537 urbi-

451 3565 564 3630 trie,
591 3570 1171 3631 quntuoeesaentvirea,
1193 3568 1472 3635 perteipae

448 3656 678 3710 expertus
696 3648 784 3695 ee?

518 3726 611 3773 11.
658 3740 704 3774 x.
740 3727 971 3775 Acutum.
1012 3728 1204 3791 Ingenii
1246 3726 1470 3776 acumine

349 3866 356 3873 ὁ
449 3802 641 3851 Siculos
683 3803 890 3853 valuisse
943 3806 1160 3855 ostendit
1201 3807 1378 3872 sapiu·
1415 3806 1470 3855 in

450 3884 590 3931 Verr-
615 3892 666 3929 et
687 3882 741 3929 in
775 3884 913 3931 Brut.
943 3884 1007 3932 de
1043 3886 1207 3933 Sicilia
1235 3886 1470 3950 loquens,

449 3982 478 4005 ιι
498 3960 634 4025 qnod
669 3972 824 4024 esset,
849 3963 1035 4028 inquit,
1072 3978 1212 4015 acuta
1241 3966 1324 4016 illa
1351 3982 1470 4033 gens

449 4052 500 4091 et
519 4050 830 4091 conuovoeaa
853 4052 1022 4091 natura
1039 4066 1080 4092 ιο.

1632 3346 1683 3378 n.
1732 3328 1941 3379 utem.
1984 3329 2285 3379 're-dmoni,
2304 3362 2323 3389 ‚
2364 3329 2593 3395 publicae

1559 3408 1811 3459 civitatum
1838 3410 2051 3459 tabulae.

1630 3488 1678 3535 3.
1700 3490 1989 3555 Deponm.
2014 3490 2087 3539 Ut
2120 3490 2481 3539 accusationem
2510 3492 2589 3539 in-

1558 3571 1745 3618 stituas.
1776 3570 2073 3619 accusatori
2114 3571 2391 3619 constituto
2440 3580 2593 3635 pote-

1558 3658 1657 3697 stas
1700 3649 1861 3699 Acilia
1902 3650 2009 3715 legu
2053 3648 2236 3711 fiebat,
2282 3653 2448 3699 onnia
2484 3666 2591 3699 non

1556 3726 1711 3777 modo
1730 3732 1903 3779 Romu.-
1918 3764 1935 3793 ,
1968 3728 2056 3778 sed
2073 3728 2221 3778 etiam
2240 3730 2295 3777 in
2318 3729 2595 3795 provinciis

1558 3808 1847 3873 obaignandi
1892 3825 1952 3857 ac
1992 3808 2318 3875 deportandi,
2367 3824 2479 3875 qun
2522 3808 2591 3857 ad

1556 3889 1905 3938 instituendam
1943 3892 2309 3940 accusationem
2342 3891 2591 3955 pertinere

1558 3968 1871 4019 existimaret.

1632 4056 1685 4105 4.
1706 4048 1903 4121 liabent
1940 4050 2079 4115 quod
2102 4050 2331 4100 nonnulli
2366 4047 2515 4097 codd.
2538 4060 2591 4097 et
