2984 4684
744 371 857 440 IN
906 370 1355 440 VERREM
1403 371 1620 441 ACT.
1654 373 1774 458 II,
1825 372 2023 440 LIB.
2058 372 2158 441 11.
2379 367 2522 458 423

380 507 529 581 ret,
572 489 801 590 quos-⁹·
836 491 1279 592 postularat?
1306 492 1570 567 deinde
1609 509 1690 565 tu
1717 519 1847 566 eur
1867 508 2036 592 post
2059 493 2251 566 illius
2271 493 2518 594 fugam

376 603 658 700 judices
686 603 862 675 alios
900 606 1197 676 sortitus
1233 629 1345 694 eS,
1383 606 1445 676 si
1480 629 1638 695 eos,
1677 608 1806 704 qui
1843 621 2052 678 erant
2088 621 2300 678 antea
2339 606 2524 692 dati,

380 717 767 812 utriusque
828 714 1133 786 dederas
1192 716 1620 788 voluntate?
1679 716 1942 788 deinde
1999 731 2270 788 ceteras
2327 717 2522 790 dicas

379 849 637 898 omnes
675 824 800 896 ino
846 823 1053 897 foro‘*
1077 829 1175 897 M.
1217 828 1632 898 Postumius
1676 841 1993 924 quaestor
2035 831 2334 900 sortitus
2367 845 2521 901 est:

380 934 569 1006 hano
603 935 827 1006 solam
856 951 939 1008 tu
974 936 1101 1012 illo
1136 951 1501 1008 conventu
1536 940 1898 1036 reperiere
1933 939 2251 1011 sortitus,
2287 945 2480 1037 Ergo
2503 995 2524 1028 ‚

378 1044 661 1142 inquiet
692 1046 989 1144 aliquis,
1032 1045 1329 1118 donavit
1365 1047 1644 1146 populo
1682 1052 2127 1145 Syracusano
2167 1049 2358 1120 illam
2389 1051 2519 1122 he-

381 1153 780 1228 reditatem.
820 1159 1176 1246 Primum,
1197 1159 1255 1229 si
1282 1157 1355 1228 id
1390 1158 1726 1230 confiteri
1753 1159 2001 1246 velim,
2027 1175 2272 1232 tamen
2301 1161 2520 1232 istum

378 1265 917 1356 condemnetis,
945 1291 1239 1340 necesse
1268 1283 1417 1340 est:
1441 1293 1686 1365 neque
1715 1271 1910 1341 enim
1930 1271 2362 1367 permissum
2385 1286 2526 1358 est,
2607 1331 2612 1336 .

378 1389 461 1446 ut
500 1377 804 1475 impune
840 1375 1055 1450 nobis
1092 1378 1341 1466 liceat,
1374 1375 1582 1476 quod
1633 1378 1844 1450 alicui
1882 1381 2398 1476 eripuerimu's‚
2446 1381 2522 1453 id
2625 1397 2632 1406 “

377 1485 581 1558 alteri
623 1488 924 1560 tradere.
952 1493 1225 1561 Verum
1270 1515 1359 1561 ex
1394 1491 1531 1560 ista
1575 1490 1948 1587 reperietis
1983 1488 2382 1563 hereditate
2426 1494 2526 1562 ita

378 1598 597 1700 istum
640 1599 1037 1697 praedatum
1058 1653 1078 1688 ‚
1108 1614 1189 1670 ut
1225 1623 1592 1700 perpauca
1635 1601 1922 1672 occulte
1957 1598 2248 1691 fecerit3
2281 1591 2519 1702 popu·

376 1705 529 1780 lum
570 1707 869 1806 quidem
912 1713 1439 1806 Syracusanum
1476 1711 1552 1781 in
1589 1703 1974 1782 maximam
2017 1712 2362 1784 invidiam
2397 1739 2526 1786 sua

373 1815 705 1908 infamia,
742 1819 978 1890 alieno
1024 1817 1360 1918 praemio⁵
1400 1821 1854 1919 pervenisse3
1897 1844 2174 1918 paucos
2210 1825 2516 1918 Syracu·

374 1951 627 2018 sanos,
697 1954 823 2002 eos
845 1982 866 2017 ‚
932 1933 1060 2028 qui
1112 1955 1191 2002 se
1234 1954 1437 2001 nunc
1480 1927 1772 2029 publice
1817 1927 2252 2002 laudationis
2310 1957 2526 2004 causa

370 2042 649 2111 venisse
687 2036 976 2129 dicunt,
1031 2055 1105 2112 et
1150 2055 1328 2111 tunc
1371 2040 1759 2140 participes
1813 2038 2069 2138 praedae
2109 2037 2330 2114 fuisse
2357 2098 2377 2130 ‚
2446 2059 2521 2115 et

370 2173 574 2220 nunc
610 2173 762 2220 non
788 2150 877 2220 ad
914 2153 1122 2222 istius
1148 2149 1680 2240 laudationem,
1715 2149 1846 2222 sed
1874 2144 2018 2222 ad⁶
2049 2175 2520 2226 communem

372 2254 609 2328 litium
652 2261 1196 2332 aestimationem
1234 2263 1542 2332 venisse.

470 2369 945 2467 Posteaquam
976 2369 1361 2440 damnatus
1400 2385 1510 2440 est
1541 2369 1804 2442 absens
1825 2424 1844 2458 ,
1867 2362 2029 2441 'non
2059 2371 2295 2443 solum
2323 2374 2518 2446 illius

373 2475 816 2566 hereditatis,
832 2478 923 2550 de
952 2503 1096 2576 qua
1117 2476 1646 2575 ambigebatur,
1673 2503 1838 2577 quae
1867 2495 2020 2562 erat
2043 2486 2226 2553 H-S⁷
2253 2485 2523 2573 tricies,

372 2587 501 2659 sed
538 2592 867 2660 omnium
928 2587 1297 2660 bonorum
1344 2604 1820 2686 paternorum
1882 2591 2109 2686 ipsius
2169 2595 2518 2683 Heraclii,

372 2722 535 2796 quae
570 2723 722 2770 non
765 2703 1006 2769 minor
1050 2713 1203 2770 erat
1248 2704 1590 2797 pecunia,
1635 2699 1980 2798 palaestrae
2037 2705 2519 2798 Syracusano-

372 2835 576 2900 rum,
618 2811 763 2882 hoc
792 2825 941 2896 est,
979 2814 1470 2908 Syracusanis,
1515 2815 1883 2910 possessio
1917 2807 2297 2883 traditurss.
2343 2818 2524 2906 Quae

370 3001 603 3061 Boekius,
635 2996 815 3049 Schiitz
836 3035 851 3058 ,
881 2998 993 3062 :1353
1026 2999 1259 3047 omittunt
1283 3015 1396 3048 eum
1557 3000 1607 3048 6.
1635 2999 1724 3048 Ad
1749 3015 2072 3048 communem.
2095 3001 2226 3048 Socii
2253 3001 2336 3050 isti
2358 3003 2518 3052 furto·

332 3103 337 3116 ·
368 3075 583 3130 Grutero
601 3077 781 3144 plures.
800 3081 833 3130 J
837 3079 924 3127 .V.
951 3081 1006 3126 L.
1482 3095 1592 3126 rum
1610 3077 1778 3126 Verris
1809 3079 1926 3126 ideo
1967 3095 2102 3127 nune
2129 3082 2316 3128 venisse
2348 3083 2516 3132 viden-

439 3161 494 3222 3.
525 3161 717 3208 Ernest.
736 3175 852 3222 quo.
877 3158 1207 3222 Βεροιαίου
1242 3175 1391 3223 quos,
1482 3167 1582 3216 tur,
1607 3168 1668 3207 ut
1699 3173 1890 3206 causam
1922 3158 2019 3222 ipsi
2055 3175 2192 3206 suam
2228 3158 2518 3225 defendant,

368 3225 540 3288 mu‘ltio
558 3237 857 3288 auctoribus.
876 3238 907 3285 J
914 3273 929 3286 .
944 3241 1007 3286 V.
1040 3241 1098 3288 1..
1483 3247 1534 3285 ot
1550 3238 1704 3290 Verre
1731 3235 1960 3286 dammto
1973 3272 1990 3298 ‚
2011 3237 2108 3303 ipsi
2125 3237 2288 3286 litium
2301 3240 2512 3289 estima-

442 3327 495 3375 4.
518 3319 613 3366 1110
628 3319 767 3383 sbro-
791 3317 929 3365 Idem
962 3327 1037 3365 est
1069 3316 1154 3366 hio
1180 3331 1239 3364 ae
1272 3331 1393 3364 con·
1478 3325 1640 3364 tarum
1684 3327 1902 3381 portem,
1947 3333 2061 3381 qum
2099 3316 2170 3364 eis
2209 3333 2322 3366 cnm
2358 3319 2513 3369 Verre

368 3409 544 3449 ventus
568 3395 703 3461 (gall.
718 3407 897 3444 mesore
908 3429 926 3454 ,
946 3395 1151 3444 decadae
1172 3395 1395 3463 dejuris-
1482 3395 1758 3444 eommunis
1791 3406 1891 3457 est,
1931 3395 2204 3446 exsolvunt.
2240 3398 2342 3460 Ipsi
2381 3399 2515 3449 enim

367 3474 593 3543 diction).
621 3475 753 3524 Nota
780 3486 1047 3538 quaestores
1076 3476 1137 3524 de
1165 3477 1407 3536 mandato,
1482 3473 1622 3540 quod
1639 3475 1894 3535 Heraclio,
1927 3492 2021 3541 pro
2047 3492 2134 3524 sua
2159 3487 2322 3542 parte,
2349 3477 2516 3528 abstu-

368 3569 663 3623 proetoruim
692 3555 803 3614 iure
850 3552 1065 3602 dicendo
1108 3555 1391 3612 circumire,
1480 3553 1580 3602 lere
1593 3589 1608 3614 ,
1627 3557 1881 3604 restituere
1901 3557 2284 3620 repetundarum
2309 3555 2416 3622 loge
2435 3574 2518 3609 oo-

366 3647 423 3684 ιιι
456 3634 593 3702 apud
624 3633 817 3699 Angloe
859 3632 1051 3682 faciunt
1083 3636 1297 3684 «summi
1319 3636 1395 3696 iu·
1482 3645 1674 3698 geritur.
1693 3636 1822 3684 ‘Vide
1855 3651 1948 3700 pro
1970 3635 2100 3684 lub.
2119 3638 2256 3684 Post.

366 3715 501 3766 dice·
512 3737 557 3765 u.
1558 3729 1608 3774 7.
1635 3715 1742 3760 11-3·
1757 3714 1933 3764 tricies.
1961 3714 2107 3763 Liber
2131 3725 2278 3762 vetus
2306 3717 2518 3770 Fabricii

439 3791 490 3844 5.
513 3795 687 3845 Alieno
698 3790 925 3858 proemio.
949 3793 1015 3842 Η.
1037 3807 1083 3842 e.
1110 3793 1396 3858 palaentu·itn-
1482 3792 1630 3841 habet
1655 3815 1680 3834 α
1693 3795 1800 3842 H-s
1830 3793 1954 3843 CCC
1963 3815 2010 3842 ιο.
2044 3795 2126 3841 Sic
2153 3808 2352 3858 quoque
2384 3797 2518 3846 exhi·

366 3891 500 3935 mm
521 3875 594 3924 mi
612 3874 739 3924 enim
762 3871 857 3922 0011
873 3889 937 3922 οι
962 3872 1063 3920 hoo
1078 3875 1245 3922 vmi-
1270 3873 1399 3938 flagi·
1482 3872 1570 3921 het
1588 3855 1671 3921 ἑα.
1691 3872 1881 3921 meten.

368 3955 441 4002 tio
474 3955 737 4005 utilitatem
776 3967 1065 4020 percepere,
1104 3963 1161 4002 ut
1193 3956 1281 4018 qui
1307 3953 1401 4002 ooli
1560 3953 1608 4000 8.
1637 3952 1880 4002 Possessio
1907 3949 2133 4001 traditur.
2159 3954 2314 4002 Prout
2338 3967 2442 4006 erat
2469 3959 2522 4006 in

366 4032 659 4099 diripiendo
704 4035 885 4084 fuerint
922 4031 1211 4082 hereditatis
1252 4034 1401 4098 parti-
1488 4042 1782 4085 tutamento
1831 4043 2160 4097 preceptum
2203 4034 2296 4082 nisi
2345 4047 2521 4086 statuae

371 4111 519 4176 cipes.
1490 4121 1792 4175 ponerentur
1819 4111 1872 4160 in
1907 4111 2191 4162 hereditatis
2215 4127 2404 4178 partem
2434 4132 2517 4165 vo-
