2984 4684
756 416 871 487 IN
920 420 1360 489 VERREM
1410 416 1626 485 ACT.
1679 416 1792 501 ΙΙ,
1835 414 2024 483 LIB.
2078 414 2133 481 Ι.
2361 406 2502 505 293

366 532 838 609 nominibus9
876 536 969 611 de
1003 543 1240 639 capite
1262 593 1283 628 .‚
1334 550 1692 638 quantum
1733 532 2202 607 commodum
2245 529 2463 602 fuerit
2482 585 2503 616 ‚

365 646 717 719 frumeuti
765 647 1151 722 decumani
1186 649 1598 722 detraxerit.
1633 650 1868 717 Erunt
1899 648 2116 716 etiam
2160 639 2503 728 fortasse,

361 754 643 851 judices
656 812 677 846 ‚
694 762 825 857 qui
850 758 1059 831 illum
1076 760 1139 857 ej
1149 784 1237 832 us
1254 758 1742 859 peculatum¹⁰
1760 755 1874 827 vel
1897 754 2244 826 acerrime
2261 751 2500 823 vindi-

367 866 683 939 eandum
732 883 1029 967 putent,
1076 869 1280 968 quod
1319 874 1454 941 iste
1487 872 1586 939 M.
1616 864 1936 937 Marcelli
1976 878 2049 936 et
2083 868 2158 936 P.
2187 860 2504 935 Africani

366 992 873 1067 monumenta,
912 1004 1075 1077 quae
1108 981 1403 1052 nomine
1432 977 1769 1065 illorum,
1805 998 2056 1046 revera
2086 972 2342 1073 populi
2379 998 2502 1043 ro-

370 1089 565 1157 mani
594 1100 669 1159 et
696 1102 899 1160 erant
918 1144 937 1177 ‚
972 1104 1046 1162 et
1068 1089 1550 1179 habebantur,
1589 1112 1678 1160 ex
1705 1084 1890 1158 fanis
1919 1085 2504 1183 religiosissimis»,

369 1218 460 1268 ex
487 1194 795 1267 urbibus
819 1208 877 1243 ¹¹
920 1202 1285 1272 sociorum
1322 1215 1542 1299 atque
1585 1200 1986 1275 amicorum
2022 1220 2176 1269 non
2219 1192 2508 1266 dubita-

368 1310 553 1379 verit
593 1305 897 1383 auferre.

464 1420 549 1489 V.
615 1421 1041 1492 Ememerin
1088 1446 1179 1493 ex
1220 1421 1596 1521 peculatus
1639 1424 1856 1495 etiam
1893 1416 2173 1517 judicio
2212 1442 2228 1486 :
2279 1410 2506 1486 medi-

310 1565 315 1576 ·
370 1542 569 1600 tetur-
591 1527 689 1600 de
717 1528 1031 1604 ducibus
1057 1531 1414 1622 hostium,
1446 1557 1634 1631 quos
1668 1545 1966 1630 accepta
1996 1530 2306 1628 pecunia
2327 1522 2506 1595 libe·

368 1644 595 1729 ravit;
628 1640 900 1731 videat,
928 1642 1109 1742 quid
1140 1644 1231 1716 de
1252 1644 1389 1716 illis
1414 1642 1855 1744 respondeat
1874 1697 1894 1731 ,
1921 1664 2110 1740 q-uos
2141 1640 2219 1711 in
2247 1660 2502 1708 eorum

367 1750 617 1823 locum
650 1752 986 1828 subditos
1042 1755 1243 1827 domi
1294 1780 1439 1827 suae
1472 1756 1862 1828 reservavit
1881 1763 1960 1841 ’ς
2017 1762 2294 1849 quaerat
2351 1768 2508 1817 non

368 1862 642 1953 solum,
679 1865 1299 1962 quemadmodum
1339 1880 1598 1939 nostro
1625 1868 1947 1952 crimini5
1990 1884 2248 1933 verum
2289 1862 2508 1930 etiam

368 1996 527 2069 quo
555 1988 769 2072 pacto
796 2000 943 2063 sua}
973 1968 1410 2049 confessioni
1445 1979 1678 2077 possit
1703 1973 2020 2063 mederi3
2055 1973 2468 2044 meminerit
2486 2021 2506 2055 ‚

369 2106 445 2153 se
483 2086 736 2182 priore⁴
764 2090 1048 2158 actione
1066 2142 1087 2177 ‚
1126 2087 1441 2159 clamore
1480 2086 1736 2188 populi
1774 2084 2066 2158 romani
2094 2078 2358 2155 infesto
2395 2093 2503 2149 at-

368 2218 517 2291 que
556 2196 854 2267 inimico
894 2201 1284 2269 excitatum
1304 2252 1325 2286 ,
1386 2196 1802 2270 confessum
1844 2218 2039 2281 esse,
2083 2190 2306 2264 duces
2346 2215 2387 2260 a
2427 2213 2506 2259 se

370 2302 799 2401 praedonum
830 2309 1066 2378 securi
1095 2333 1246 2379 non
1276 2331 1428 2380 esse
1458 2329 1966 2407 percussos;se
1992 2304 2142 2399 jam
2165 2316 2325 2373 tum
2353 2324 2510 2371 esse

370 2419 680 2487 veritum
704 2472 725 2503 ‚
782 2442 877 2489 ne
922 2416 1061 2489 sibi
1105 2420 1391 2496 crimini
1433 2416 1751 2505 daretur,
1787 2438 1913 2486 eos
1949 2412 2042 2484 ab
2082 2437 2160 2484 se
2200 2412 2513 2510 pecunia

372 2523 748 2614 liberatos;
775 2524 1087 2598 fateatur
1115 2526 1190 2598 id
1207 2581 1227 2616 ‚
1252 2525 1455 2626 quod
1488 2531 1734 2625 negari
1759 2550 1914 2596 non
1939 2536 2180 2621 potest
2201 2576 2220 2610 ‚
2258 2546 2334 2592 se
2367 2523 2512 2618 pri-

370 2631 665 2705 vatum³
694 2634 1104 2726 hominem,
1127 2637 1560 2736 praedonum,
1577 2636 1798 2708 duces
1826 2639 2032 2705 vivos
2068 2646 2286 2728 atque
2315 2634 2510 2702 inco-

374 2745 606 2818 lumes
633 2744 835 2819 domi
864 2772 1037 2838 suae,
1064 2763 1541 2848 posteaquam
1571 2754 1876 2822 Romam
1912 2744 2243 2833 redierit,
2279 2768 2516 2841 usque

376 2855 553 2926 dum
577 2880 711 2956 per
736 2884 852 2931 me
880 2859 1168 2933 licuerit
1186 2915 1207 2950 ‚
1245 2862 1565 2934 tenuisse
1582 2862 1652 2931 ‘⁴:-
1676 2859 1820 2931 hoc
1855 2862 1939 2929 in
1968 2855 2098 2928 iuo
2125 2855 2516 2953 majestatis

447 3128 497 3177 9.
525 3113 834 3167 Nominibus.
873 3117 1026 3181 Quod
1048 3116 1239 3181 aliquot
1264 3116 1403 3165 debi-
1487 3114 1745 3183 peculum
1771 3112 1965 3176 iudicio
1995 3112 2274 3183 absolutum
2299 3111 2387 3171 iri3
2413 3127 2516 3159 me-

378 3192 570 3240 tor-ihu·
609 3192 672 3241 de
709 3194 895 3260 capito,
938 3196 976 3247 ἰ.
1019 3213 1066 3246 e.
1106 3197 1170 3247 de
1213 3212 1400 3245 summa
1490 3196 1750 3245 ditandum
1763 3196 1838 3244 illi
1855 3196 1972 3256 erit,
1996 3193 2250 3260 quomodo
2277 3210 2328 3241 ιο
2354 3192 2514 3241 defeu-

376 3270 605 3319 frumenti
633 3288 723 3320 ceu
750 3274 811 3323 de
846 3285 955 3323 toto
989 3276 1234 3325 frumento
1260 3275 1400 3343 quod
1489 3276 1601 3336 dat,
1621 3286 1716 3324 etc.
1744 3275 1889 3324 Verri
1915 3274 2174 3325 denuntiat
2193 3262 2368 3323 Ci'oero
2389 3272 2518 3332 iudi-

377 3350 567 3413 populo
586 3366 713 3400 rom.
736 3352 979 3402 debebant
1003 3355 1277 3415 decumani,
1292 3368 1401 3405 tnn-
1488 3356 1910 3417 damnietatis,
1921 3364 2130 3420 propter
2139 3352 2288 3401 duces
2301 3351 2520 3400 hostium

376 3438 483 3477 tum
519 3432 694 3477 Verre·
727 3428 967 3493 detraxit,
1014 3446 1067 3485 et
1101 3436 1153 3483 in
1180 3438 1405 3501 privatos.
1487 3434 1748 3495 liberatos,
1785 3445 1870 3484 aut
1897 3436 2042 3483 etiam
2065 3434 2117 3481 in
2139 3432 2316 3490 domo,
2343 3429 2403 3478 ui
2423 3430 2520 3477 iate

376 3524 495 3557 unm
530 3510 775 3559 convertit
814 3525 1055 3577 quantum
1092 3530 1179 3563 sun
1225 3516 1406 3565 nferre
1493 3513 1686 3563 dicebat
1700 3546 1716 3574 ,
1740 3524 1971 3574 servatos,
1989 3524 2039 3562 et
2061 3522 2356 3561 mercatores
2381 3509 2522 3560 iuno·

376 3586 641 3637 arbitratu·
664 3592 905 3640 ent-Vm.
931 3594 1034 3651 111,
1068 3595 1263 3657 panim.
1493 3594 1800 3641 ocuti-dmm
1824 3593 1877 3640 in
1904 3606 2076 3641 comm
2105 3590 2273 3638 locum
2293 3586 2524 3637 subditos

455 3668 866 3719 manentum».
900 3671 1160 3721 peculatus
1192 3674 1408 3738 appelln—
1494 3690 1554 3722 ac
1579 3672 1868 3720 trucidatos.
1883 3672 2104 3729 Verr.‘V,
2130 3670 2311 3732 39-52.

380 3756 589 3807 nat-,non
608 3748 769 3798 solum
784 3750 1013 3815 pecunie
1028 3761 1079 3800 et
1096 3768 1409 3803 nummorum
1570 3768 1624 3802 a.
1645 3750 1780 3799 Idem
1807 3750 2072 3799 Lambinus
2097 3747 2248 3798 habet
2280 3764 2527 3797 «re-erva-

376 3827 548 3890 rapina
564 3861 579 3889 ,
617 3828 703 3877 aed
728 3840 777 3878 et
804 3828 1023 3895 cujusvis
1048 3832 1117 3880 rei
1134 3866 1150 3891 ,
1186 3848 1298 3897 quae
1324 3850 1411 3898 pu·
1499 3833 1628 3893 rit»,
1647 3830 1784 3895 quod
1804 3830 1953 3890 male,
1970 3840 2028 3878 ut
2044 3828 2256 3882 videtur,
2283 3839 2524 3877 con-sonat

350 3952 357 3967 ,
377 3904 507 3955 Μία
528 3908 595 3955 cit
620 3917 672 3956 et
696 3908 871 3973 populi
898 3924 1023 3959 rom.
1501 3928 1616 3961 cnm
1631 3910 1880 3975 superiore
1895 3909 2157 3958 «liberavit
2167 3928 2209 3957 ι.
2228 3909 2261 3957 J
2267 3908 2347 3956 ,ἶ
2365 3908 2418 3956 1..

457 4001 537 4035 ιι.
580 3987 877 4046 Lambinus,
908 4000 995 4039 «et
1032 4006 1093 4039 ex
1138 3990 1343 4041 urbibus
1361 4013 1406 4041 ιο.
1571 3994 1627 4040 3.
1663 3988 1926 4039 Privatum.
1965 3988 2115 4054 Quod
2139 3988 2400 4049 majestatis
2425 3986 2527 4036 cri·

382 4063 535 4126 Quod
562 4068 731 4117 ‘'tarat-
757 4068 954 4134 probat.
1501 4086 1612 4119 meu
1641 4080 1726 4119 est.

453 4143 517 4191 V.
553 4162 596 4194 1.
622 4148 893 4196 Eruet-serie.
932 4150 1193 4215 Fingamus
1218 4166 1331 4199 eum
1356 4152 1409 4199 in
1575 4160 1621 4207 4.
1639 4149 1806 4199 anb.
1842 4147 2184 4198 manniae».
2205 4146 2259 4197 J.
2277 4148 2340 4195 V.
2361 4148 2418 4194 L-
