2984 4684
772 404 879 475 IN
930 406 1361 479 VERREM
1411 408 1632 476 AcT.
1687 408 1796 493 11,
1846 360 2030 477 Lm.
2081 411 2134 477 1.
2391 408 2526 509 307

391 552 591 616 cere,
622 525 1116 598 considerabo.
1147 530 1332 617 Vos,
1357 552 1630 625 quaem,
1659 526 1823 597 date
1853 528 1997 600 hoc
2017 583 2037 617 ,
2057 544 2128 600 et
2152 532 2530 608 concedite

391 636 655 738 pudori
697 663 891 722 me0‚
926 652 1009 708 ut
1046 638 1361 735 aliquam
1397 654 1680 737 partem
1717 636 1808 709 de
1838 638 2042 711 istius
2078 642 2531 741 impudentia

289 766 298 775 '
392 753 696 825 reticere
730 750 1023 849 possim.
1058 754 1291 821 Omne
1321 750 1503 822 illud
1531 764 1856 850 tempuS‚
1884 752 2086 849 quod
2115 750 2253 823 fuit
2273 810 2293 843 ‚
2324 770 2528 829 ante-

393 886 611 960 quam
652 860 915 933 istead
956 862 1410 959 magistratus
1445 884 1750 957 remque
1788 860 2160 961 publicam
2198 870 2533 958 accessit,

392 972 657 1045 habeat
690 996 821 1071 per
861 976 1027 1043 me4
1066 972 1387 1043 solutum
1427 996 1510 1043 ac
1550 970 1886 1043 liberum.
1921 972 2227 1044 Sileatur
2266 976 2357 1048 de
2401 1004 2534 1049 no-

392 1086 667 1155 cturnis
726 1083 881 1179 ejus
941 1081 1542 1154 bacchationibus
1609 1106 1694 1154 ac
1757 1082 2054 1179 vigiliis3
2108 1085 2457 1158 lenonum
2475 1086 2530 1179 ⁵,

390 1194 823 1283 aleatorum,
869 1191 1393 1293 perductorum
1437 1194 1639 1264 nulla
1684 1198 1958 1265 mentio
1994 1192 2152 1284 fiat3
2192 1195 2455 1270 damna
2473 1198 2532 1291 ⁶,

390 1303 775 1392 dedecora,
831 1328 995 1402 quae
1040 1328 1155 1376 res
1206 1306 1430 1402 patris
1468 1304 1686 1399 ejuS,·
1718 1318 1885 1377 aetas
1923 1308 2151 1405 ipsius
2188 1308 2530 1407 pertulit,

392 1429 949 1513 praetereantur3
998 1414 1366 1485 lucretur⁷
1414 1414 1680 1486 indicia
1713 1417 1978 1486 veteris
2021 1412 2367 1507 infamiae;
2405 1444 2534 1519 pa-

392 1518 647 1596 tiatur⁸
672 1525 825 1621 ejus
844 1526 991 1595 vita
1009 1525 1317 1621 reliqua,
1346 1549 1462 1596 me
1488 1524 1680 1596 hanc
1713 1539 1991 1596 tantam
2011 1525 2366 1622 jacturam
2393 1536 2535 1602 cri·

395 1637 674 1705 minum
728 1632 984 1706 facere.
1044 1636 1377 1724 Quaestor
1426 1638 1554 1707 Cn.
1595 1635 1940 1734 Papirios>
1997 1636 2280 1708 consuli
2337 1637 2540 1713 fuisti

392 1744 661 1817 abhinc
692 1768 923 1817 annos
966 1744 1522 1843 quatuordecim
1553 1774 1570 1815 :
1609 1769 1700 1816 ex
1739 1770 1822 1816 ea
1855 1744 1972 1818 die
2009 1746 2098 1817 ad
2127 1746 2315 1821 hanc
2343 1748 2540 1823 diem

394 1882 557 1953 quae
599 1854 868 1945 fecisti,
938 1857 1017 1927 in
1052 1856 1410 1955 judicium
1458 1880 1664 1927 voco,
1719 1860 1918 1927 Hora
1967 1854 2170 1927 nulla
2223 1882 2450 1933 vacua
2499 1889 2544 1935 a

393 1966 629 2055 furto,
660 1966 960 2054 scelere,
991 1964 1455 2053 crudelitate,
1480 1964 1753 2064 flagitio
1783 1969 2212 2063 reperietur.
2255 1970 2342 2038 Hi
2371 1986 2542 2043 sunt

394 2080 569 2150 anni
622 2079 1038 2177 consumpti
1084 2080 1161 2147 in
1222 2090 1617 2175 quaestura,
1678 2091 1752 2148 et
1798 2076 2156 2174 legatione
2195 2080 2538 2168 Asiatica,

394 2204 468 2261 et
503 2203 813 2288 praetura
844 2187 1164 2275 urbana,
1212 2201 1285 2259 et
1322 2202 1638 2286 praetura
1682 2186 2056 2258 Siciliensi.
2097 2189 2342 2275 Quare
2385 2190 2538 2265 haec

393 2299 645 2372 eadem
707 2300 846 2371 erit
896 2298 1424 2397 quadripartita
1480 2294 1896 2367 distributio
1959 2297 2183 2367 totius
2248 2322 2537 2373 accusa·-

392 2414 613 2484 tionis
648 2436 845 2483 meae.
2617 2410 2620 2413 ’

490 2516 677 2593 ΧΙΠ.
710 2524 1045 2612 Quaestor
1073 2530 1094 2562 ¹
1134 2543 1223 2589 ex
1255 2516 1886 2604 senatusconsulto
1918 2518 2366 2615 provinciam
2391 2547 2540 2594 sor-

1583 2710 1634 2759 8.
1662 2706 1913 2770 Patiqtur.
1939 2707 2148 2772 Reliqua
2163 2710 2270 2770 eius
2291 2684 2414 2771 vitu,
2427 2728 2540 2777 qun

1509 2806 1600 2855 per
1614 2806 1665 2836 se
1686 2789 1957 2836 accusatori
1974 2788 2234 2837 criminum
2249 2791 2368 2839 satis
2389 2791 2542 2853 dabit,

393 2720 443 2759 et
472 2710 603 2773 Desj.
629 2710 680 2758 in
698 2708 963 2775 judicium.
994 2710 1098 2773 Qui
1136 2726 1304 2759 sensus
1333 2709 1422 2758 mi-

394 2805 487 2837 nus
523 2790 705 2855 placet.
741 2816 814 2826 --
846 2790 1223 2855 Recognoscere.
1268 2790 1422 2853 Quasi

393 2878 525 2917 tanta
560 2870 624 2919 sit
655 2868 926 2919 similitudo
952 2880 1173 2935 paternae
1196 2870 1419 2935 turpitu-

392 2948 549 2998 dinis.¹

466 3038 519 3084 4.
550 3032 645 3077 Per
669 3044 763 3077 me.
793 3028 945 3093 Quod
966 3028 1029 3077 sd
1050 3046 1127 3077 me
1154 3028 1331 3079 attinet
1365 3038 1421 3077 ut

392 3104 483 3156 filii
531 3108 839 3177 turpitudine
889 3110 1086 3174 cognita
1104 3144 1119 3168 ,
1181 3110 1420 3158 continuo

390 3189 607 3253 parentis
630 3188 684 3235 in
708 3198 918 3237 mentem
943 3190 1125 3237 veniat.

466 3270 516 3316 5.
559 3270 829 3317 Lenonum.
867 3269 1008 3330 Quos
1042 3264 1220 3317 Verres
1257 3268 1421 3315 socios

392 3346 713 3395 admiscebat.
753 3374 825 3384 —
863 3348 1197 3397 perductores.
1237 3348 1279 3396 Ii
1306 3358 1423 3396 sunt

391 3427 482 3492 qui
504 3441 737 3491 personas
760 3427 839 3475 vel
861 3428 1040 3475 invitas
1066 3428 1210 3476 variis
1235 3428 1425 3478 artibus

393 3505 457 3555 ad
485 3505 695 3569 aliquem
731 3506 1031 3569 perducunt3
1052 3508 1106 3554 in
1144 3523 1245 3571 quo
1280 3507 1423 3556 disse-

393 3596 513 3635 runt
538 3602 568 3633 a
591 3584 868 3633 lenonibus.
897 3586 978 3633 Sic
993 3586 1263 3649 perducere
1281 3588 1419 3636 Suet.

394 3666 550 3731 Calig.
571 3665 665 3712 25:
691 3687 715 3706 ιι
730 3663 1019 3713 Perductum
1045 3681 1074 3711 a
1099 3666 1277 3713 marito
1296 3682 1419 3713 con-

387 3746 557 3806 junxit
579 3745 680 3793 asbi-
692 3766 737 3794 ο.
1132 3734 1138 3742 ”

466 3828 521 3875 6.
546 3828 747 3875 Damna
767 3825 831 3873 ad
850 3824 979 3873 bona
998 3824 1167 3889 patris,
1180 3822 1425 3873 dedecora

409 3902 443 3951 d
468 3916 658 3953 aetatem
674 3942 690 3966 ‚
714 3906 767 3955 h.
794 3921 842 3954 e.
861 3902 1241 3953 adolescentiam
1254 3904 1423 3952 Verris

397 3984 687 4035 reseruntur.

475 4081 521 4124 7.
542 4066 786 4115 Lacr-etur.
808 4066 969 4113 Lucro
1004 4073 1245 4128 apponat,
1281 4064 1421 4127 quod

400 4152 606 4191 veterem
624 4145 726 4206 ejus
744 4143 992 4193 infamiam
1010 4160 1113 4193 non
1136 4140 1383 4192 indicabo.

1507 2868 1643 2916 illam
1664 2869 1902 2933 jacturam
1925 2879 2226 2932 compenset.

1580 2962 1632 3010 9.
1655 2948 1742 2995 Cn.
1762 2946 1989 3011 Papirio.
2009 2947 2244 3012 Carboni,
2265 2950 2405 3011 cujus
2425 2952 2547 3000 alte-

1509 3042 1620 3075 rum
1659 3026 1964 3079 consulatum
1995 3044 2142 3091 quem
2169 3045 2326 3077 annos
2359 3031 2542 3082 abhinc

1509 3105 1741 3154 tredecim
1763 3123 1878 3155 cum
1902 3111 1958 3156 L.
1983 3106 2140 3156 Cinna
2165 3110 2344 3171 gessit,
2373 3122 2541 3159 orator

1509 3186 1776 3251 significat.
2077 3188 2082 3195 '
2236 3232 2242 3238 .

1581 3268 1725 3316 XIII.
1772 3282 1818 3315 1.
1867 3268 2112 3331 Quaestor.
2141 3268 2204 3315 A.
2231 3268 2294 3315 tJ.
2325 3268 2382 3317 C.
2418 3269 2540 3333 669.

1510 3346 1604 3395 Cn.
1637 3347 1833 3409 Papirio
1855 3346 2082 3395 Carbone
2103 3350 2180 3407 11,
2224 3349 2281 3395 L.
2305 3347 2538 3397 Cornelio

1511 3426 1667 3477 Cinna
1683 3427 1756 3473 lv
1777 3441 1898 3474 coss.
1921 3428 2078 3473 Porro
2095 3434 2336 3490 quaestura
2355 3427 2546 3489 primus

1509 3515 1613 3553 erat
1633 3506 1696 3552 ad
1719 3505 1938 3553 honores
1965 3506 2176 3569 gradus:
2215 3504 2313 3552 illis
2330 3521 2360 3552 a
2385 3508 2544 3555 tribu·

1510 3586 1588 3631 nis
1621 3586 1777 3632 erarii
1809 3582 2220 3633 adnumerabatur
2248 3586 2456 3647 pecunia
2483 3590 2540 3637 in

1509 3663 1718 3712 militum
1737 3664 2035 3729 stipendium
2049 3697 2064 3723 ,
2087 3678 2331 3711 annonam
2350 3669 2538 3715 exerei-

1509 3754 1614 3802 tus,
1651 3754 1700 3792 et
1733 3754 1985 3809 sumptum
2017 3744 2074 3791 in
2111 3744 2298 3809 legatos
2333 3756 2384 3795 et
2417 3762 2540 3799 con-

1510 3823 1630 3871 sulis
1645 3824 1918 3887 praesectos.
1947 3823 2069 3872 Inde
2093 3836 2256 3873 nutem
2279 3825 2440 3876 dictos
2455 3846 2540 3895 ap-

1511 3914 1648 3967 paret
1663 3936 1678 3961 ,
1703 3903 1838 3965 quod
1865 3903 1938 3949 illi
1963 3905 2016 3950 in
2041 3906 2310 3968 provinciis
2341 3910 2535 3973 populo

1511 3998 1638 4030 rom.
1679 3996 1706 4029 a
1753 3982 2073 4046 vectigalibus
2125 3983 2340 4034 debitam
2385 4005 2539 4051 pecu-

1510 4062 1642 4109 niam
1664 4060 1962 4125 quaerebam,
1981 4074 2031 4113 et
2043 4064 2106 4112 ad
2117 4076 2384 4129 quator-es
2395 4069 2542 4117 urba-

1513 4157 1604 4189 nos
1626 4140 1899 4189 mittebant.

2264 4254 2372 4301 20.
