2984 4684
833 367 964 433 DE
1012 368 1461 436 JUDICIIS
1513 367 2015 436 PUBLlGlS.
2348 361 2492 434 (303

359 489 643 552 criminis
662 487 861 550 alium
882 509 1067 552 reum
1090 486 1335 552 deferat
1352 537 1370 568 ,
1390 489 1528 576 ipse
1546 485 1962 577 profiteatur:
1987 498 2054 548 et
2072 483 2498 570 subscriptio-

360 617 541 674 nem,
564 617 693 682 qua
724 616 793 656 se
819 592 887 656 id
921 592 1283 681 professum
1320 616 1496 675 esse,
1523 619 1598 658 ac
1625 615 1812 657 reum
1845 615 1882 654 a
1917 613 1988 655 se
2014 606 2352 678 peractum
2378 589 2494 668 iri,

357 700 655 766 declaret.
710 700 918 788 quue
949 700 1018 762 in
1053 700 1179 764 hoc
1213 700 1554 764 inventum
1599 715 1728 779 est,
1786 713 1862 762 ut
1909 687 2414 774 accusatorem,'
2445 696 2498 758 si

356 829 493 872 non
530 807 848 888 vinceret,
875 807 1147 871 vinciret
1181 807 1318 872 haec
1350 807 1776 894 subscriptio,
1809 823 1876 870 et
1906 804 2286 869 temeritatis
2311 826 2499 868 coar-

358 929 625 1001 gueret:
658 929 855 1000 atque
887 912 989 986 ita,
1008 913 1109 976 uti
1139 936 1222 977 ne
1254 913 1399 1000 quis
1434 929 1678 978 temere
1711 910 1792 976 ad
1825 910 2302 974 accusationem
2335 903 2498 972 adsi-

359 1017 545 1082 liret:
594 1018 883 1106 alioquin
920 1019 1176 1083 talionis
1207 1021 1397 1108 poe'na
1428 1019 1887 1108 obligaretur».
1927 1018 2000 1080 In
2053 1014 2194 1103 lege
2244 1015 2494 1103 penult.

358 1127 431 1187 C.
453 1122 535 1188 de
564 1140 837 1188 accusat.
860 1123 1077 1204 Cujac.
1102 1125 1423 1190 observat.
1448 1125 1479 1188 1
1499 1175 1518 1203 ‚
1556 1149 1662 1190 20.

444 1229 839 1294 Libellorum
872 1229 1209 1320 inscriptio
1240 1231 1381 1294 talis
1417 1248 1573 1296 erat.
1601 1231 1900 1294 Primum
1929 1227 2196 1316 quidem
2233 1229 2494 1308 consul,

357 1356 423 1402 et
450 1337 585 1402 dies
612 1339 1131 1426 praeponebatur.
1152 1339 1407 1404 Deinde
1432 1337 2162 1428 sequebantur.nomina
2183 1335 2500 1425 praetoris,

356 1445 774 1525 accusatoris,
815 1445 947 1527 rei3
990 1446 1269 1528 crimen,
1318 1445 1401 1509 de
1440 1468 1578 1532 quo
1616 1447 1916 1509 futurum
1965 1458 2102 1506 erat
2137 1441 2498 1522 judicium3

356 1550 573 1631 locus,
624 1567 885 1639 tempus
922 1574 1059 1638 quo
1092 1553 1302 1615 fuerat
1332 1552 1775 1616 commissum.
1826 1549 2100 1630 Paulus,
2149 1550 2230 1612 fr.
2267 1547 2305 1612 3
2344 1547 2496 1636 Dig.

357 1655 441 1720 de
467 1657 987 1722 accusationibus
1020 1673 1087 1722 et
1118 1659 1523 1747 inscription.

443 1763 543 1826 Ex
581 1764 683 1828 his
714 1765 1099 1854 intelligitur
1130 1781 1572 1830 accusatorem
1607 1781 1675 1830 et
1705 1787 1865 1828 voce
1904 1781 1970 1828 et
1992 1763 2210 1827 libello
2236 1761 2492 1842 omnia,

358 1885 424 1931 et
447 1870 738 1958 singula,
782 1869 1019 1956 quibus
1047 1893 1198 1933 reus
1225 1871 1291 1933 in
1321 1870 1528 1959 legem
1567 1870 1776 1951 illam,
1824 1893 1969 1957 quae
2011 1867 2493 1944 nominabatur,

296 2055 308 2066 ο
356 1992 683 2061 peccasset
702 2023 719 2050 ‚
770 1997 909 2039 esse
934 1975 1351 2064 complexum
1377 1999 1393 2042 ε
1442 1977 1542 2041 uti
1573 2000 1633 2041 v.
1661 2000 1752 2066 gr.
1782 1977 1851 2040 in
1887 1997 2078 2040 causa
2111 1973 2496 2064 repetunda-

356 2101 535 2162 rum,
571 2078 823 2145 dicebat
862 2097 1199 2146 accusator
1230 2104 1417 2146 reum
1456 2081 1836 2163 abstulisse,
1878 2081 2105 2168 inique
2139 2078 2500 2158 judicasse,

356 2186 671 2274 supplicia
708 2185 791 2250 de
832 2187 1093 2251 civibus·
1122 2189 1405 2253 romanis
1441 2188 1833 2276 sumpsisse3
1879 2203 1993 2252 aut
2042 2187 2198 2267 alia,
2236 2209 2382 2273 quae
2428 2208 2498 2250 se

354 2289 631 2376 probare
664 2289 969 2354 adversus
1000 2291 1183 2353 illum
1217 2313 1409 2378 posse
1440 2291 1816 2358 confideret.

446 2395 522 2457 In
556 2391 779 2456 eadem
817 2417 1009 2460 causa
1045 2394 1207 2458 illud
1246 2397 1572 2484 praecipue
1616 2397 2032 2459 observatum
2081 2411 2209 2474 est,
2260 2411 2337 2460 ut
2383 2417 2499 2480 po·

356 2499 531 2587 puli,
559 2498 673 2586 qui
710 2516 1076 2587 repeterent
1120 2501 1496 2587 pecuniam,
1528 2523 1603 2564 ac
1631 2501 1942 2588 spoliatos
1971 2521 2070 2582 se,
2107 2521 2224 2587 per
2251 2499 2496 2587 legatos

359 2621 1145 2692 quererentur,.patronos
1164 2626 1432 2692 quoque
1458 2605 1841 2669 nominandi
1867 2619 2252 2693 potestatem
2280 2619 2502 2692 postu-

358 2708 587 2774 larent.
641 2709 726 2772 Hi
762 2732 919 2772 vero
952 2710 1063 2795 qui
1095 2708 1425 2772 sociorum
1458 2709 1716 2797 patroni
1751 2709 2049 2790 fuerunt,
2091 2731 2354 2772 reorum
2387 2731 2496 2772 ac-

360 2830 687 2879 cusatores
734 2814 1139 2877 exstiterunt.
1191 2814 1297 2878 Sic
1341 2815 1568 2878 Cicero
1611 2813 1840 2878 Siciliae
1885 2831 2200 2903 patronus
2222 2813 2492 2877 Verrem

360 2921 499 3000 ejus
534 2921 1057 3009 depeculatorem
1091 2922 1433 2986 accusavit.

422 3027 627 3114 -Saepe
656 3027 869 3090 evenit
895 3043 971 3090 ut
998 3026 1164 3108 duo,
1188 3043 1303 3092 aut
1335 3028 1553 3116 plures
1573 3078 1589 3108 ,
1628 3051 1764 3091 non
1797 3028 2012 3092 solum
2056 3029 2122 3090 in
2159 3049 2350 3090 causa
2384 3045 2488 3091 re-

358 3131 832 3220 petundarum,
890 3131 1003 3196 sed
1058 3135 1247 3196 etiam
1295 3134 1612 3215 ambitus,
1665 3150 1732 3197 et
1779 3134 2052 3198 aliorum
2104 3134 2451 3196 criminum
2477 3181 2494 3214 ,

359 3235 830 3300 accusationem
882 3235 1006 3299 sibi
1052 3235 1497 3323 deposcerent.
1549 3233 1748 3318 Quod
1795 3258 2004 3322 quum
2045 3233 2308 3317 accidit,
2353 3249 2497 3298 tum

354 3341 675 3422 judicium
726 3332 969 3404 factum
1012 3357 1109 3404 est
1154 3357 1304 3406 ante
1353 3342 1604 3423 omnia,
1639 3358 1786 3406 uter
1825 3341 2089 3406 deberet
2129 3362 2370 3404 nomen
2409 3340 2504 3403 rei

360 3446 611 3511 deferre
638 3469 656 3509 ε
714 3447 893 3534 quod
933 3445 1254 3528 judicium
1287 3446 1754 3512 divinationem
1787 3448 2112 3512 dixerunt.
2149 3448 2360 3532 Quale
2390 3470 2500 3510 au·

358 3569 493 3615 tem
521 3551 649 3615 hoc
672 3551 995 3632 judicium
1018 3552 1237 3634 fuerit,
1262 3553 1445 3616 facile
1469 3553 1606 3641 ipsa
1625 3554 1953 3618 Ciceronis
1982 3555 2048 3617 in
2077 3554 2158 3636 Q.
2171 3552 2496 3616 Caecilium

358 3657 717 3739 Divinatio,
754 3673 819 3721 et
848 3656 1029 3746 quod
1061 3658 1215 3722 huic
1252 3659 1533 3723 orationi
1565 3658 1958 3746 praefiximus
1995 3675 2454 3748 argumentum
2475 3706 2493 3738 ‚

358 3779 636 3850 possunt
667 3762 922 3827 docere.
956 3764 1137 3853 Saepe
1170 3765 1363 3828 etiam
1396 3764 1587 3828 multi
1620 3765 2007 3829 exstiterunt
2039 3763 2326 3845 ejusdem
2367 3765 2496 3828 cri·

359 3868 557 3932 minis
597 3885 1041 3934 accusatores:
1092 3893 1169 3936 ex
1202 3870 1443 3958 quibus
1470 3871 1586 3958 qui
1612 3872 1853 3958 primas
1881 3872 2046 3960 egit,
2079 3871 2134 3934 is
2161 3887 2498 3936 accusator

360 3993 457 4040 cst
506 3977 755 4060 dictus3
796 3980 909 4065 qui
959 3980 1309 4062 secundas,
1358 3981 1613 4060 tertias,
1661 3997 1786 4045 etc.
1833 3980 2238 4069 subscriptor
2282 3979 2500 4068 proxi-

366 4105 538 4164 mus,
576 4101 697 4148 etc.
730 4085 843 4146 Jus
900 4085 1351 4150 subscribendi
1402 4083 1677 4150 dabatur
1726 4109 1762 4149 a
1812 4103 2123 4174 praetore;
2171 4086 2358 4150 sicuti
2394 4084 2500 4164 jus
