2984 4684
741 424 854 496 IN
907 423 1332 494 VERREM
1379 424 1598 492 ACT.
1640 423 1757 507 II,
1808 423 2138 522 L113411.
2232 439 2245 452 ·
2367 415 2504 516 457

385 559 660 618 rentur.
702 547 864 636 Qua
911 544 1001 616 de
1046 569 1124 616 re
1149 549 1280 617 Cn.
1317 544 1744 632 Lentulum,
1786 558 2178 642 patronum
2220 541 2471 612 Siciliae
2491 596 2512 629 ,

381 656 846 728 clarissimum
883 655 1411 728 adolescentem
1431 710 1450 743 ,
1496 655 1737 726 dicere
1792 653 2087 725 audistis
2132 681 2149 723 ε
2196 652 2511 740 SiculOS,

381 789 612 862 quum
651 789 726 837 se
769 789 1092 852 causam,
1125 791 1286 864 quae
1321 789 1458 864 pro
1496 765 1610 836 his
1652 764 1787 836 sibi
1830 767 1907 834 in
1942 780 2199 836 senatu
2236 763 2514 860 agenda

381 891 602 966 esset,
648 875 1024 966 docerent,
1079 877 1170 948 de
1230 877 1509 948 Sthenii
1545 875 1945 948 calamitate
1980 889 2274 972 questos
2325 897 2513 961 esse;

379 1002 826 1084 propterque
871 986 1060 1058 hanc
1101 989 1440 1083 injuriam
1463 1041 1483 1076 ,
1520 1012 1681 1084 quae
1725 985 2027 1058 Sthenio
2064 982 2247 1056 facta
2288 997 2510 1069 esset,

379 1119 504 1167 eos
531 1099 860 1169 statuisse
877 1151 897 1184 ,
925 1111 1040 1186 ut,
1078 1095 1280 1194 quod
1309 1097 1502 1184 dico,
1532 1097 2038 1196 postularetur.
2072 1096 2249 1185 Quae
2278 1117 2511 1190 quum

377 1208 476 1276 ita
507 1209 792 1295 essent,
846 1221 1138 1280 tantane
1181 1212 1497 1278 amentia
1533 1203 1923 1306 praeditus⁶
1955 1220 2172 1303 atque
2216 1202 2513 1274 audacia

377 1313 609 1402 fuisti,
643 1321 828 1388 utin
857 1343 934 1388 re
969 1331 1116 1388 tam
1152 1316 1377 1401 clara,
1412 1332 1559 1388 tam
1594 1331 1881 1404 testata,
1910 1331 2059 1388 tam
2086 1315 2215 1386 abs
2248 1329 2318 1385 te
2346 1315 2503 1411 ipso

375 1424 824 1524 pervulgata,
883 1425 1160 1498 tabulas
1209 1427 1580 1526 publicas‘7
1641 1449 2106 1524 corrumpere
2162 1421 2510 1494 auderes?

373 1541 468 1608 At
507 1536 1118 1634 quemadmodum
1161 1539 1595 1636 corrupisti?
1636 1561 1883 1608 nonne
1926 1541 2061 1621 ita,
2100 1550 2219 1620 ut,
2264 1532 2505 1604 omni-

373 1644 515 1717 bus
549 1647 760 1718 nobis
789 1637 1194 1719 tacentibus
1211 1702 1230 1735 ,
1275 1651 1442 1746 ipsae
1465 1663 1539 1719 te
1568 1662 1707 1718 tuae
1738 1645 1999 1717 tabulae
2024 1643 2510 1716 condemnare

373 1757 709 1854 possent?
735 1751 1288 1854 Ced0⁸,quaeso,
1314 1758 1639 1830 codicem
1674 1786 1690 1829 ε
1732 1753 2154 1844 circumfer3
2186 1753 2506 1826 ostende.

373 1866 744 1938 Videtisne
785 1883 1024 1938 totum
1074 1866 1216 1940 hoc
1261 1893 1531 1940 nomen
1554 1881 1614 1958 9,
1660 1892 1905 1940 coram
1936 1865 2067 1938 uhi
2107 1864 2277 1936 facit
2310 1864 2507 1952 dela-

375 1991 530 2048 tum
563 2031 584 2065 ,
627 2001 780 2049 esse
821 1981 898 2048 in
935 1977 1202 2048 litura?
1245 1978 1442 2069 Quid
1483 1978 1625 2050 fuit
1663 1979 1823 2049 istic
1862 1991 2073 2048 antea
2114 1973 2508 2072 scriptum?

373 2087 576 2184 quod
610 2087 956 2160 mendum
991 2091 1124 2160 ista
1151 2090 1364 2162 litura
1391 2089 1751 2162 correxit?
1789 2086 1982 2177 Quid
2016 2111 2057 2157 a
2096 2083 2349 2172 nobis,
2387 2087 2509 2180 ju-

371 2196 600 2286 diceS,
661 2202 1084 2297 exspectatis
1138 2217 1561 2298 argumenta
1622 2201 1845 2296 hujus
1912 2197 2287 2270 criminis?
2325 2195 2506 2266 nihil

371 2307 678 2380 dicimus
707 2336 723 2380 ε
760 2308 1020 2380 tabulae
1061 2303 1236 2380 sunt
1267 2312 1344 2380 in
1375 2311 1619 2380 medio
1642 2365 1663 2398 ,
1702 2333 1864 2406 quae
1888 2333 1967 2379 se
1994 2321 2371 2403 corruptas
2405 2319 2508 2374 at-

371 2441 514 2514 que
555 2418 906 2490 interlitas
959 2443 1110 2490 esse
1167 2419 1501 2490 clamant.
1546 2425 1653 2488 Ex
1678 2421 1861 2490 ‘istis
1901 2421 2115 2488 etiam
2160 2432 2243 2487 tu
2284 2413 2506 2486 rebus

369 2525 689 2626 effugere
716 2543 788 2600 te
819 2552 1030 2626 posse
1067 2526 1410 2615 confidis,
1439 2552 1673 2625 quum
1706 2543 1777 2598 te
1810 2551 1943 2598 nos
1966 2550 2119 2596 non
2152 2525 2501 2621 opinione

369 2637 624 2724 dubia,
665 2636 792 2708 sed
829 2641 970 2708 tuis
1013 2639 1331 2734 vestigiis
1365 2661 1921 2736 persequamur,
1958 2659 2119 2732 quae
2156 2647 2238 2703 tu
2281 2634 2354 2702 in
2392 2647 2499 2702 ta-

365 2745 560 2818 bulis
591 2745 902 2845 publicis
939 2769 1276 2844 expressa
1311 2771 1392 2816 ac
1431 2743 1751 2818 recentia
1776 2745 2180 2843 reliquisti?
2216 2749 2285 2815 Is
2322 2741 2503 2812 mihi

369 2858 585 2929 etiam
623 2855 1002 2941 Sthenium
1039 2857 1282 2928 literas
1315 2856 1647 2956 publicas
1684 2859 2128 2954 corrupisse,
2159 2877 2369 2924 causa
2396 2854 2503 2922 in-

371 2957 660 3062 cognita
681 3021 700 3054 ,
737 2967 1126 3062 judicavit,
1158 2966 1290 3063 qui
1325 2964 1713 3039 defendere
1760 2990 1911 3065 non
1948 2965 2373 3063 potuerit¹⁰,
2422 2987 2499 3034 se

369 3097 518 3144 non
571 3101 658 3146 ex
711 3076 936 3173 ipsius
993 3074 1272 3147 Sthenii
1333 3077 1630 3148 nomine
1676 3078 1917 3148 literas
1958 3076 2285 3174 publicas
2336 3097 2500 3148 cor-‹-

365 3187 687 3283 rupisse?

365 3443 514 3492 ηερε.
538 3433 636 3482 Sed
657 3435 876 3496 quamvis
901 3451 959 3482 ea
983 3435 1046 3483 de
1067 3451 1122 3484 re
1149 3435 1284 3484 nulla
1309 3437 1387 3484 lex
1474 3453 1571 3502 que
1591 3439 1643 3486 in
1661 3439 1833 3488 orario
1856 3439 2091 3504 deponite
2111 3437 2497 3512 mei-vulgantur.
2542 3443 2547 3446 '

364 3523 492 3560 “set
511 3547 526 3571 ,
569 3528 596 3559 a
633 3513 805 3562 ceteris
848 3513 1172 3577 praetoribus,
1211 3525 1386 3580 utpote
1548 3519 1595 3567 8.
1626 3518 1947 3566 Restimimm
1974 3519 2099 3566 hanc
2122 3533 2325 3575 vocem,
2350 3531 2497 3580 quam

363 3591 596 3640 suadente
611 3591 870 3656 aquitane,
886 3593 1044 3642 fuerat
1061 3591 1384 3643 observatum.
1471 3596 1676 3659 frustra,
1704 3608 1761 3644 ut
1792 3613 1856 3646 ex
1877 3598 1989 3662 ipso
2012 3597 2249 3646 Cicerone
2273 3613 2498 3662 compro·

434 3672 486 3718 6.
515 3673 800 3736 Suspectam
831 3671 980 3720 habet
1011 3689 1182 3721 vocem
1201 3675 1386 3738 pta-di-
1471 3675 1641 3724 hatum
1658 3686 1756 3734 est,
1774 3677 1961 3725 Ernest.
1986 3676 2247 3724 deleverat.

363 3761 440 3798 eus
451 3781 468 3804 ,
495 3761 740 3814 tamquam
757 3751 962 3800 ascrib-
989 3763 1147 3801 ortnm
1163 3787 1180 3814 ,
1201 3754 1384 3802 Guliel·
1542 3771 1593 3817 9.
1626 3756 1731 3802 Hoc
1774 3771 1964 3802 nomen.
2001 3757 2112 3802 Hoc
2148 3765 2299 3818 caput
2312 3791 2329 3818 ,
2362 3754 2495 3804 hunc

365 3827 517 3888 mins,
547 3841 664 3878 teste
685 3831 917 3883 Grutero.
935 3833 983 3879 J.
995 3833 1058 3879 V.
1081 3833 1137 3878 L.
1470 3834 1637 3881 locum
1650 3867 1665 3898 ‚
1690 3833 1777 3880 ubi
1800 3833 1971 3882 scribit
1999 3834 2253 3882 Sthenium
2284 3849 2498 3898 presen-

439 3925 488 3968 7.
506 3909 721 3974 Tabulas
739 3911 982 3975 publicas.
999 3911 1228 3959 Praetoris
1249 3923 1386 3960 erunt
1473 3921 1573 3960 tem
1598 3913 1745 3960 fuine
1770 3924 2071 3962 accusatum.

366 3987 569 4046 tabula,
588 3999 722 4053 qut,
747 3989 886 4050 junna
909 4003 1130 4048 senatus,
1157 3989 1386 4039 conficie-
1554 4008 1629 4038 10.
1660 3992 1759 4040 Alii
1774 4025 1787 4050 ,
1808 3992 1987 4056 potuit.
2002 3991 2265 4040 —Sthem’i
2280 3995 2496 4043 nomiae.

365 4065 558 4114 bantur.
585 4070 656 4116 Ex
681 4069 741 4116 iis
753 4069 1101 4118 administrata
1117 4070 1386 4133 provincie
1474 4071 1533 4120 Id
1552 4081 1625 4118 est
1640 4105 1655 4130 ‚
1676 4071 1771 4119 hoc
1792 4072 1953 4137 capite
1968 4107 1983 4130 ‚
2000 4072 2137 4137 quod
2161 4073 2349 4122 sthenii
2372 4073 2499 4121 dela-

365 4144 490 4200 ‚statio
509 4161 537 4192 a
555 4159 764 4212 pretore
783 4149 1126 4214 reponebatur
1139 4166 1156 4210 ς
1169 4165 1240 4198 eae
1253 4149 1388 4198 duti-
1476 4149 1659 4198 tionem
1681 4151 1934 4210 continet3
1958 4163 2013 4200 ut
2024 4153 2125 4213 jam
2145 4169 2254 4217 sup.
2276 4152 2503 4200 vidimus.
