2984 4684
476 351 619 436 428
1128 357 1223 436 M.-
1274 357 1351 423 Τ.
1406 355 1970 427 clcssnoms
2045 329 2062 350 ‘

472 475 918 572 provinciam
976 489 1201 546 totam
1245 491 1707 576 occupasset,
1754 469 2036 547 Mucia⁶
2093 497 2246 542 non
2299 473 2613 544 sustulit.

468 586 733 672 HostiS,
760 599 835 656 et
860 585 1119 658 hostis⁷
1150 588 1223 658 in
1256 589 1516 659 ceteris
1547 586 1768 660 rebus
1803 585 2018 654 nimis
2039 581 2238 654 serus
2261 597 2335 654 et
2363 583 2615 654 imma-

470 699 582 766 nis
600 749 625 782 ,
654 709 896 768 tamen
936 695 1295 782 honorem
1328 697 1683 784 hominis,
1719 693 2028 766 deorum
2066 692 2418 789 religione
2445 716 2620 764 con-

470 821 827 877 secratum
851 861 871 896 ,
892 806 1164 883 violare
1198 809 1435 880 noluit
1470 837 1485 878 :
1527 822 1608 880 tu
1637 811 2124 904 Syracusanos
2155 825 2388 872 unuin
2417 800 2612 873 diem

470 915 732 988 festum
750 917 1107 1022 Marcellis
1126 921 1500 1017 impartire
1523 917 1850 1025 noluisti3
1871 939 2004 1014 per
2026 937 2214 1010 quos
2238 910 2342 982 illi
2367 911 2618 1008 adepti

468 1041 642 1098 sunt
664 1082 683 1113 ‚
734 1042 816 1099 ut
852 1042 1131 1100 ceteros
1174 1029 1329 1101 dies
1380 1027 1604 1100 festos
1637 1028 1904 1124 agitare
1943 1037 2262 1124 possent.
2311 1028 2404 1092 At
2437 1047 2614 1094 vero

464 1137 885 1233 praeclarum
918 1133 1159 1209 diem8
1186 1139 1900 1236 reposuisti‚Verrea
1927 1149 2012 1204 ut
2045 1147 2341 1231 agerent
2362 1187 2383 1218 ‚
2417 1146 2492 1203 et
2531 1148 2616 1204 ut

462 1245 555 1316 ad
606 1271 775 1318 eum
814 1247 1044 1332 diem,
1090 1273 1253 1346 quae
1300 1249 1519 1320 sacris
1563 1246 1948 1346 epulisque
1984 1269 2174 1343 opus
2209 1257 2489 1332 essent,
2535 1245 2614 1314 iu

458 1357 877 1455 complures
911 1383 1145 1430 annos
1172 1359 1655 1431 locarentur9.
1696 1355 1836 1428 Sed
1861 1355 2010 1451 jam
2050 1357 2127 1425 in
2166 1369 2364 1424 tanta
2405 1355 2615 1424 istius

458 1467 909 1565 impudentia
948 1468 1465 1542 remittendum
1524 1467 1798 1566 aliquid
1847 1465 2162 1552 videtur,
2221 1489 2316 1536 ne
2365 1465 2610 1534 omnia

456 1578 1023 1667 contendamuS,
1062 1605 1155 1652 ne
1189 1585 1431 1651 omnia
1458 1605 1628 1651 cum
1663 1579 1920 1650 dolore
1956 1601 2168 1672 agere
2205 1574 2608 1647 videamur.

456 1691 641 1760 Nam
674 1713 791 1760 me
818 1687 1006 1774 dies,
1040 1715 1181 1760 vox
1202 1745 1221 1778 ‚
1262 1690 1481 1762 latera
1511 1687 1882 1776 deficiant,
1914 1690 1974 1758 si
2009 1687 2151 1756 hoc
2181 1710 2378 1756 nunc
2416 1689 2610 1756 voci-

458 1794 671 1868 ferari
704 1798 917 1870 velim
941 1853 960 1887 ,
1002 1824 1223 1896 quam
1268 1802 1616 1872 miserum
1653 1799 2188 1897 indignumque
2233 1797 2363 1881 sit,
2401 1795 2610 1866 istius

458 1909 757 1980 nornine
801 1907 997 2005 apud
1046 1935 1172 1982 eos
1228 1909 1421 1980 diem
1480 1908 1742 1981 festum
1789 1933 1983 1992 esse,
2031 1907 2162 2004 qui
2207 1929 2362 1976 sese
2403 1905 2610 1974 istius

460 2041 681 2114 opera
728 2017 1060 2089 funditus
1096 2021 1489 2092 exstinctos
1529 2043 1687 2091 esse
1729 2018 2192 2090 arbitrentur.
2241 2018 2306 2084 Ο
2339 2017 2608 2084 Verrea

454 2125 825 2224 praeclara!
848 2141 1297 2226 quoquam¹⁰
1328 2127 1443 2228 [si]
1472 2131 1865 2215 accessisti,
1896 2153 2049 2226 quo
2089 2151 2239 2197 non
2277 2124 2607 2197 attuleris

458 2248 703 2306 tecum
745 2238 965 2308 istum
998 2237 1235 2309 diem?
1277 2244 1546 2310 etenim
1593 2263 1814 2336 quam
1863 2253 1940 2309 tu
1995 2237 2296 2308 domum
2324 2291 2343 2322 ,
2385 2259 2606 2332 quam

456 2345 719 2418 urbem
757 2348 1028 2437 adiisti,
1060 2348 1262 2448 quod
1297 2348 1546 2422 fanum
1578 2349 1898 2448 denique
1921 2403 1940 2436 ‚
1977 2347 2178 2446 quod
2211 2371 2358 2418 non
2401 2371 2606 2416 ever-

454 2483 615 2529 sum
673 2473 895 2557 atque
950 2475 1316 2534 extersum
1372 2461 1798 2559 reliqueris?
1857 2463 2100 2550 Quare
2147 2456 2608 2556 appellentur

452 2589 624 2638 sane
660 2569 795 2640 ista
830 2575 1137 2658 Verrea‚
1179 2596 1343 2668 quae
1379 2595 1536 2642 non
1575 2596 1666 2641 ex
1703 2571 2041 2654 nomine,
2083 2567 2210 2639 sed
2246 2593 2334 2637 ex
2367 2567 2604 2636 mani·

450 2674 591 2748 bus
611 2689 667 2722 ¹¹
718 2693 1124 2778 naturaque
1153 2696 1277 2752 tua
1314 2685 1708 2753 constituta
1737 2707 1892 2753 esse
1927 2678 2332 2751 videantur.

550 2793 771 2861 XXII.
810 2793 1048 2882 Quam
1084 2791 1294 2863 facile
1328 2807 1572 2890 serpat
1609 2791 1906 2887 injuria,
1934 2805 2006 2862 et
2045 2787 2392 2887 peccandi
2423 2811 2604 2858 con-

456 2899 801 2987 suetudo;
834 2927 1053 2998 quam
1086 2927 1237 2974 non
1265 2901 1469 2974 facile
1494 2903 1960 3001 reprimatur,
2001 2897 2602 3002 videte‚judice8.

450 3096 555 3130 non
578 3082 645 3129 ita
674 3079 833 3130 multo
869 3092 979 3130 ante
1017 3083 1069 3130 in
1102 3081 1268 3130 Sicilia
1302 3082 1477 3131 Fuerat.
1567 3082 1740 3146 «qussi
1763 3097 2012 3146 quoquam
2033 3079 2362 3128 accessistis».
2389 3080 2600 3126 Hotom.

520 3161 573 3208 6.
614 3159 801 3209 Mucia.
828 3161 955 3224 Qua
989 3161 1178 3210 scilicet
1212 3163 1381 3213 Asiani
1424 3163 1477 3208 in
1567 3177 1820 3226 «quonam
1857 3161 1986 3208 enirn
2026 3158 2330 3208 secessisti».
2379 3159 2606 3206 Fortasse

448 3239 513 3300 Q.
530 3239 684 3298 Mucii
697 3239 1038 3304 Scaevolae,qui
1058 3239 1357 3288 abstinenter
1371 3255 1479 3304 pro·
1567 3241 1759 3305 scripsit
1779 3240 1956 3290 Cicero
1975 3261 2000 3282 u
2013 3255 2305 3303 quamquam
2323 3253 2423 3300 quo
2440 3253 2604 3284 ncces—
2659 3301 2668 3308 ·

446 3318 658 3366 vinciam
674 3320 1135 3378 rexerat,honorem
1152 3321 1475 3369 instituerant.
1567 3319 1673 3368 sisti
1689 3342 1735 3369 n.
1761 3323 1952 3368 Interes
1985 3319 2179 3381 sequuti
2214 3332 2382 3366 snmus
2411 3315 2601 3364 Hau-les.

524 3414 573 3459 7.
590 3399 657 3446 Ec
674 3397 841 3447 hostis.
858 3398 990 3447 odio
1010 3399 1062 3446 in
1084 3402 1333 3447 Romanos
1352 3401 1480 3446 Han·
1569 3409 1618 3445 et
1645 3399 1876 3448 Goerens.
1913 3398 1978 3446 nd
2009 3399 2118 3446 Cic.
2147 3397 2209 3445 de
2237 3400 2386 3470 Legg.
2424 3397 2606 3443 Sensus

448 3477 1005 3537 nibsl,utsitVell.11,
1042 3479 1122 3525 18.
1570 3488 1644 3525 est
1681 3492 1694 3527 :
1747 3479 1910 3541 Quem
1949 3478 2115 3526 locum
2161 3476 2313 3534 adiit,
2360 3491 2462 3539 quo
2501 3490 2604 3524 non

520 3559 570 3604 8.
598 3557 733 3617 Alii,
778 3580 803 3599 ιι
822 3557 951 3605 diem
1002 3556 1099 3604 illis
1148 3556 1412 3620 reposuisti
1433 3579 1475 3604 a.
1566 3573 1728 3606 secum
1769 3557 1984 3606 attulerit
2033 3560 2244 3613 Ver-rea,
2285 3555 2400 3618 quin
2437 3555 2602 3601 omnis

445 3637 495 3685 J.
512 3639 574 3684 V.
599 3638 654 3684 L.
1566 3637 1746 3684 everrit
1779 3636 2053 3702 diligenter.
2097 3637 2176 3684 Sic
2211 3635 2298 3683 inf.
2325 3649 2542 3680 eversum
2572 3649 2602 3680 ι

512 3731 563 3777 9.
584 3718 899 3766 Locatentur.
921 3718 989 3764 Ut
1012 3715 1210 3782 quidam
1230 3714 1473 3774 homines,
1565 3715 1716 3764 verbo
1755 3731 1983 3765 everrere.
2023 3717 2183 3778 Quam
2229 3715 2280 3760 in
2311 3729 2478 3760 vocem
2519 3728 2604 3760 ω-

444 3795 607 3858 pretio
632 3795 895 3853 conducti,
927 3814 993 3854 se,
1017 3813 1127 3859 quae
1151 3813 1279 3860 opus
1295 3807 1473 3854 essent,
1561 3797 1676 3860 pius
1698 3795 1824 3843 ludit
1851 3807 2031 3844 orator.

444 3875 607 3922 omnis
624 3874 687 3921 ad
706 3865 835 3922 dien:
859 3875 1079 3936 daturos,
1106 3875 1466 3938 pollicerentur.
1641 3892 1660 3920 ι
1681 3891 1722 3925 ι.
1749 3876 1800 3924 J.
1827 3878 2011 3924 Lucan.
2045 3879 2249 3923 Hotom.
2285 3869 2602 3918 scribendum

518 3971 599 4002 ιο.
630 3955 904 4018 Quoquam.
938 3955 1113 4002 Manca
1147 3953 1311 4003 lectio.
1340 3953 1467 4002 Cod.
1565 3967 1762 4003 censent
1803 3954 2014 4003 moribus
2033 3973 2053 4012 ;
2107 3951 2363 4000 :ichiitzius
2415 3951 2597 4015 paruit.

442 4035 590 4082 Paris.
622 4056 643 4077 ι
662 4051 761 4099 quo
790 4035 928 4098 quasi
960 4035 1201 4092 accessisgi
1222 4057 1263 4081 a.
1304 4033 1471 4082 Lamb.
1565 4037 1592 4082 J
1603 4037 1694 4084 .V.
1719 4037 1773 4083 l..
