2984 4684
505 366 634 437 192
1125 340 1223 409 Μ.
1277 342 1353 407 Τ.
1409 334 1972 411 CICERONIS

493 462 930 548 consolatur,
954 446 1156 559 quod
1175 460 1356 549 haec,
1384 484 1547 557 quae
1565 460 1853 532 videtur
1872 485 2038 532 -esse
2062 462 2424 532 accusatio
2454 488 2637 551 mea,

489 602 646 647 non
667 576 910 672 potius
933 572 1292 643 accusatio
1315 624 1334 659 ,
1377 596 1599 669 quam
1635 570 1959 643 defensio
1994 586 2101 642 est
2130 572 2633 645 existimanda.

407 726 436 766 ,-
489 684 823 757 Defendo
851 685 1047 754 enim
1073 682 1342 753 multos
1369 684 1747 771 mortaleS‚
1781 683 2043 755 multas
2080 683 2401 755 civitates
2420 739 2439 772 ‚
2460 710 2638 783 pro-

485 795 796 866 vinciam
844 792 1154 863 Siciliam
1197 806 1444 864 totam.
1489 792 2018 883 'Quamobrem
2040 847 2061 880 ,
2108 795 2168 863 si
2218 793 2395 863 mihi
2443 819 2637 865 unus

491 919 600 977 est
622 887 1068 976 accusandus
1085 956 1104 989 ,
1127 902 1663 1000 propemodum
1688 928 1977 973 manere
2003 906 2081 973 in
2110 904 2443 975 instituto
2468 928 2636 993 meo

485 1012 762 1100 videor,
793 1027 866 1083 et
897 1036 1052 1083 non
1092 1014 1396 1082 omnino
1431 1036 1472 1082 a
1506 1010 1984 1084 defendendis
2004 1012 2429 1085 hominibus
2457 1012 2631 1085 sub·-

485 1124 960 1220 levandisque
1029 1122 1420 1194 discedere.
1500 1122 1722 1211 Quod
1771 1127 1831 1195 si
1874 1122 2066 1194 hanc
2132 1146 2419 1195 causam
2484 1138 2635 1215 tam

485 1228 897 1321 idoneamss,
930 1246 1078 1303 tam
1118 1231 1473 1303 illustrem
1496 1288 1516 1321 ‚
1554 1247 1699 1303 tam
1739 1256 2033 1329 gravem
2062 1258 2217 1304 non
2249 1231 2631 1320 haberem;

489 1346 550 1415 si
595 1357 721 1415 aut
765 1341 907 1413 hoc
947 1367 991 1412 a
1045 1366 1160 1413 me
1198 1342 1418 1415 Siculi
1459 1369 1613 1414 non
1653 1344 2033 1442 petissent,
2078 1356 2205 1413 aut
2240 1342 2423 1413 mihi
2464 1368 2635 1414 cum

489 1452 746 1525 Siculis
795 1476 1010 1523 causa
1054 1465 1272 1523 tantae
1317 1452 1873 1526 necessitudinis
1914 1478 2069 1524 non
2111 1452 2631 1552 intercederet,

490 1581 562 1637 et
589 1564 766 1653 hoc,
801 1562 1004 1661 quod
1037 1561 1221 1635 facio
1242 1618 1263 1653 ,
1299 1590 1419 1635 me
1453 1563 1867 1662 reipublicae
1908 1588 2121 1635 causa
2146 1561 2377 1635 facere
2413 1562 2633 1662 profi-

487 1690 706 1760 terer,
751 1688 833 1744 ut
870 1674 1096 1745 homo
1136 1674 1478 1771 singulari
1522 1674 1943 1773 cupiditate,
1982 1672 2339 1760 audacia,
2362 1672 2629 1745 scelere

489 1785 866 1884 praedium,
909 1785 1116 1879 cujus
1157 1782 1349 1855 furta
1389 1798 1609 1882 atque
1640 1782 1905 1881 flagitia
1941 1782 2203 1855 nonin
2237 1782 2473 1853 Sicilia
2517 1807 2631 1854 so-

488 1896 640 1966 lum
661 1950 680 1983 ,
715 1894 842 1967 sed
874 1896 954 1965 in
990 1893 1251 1965 Achaia
1269 1908 1326 1981 9,
1352 1898 1553 1982 Asia,
1588 1895 1868 1978 Cilicia,
1892 1892 2341 1991 Pamphylia,
2382 1898 2630 1963 Romae

487 2007 806 2103 denique
831 2019 1000 2077 aute
1035 2005 1288 2076 oculos
1329 2006 1664 2077 omnium
1714 2006 2023 2077 maxima
2065 2006 2629 2103 turpissimaque

487 2140 899 2203 nossemus,
953 2140 1072 2185 me
1131 2132 1388 2213 agente
1443 2119 1522 2186 in
1574 2114 1931 2211 judicium
1976 2130 2357 2186 vocaretur
2400 2142 2415 2183 ε
2464 2119 2630 2213 quis

489 2226 786 2299 tandem
824 2239 1031 2314 esset,
1058 2226 1188 2323 qui
1216 2250 1460 2319 meum
1490 2223 1786 2315 factum,
1814 2241 1939 2297 aut
1970 2224 2355 2297 consilium
2384 2236 2633 2322 posset

489 2336 1028 2436 reprehendere
1048 2336 1078 2405 P
1574 2432 1581 2443 .

585 2450 710 2517 III.
773 2444 970 2535 Quid
1012 2459 1154 2532 est,
1193 2445 1383 2543 proh
1421 2446 1651 2538 deum¹
1680 2448 2214 2542 hominumque
2252 2440 2506 2515 fidem!
2549 2442 2628 2515 in

488 2580 640 2654 quo
683 2579 820 2655 ego
861 2553 1274 2654 reipublicae
1317 2556 1480 2655 plus
1524 2557 1667 2629 hoc
1702 2573 2031 2657 tempore
2064 2552 2413 2655 prodesse
2455 2576 2625 2651 pos-

484 2670 664 2741 sim?
699 2667 881 2765 quid
917 2680 1061 2755 est,
1107 2666 1310 2765 quod
1341 2683 1466 2739 aut
1508 2670 1786 2768 populo
1826 2693 2131 2740 romano
2168 2668 2437 2763 gratius
2470 2688 2628 2735 esse

485 2778 746 2851 debeat
767 2832 786 2863 ,
815 2791 940 2849 aut
977 2778 1184 2847 sociis
1216 2780 1625 2876 exterisque
1667 2778 2084 2851 nationibus
2113 2778 2429 2875 optatius
2470 2798 2627 2863 esse

483 2890 742 2988 possit,
787 2901 914 2957 aut
949 2887 1160 2957 saluti
1197 2885 1658 2987 fortunisque
1702 2892 2031 2961 omnium
2079 2889 2303 2983 magis
2338 2908 2625 2956 accom-

483 2998 860 3073 modatum
890 2997 1022 3067 sit?
1048 2997 1448 3093 Populatae‚
1472 3015 1738 3071 vexatae
1756 3056 1774 3087 ‚
1814 2998 2141 3071 funditus
2170 3020 2431 3068 eversae
2459 3018 2626 3091 pro-

483 3108 765 3194 vinciae3
809 3107 1048 3191 socii¹,
1085 3108 1682 3207 stipendiariique
1718 3110 1975 3208 populi
2016 3108 2301 3180 romani
2334 3103 2621 3196 afflicti,

485 3218 766 3301 miseri,
818 3216 962 3311 jam
1020 3240 1173 3285 non
1223 3217 1471 3289 salutis
1514 3245 1718 3317 spem
1739 3230 1793 3308 ²,
1851 3219 1980 3291 sed
2033 3220 2229 3291 exitii
2279 3216 2622 3287 solatium

480 3340 839 3429 quaerunt.
883 3325 1029 3413 Qui
1067 3324 1336 3422 judicia
1372 3354 1669 3401 manere
1716 3329 1909 3427 apud
1950 3329 2285 3401 ordinem
2327 3338 2622 3395 senato-

553 3552 601 3597 8.
639 3548 894 3597 Idoneam.
922 3547 1050 3609 Quia
1086 3556 1282 3611 rogatus
1307 3548 1370 3595 ad
1395 3566 1503 3597 eam

481 3629 680 3679 accedo,
703 3629 961 3675 Illustoem.
988 3628 1194 3690 Propter
1235 3630 1503 3692 provincia!

483 3707 661 3755 Siciliae
687 3706 1008 3754 nobilitatem.
1037 3705 1264 3757 Gravem.
1296 3709 1504 3771 Propter

482 3787 692 3834 maxima
708 3788 874 3834 Verris
899 3786 1118 3835 crimina.

553 3882 602 3925 9.
622 3867 686 3912 In
708 3864 917 3915 Achaia.
935 3866 1056 3914 Vid.
1091 3865 1178 3913 inf.
1201 3868 1340 3915 'Vei-r.
1369 3870 1419 3925 Ι,
1451 3879 1501 3925 1,

479 3956 530 3992 et
552 3944 741 4008 passim.

551 4026 637 4071 111.
676 4040 714 4070 t.
750 4022 880 4069 Socii
909 4024 1148 4072 incertum
1173 4026 1408 4089 vectigal,
1447 4038 1503 4073 ut

477 4105 736 4159 decumas,
779 4118 865 4148 seu
893 4102 1131 4151 ‘decimam
1169 4105 1362 4168 frugum
1391 4122 1502 4169 par-

1591 3560 1721 3612 tem3
1756 3546 2067 3614 stipendiarii
2090 3558 2277 3595 eertum
2310 3542 2617 3609 pendebant,

1591 3630 1727 3695 quod
1756 3630 1825 3677 eis
1851 3628 1987 3677 velut
2009 3628 2060 3675 in
2086 3627 2305 3674 vietoriae
2326 3636 2619 3672 monumen-

1593 3720 1699 3758 tum
1722 3708 2082 3773 imponebatur.

1666 3806 1715 3839 2.
1754 3787 1935 3835 Salutis
1978 3780 2129 3851 spem'.
2172 3786 2292 3833 Non
2331 3791 2527 3846 sperant
2561 3778 2615 3826 in

1590 3868 1853 3933 pristinum
1902 3879 2083 3915 statum
2121 3882 2171 3912 se
2210 3878 2357 3929 posse
2390 3860 2613 3919 restitni3

1592 3949 1680 3996 sed
1696 3958 1937 4011 quaerunt,
1953 3945 2013 3992 ad
2035 3944 2173 3993 exitii
2194 3945 2270 3991 sui
2294 3942 2540 3999 solatium,
2556 3949 2616 3985 ut

1592 4026 1979 4075 condemnentur
2010 4026 2077 4080 ii,
2104 4038 2317 4087 quorum
2348 4019 2525 4067 scelere
2548 4018 2612 4065 af-

1591 4106 1709 4154 ssicti
1727 4116 1908 4153 suntet
1926 4103 2122 4168 perditi.
