2984 4684
443 340 580 427 542
1235 334 1775 404 EXCURSUS

441 466 562 556 ipsi
579 486 706 553 pro,
729 459 1056 551 republica
1077 458 1445 522 militarent.
1469 458 1604 521 Liv.
1632 458 1721 539 11,
1736 479 1799 543 9.
1818 458 2083 547 DionyS.
2110 457 2329 523 Hatv.
2346 458 2583 523 viduis

439 572 632 636 etiam
680 586 744 633 et
789 548 1050 657 pupilli‘s
1091 564 1488 628 tributorum
1540 562 1953 627 collationem
2000 564 2331 629 remissam
2388 566 2587 630 fuisse

443 692 761 743 testantur
805 671 1002 738 iidem
1049 671 1432 760 scriptores,
1494 670 1591 734 uti
1645 686 1713 733 et
1768 670 2153 735 Plutarchus
2214 673 2277 734 in
2336 671 2581 760 Poplic.

441 786 572 849 Has
603 798 824 847 autem
850 779 1214 844 vaoetiones
1247 778 1649 842 tributorum
1676 778 1927 841 stetisse
1946 776 2226 842 dicimus
2248 778 2585 861 duntaxat,

439 888 602 955 dum
639 908 740 951 res
781 886 982 949 aerarii
1028 907 1164 948 non
1217 899 1434 949 essent
1463 882 1793 973 impeditae
1822 907 1839 947 :
1874 902 2151 973 urgente
2173 907 2331 948 vero
2362 907 2587 949 neces-

440 998 622 1061 sitate
649 993 930 1059 sublatas
963 990 1184 1055 fuisse.

527 1102 650 1165 Hic
677 1122 898 1163 rerum
932 1097 1203 1161 istarum
1237 1113 1442 1161 status
1475 1096 1677 1162 fuisse
1706 1095 1967 1159 videtur
1990 1120 2203 1185 usque
2226 1095 2306 1159 ad
2335 1119 2585 1159 annum

441 1209 636 1273 Urbis
683 1207 846 1292 349,
889 1227 1024 1293 quo
1069 1226 1248 1268 anno
1301 1204 1870 1269 senatusconsulto
1934 1203 2269 1293 provisum
2326 1222 2455 1286 est,
2512 1220 2589 1267 ut

441 1314 648 1405 plebi,
686 1336 834 1402 quoe
867 1334 948 1375 eo
982 1333 1193 1398 usque
1229 1311 1366 1375 suis
1399 1310 1771 1399 sumptibus
1804 1326 2163 1392 meruerat,
2186 1308 2587 1400 stipendium

442 1420 794 1510 quotannis
831 1416 914 1483 de
953 1417 1220 1507 publico
1253 1416 1671 1506 penderetur.
1702 1418 1871 1481 Exin
1908 1417 2115 1482 coacti
2162 1434 2321 1482 sunt
2358 1437 2589 1481 omnes

439 1528 612 1591 cives
645 1525 968 1591 tributum
1007 1547 1086 1589 ex
1117 1544 1320 1588 censu
1361 1523 1717 1610 quotannis
1758 1523 1827 1587 in
1868 1520 2271 1612 stipendium
2314 1522 2591 1587 militare

439 1633 756 1697 conferre.
796 1630 930 1695 Liv.
965 1631 1081 1711 IV,
1145 1627 1229 1715 59
1270 1645 1338 1694 et
1383 1628 1490 1693 60.
1553 1627 1755 1711 Quod
1784 1628 2197 1709 institutum,
2252 1630 2351 1694 uti
2395 1627 2589 1693 etiam

441 1739 703 1804 comitia
733 1753 799 1801 et
833 1736 1156 1815 delectus,
1191 1749 1418 1823 postea
1450 1756 1587 1798 non
1624 1734 1821 1802 semel
1858 1734 2217 1799 tribunitiis
2249 1734 2591 1799 calumniis

440 1862 746 1909 vexatum
779 1859 897 1909 est.

532 1951 622 2015 Ut
653 1965 872 2013 autem
905 1947 1232 2011 tributum
1269 1968 1438 2033 saepe
1493 1970 1533 2011 a
1580 1946 1861 2011 tribunis
1910 1946 2114 2035 plebis
2164 1946 2549 2035 impeditum
2572 1996 2593 2027 ,

443 2059 535 2121 sic
561 2080 600 2120 a
631 2071 859 2119 senatu
893 2074 1396 2140 nonnumquam
1425 2069 1523 2118 est
1560 2052 1940 2135 remissum3
1990 2076 2197 2141 quum
2232 2076 2469 2142 nempe
2492 2053 2593 2117 vi·

445 2162 566 2226 ctis
607 2159 868 2251 populis
917 2158 1344 2247 imperaretur
1385 2157 1454 2221 in
1502 2176 1757 2244 poenam
1806 2157 1985 2241 belli,
2020 2158 2201 2248 quod
2232 2161 2384 2225 satis
2420 2177 2595 2225 esset

443 2266 734 2355 pecuniae
769 2263 851 2329 ad
888 2261 1286 2352 stipendium
1321 2263 1618 2328 militare.
1664 2263 1771 2329 Sic
1796 2286 1973 2329 anno
1999 2266 2196 2333 Urbis
2222 2266 2373 2348 361,
2406 2265 2593 2331 victis

441 2370 706 2436 Faliscis
751 2370 820 2434 in
871 2368 1274 2457 stipendium
1317 2368 1605 2433 militum
1650 2370 1789 2449 ejus
1832 2371 2023 2451 anni,
2068 2388 2147 2435 ut
2180 2372 2464 2460 populus
2494 2394 2595 2435 ro-

443 2500 676 2543 manus
723 2476 972 2541 tributo
1017 2490 1304 2557 vacaret,
1350 2475 1629 2563 pecunia
1674 2475 2005 2565 imperata.
2064 2476 2201 2541 Liv.
2228 2478 2311 2559 V,
2364 2500 2467 2565 27.
2506 2480 2595 2543 Et

445 2601 523 2650 ut
559 2581 734 2686 ide-fn
783 2603 952 2669 saepe
996 2580 1374 2661 remissum,
1425 2580 1553 2661 sic,
1600 2596 1869 2668 propter
1902 2579 2223 2649 bellorum
2264 2572 2611 2671 magnitu-¹

443 2689 700 2769 dinem,
724 2688 905 2768 justo
939 2686 1194 2775 gravius
1217 2684 1569 2775 aliquando
1598 2686 1991 2774 imperatum
2025 2705 2144 2753 est.
2174 2688 2309 2752 Liv.
2338 2690 2593 2771 XXIII,

446 2794 554 2877 31,
587 2810 654 2858 et
679 2792 925 2875 XXIV,
959 2814 1060 2857 11.
1203 2774 1214 2784 ’

531 2903 750 2985 Atque
789 2897 918 2961 hoc
956 2897 1040 2961 sit
1077 2896 1162 2961 de
1197 2896 1424 2984 primis
1473 2894 1737 2961 duobus
1778 2897 2177 2963 tributorum
2218 2900 2589 2989 generibus.

446 3005 744 3069 Tertium
779 3003 979 3067 fuisse
1011 3002 1297 3066 diximus
1329 3001 1679 3067 fortuitum
1702 3020 1767 3067 et
1791 3006 2243 3089 temerarium3
2282 3006 2593 3073 nimirum

443 3133 652 3199 quum
671 3158 690 3191 ,
721 3108 1102 3173 necessitate
1123 3124 1398 3197 cogente
1415 3156 1433 3189 ,
1467 3131 1697 3175 omnes
1724 3125 1967 3175 temere
1992 3127 2187 3199 atque
2220 3128 2401 3177 extra
2426 3111 2595 3179 ordi-

445 3241 594 3283 nem
631 3232 903 3306 propter
937 3214 1208 3303 periculi
1233 3214 1637 3279 imminentis
1672 3216 2232 3305 magnitudinem,
2268 3218 2595 3308 quidquid

441 3326 619 3410 auri,
641 3323 970 3415 quidquid
995 3324 1244 3413 argenti
1269 3324 1617 3407 haberent,
1641 3326 1782 3390 sine
1800 3324 2176 3391 discrimine
2206 3328 2274 3393 in
2300 3326 2595 3394 medium

443 3434 860 3501 conferrent:
913 3433 1040 3514 uti,
1086 3448 1234 3521 post
1268 3432 1515 3517 Urbem
1556 3456 1595 3497 a
1626 3433 1823 3500 Gallis
1868 3451 2119 3525 captam
2136 3482 2155 3519 ,
2198 3460 2235 3501 a
2276 3439 2593 3503 matronis

443 3542 754 3607 collatum
787 3557 905 3605 est.
933 3540 1069 3603 Liv.
1085 3540 1166 3620 V,
1215 3536 1320 3603 50.
1354 3540 1438 3603 Et
1477 3540 1651 3605 bello
1682 3540 1931 3605 Punico
1962 3540 2293 3625 secundo,
2331 3544 2593 3609 Valerio

445 3648 742 3733 Laevino,
764 3648 854 3712 M.
898 3644 1173 3711 Claudio
1205 3644 1515 3711 Marcello
1558 3668 1723 3711 coss.
1754 3664 2015 3712 senatus
2052 3666 2118 3713 et
2154 3650 2435 3739 populus
2474 3674 2594 3715 au·

443 3778 625 3836 rum,
659 3770 1040 3843 argentum,
1081 3777 1166 3817 oes
1209 3754 1537 3844 signatum
1572 3776 1769 3820 omne
1804 3754 1873 3817 in
1911 3755 2255 3845 publicum
2295 3757 2595 3823 contule·-

445 3876 623 3927 runt.
651 3860 786 3925 Liv.
813 3861 1034 3924 xxvl
1055 3907 1074 3941 ,
1109 3860 1218 3924 36.

529 3965 741 4046 Hujus
773 3982 994 4031 autem
1029 3966 1356 4031 temerarii
1372 3964 1613 4037 ,tributi
1644 3990 1721 4031 ea
1756 3969 1891 4031 fere
1920 3968 2045 4033 fuit
2070 3968 2267 4053 ratio,
2307 3986 2383 4034 ut
2404 3987 2593 4059 post-

437 4094 632 4159 quam
682 4072 896 4136 subita
943 4071 1114 4135 illius
1163 4074 1484 4137 tumultus
1527 4073 1621 4137 vis
1670 4072 2001 4159 desiisset,
2044 4100 2125 4141 ex
2168 4076 2319 4141 victi
2362 4076 2591 4165 populi
