2984 4684
483 384 743 478 xxxviij
1282 382 1798 451 PRAEFATIO

480 508 937 580 miseratione
976 518 1376 591 moveatur,
1408 528 1664 575 omnes
1701 518 1944 575 motus
1975 508 2237 579 excitat
2269 522 2396 579 aut
2427 510 2615 581 indi-

478 619 881 718 gnationis,
922 630 1047 687 aut
1090 614 1614 685 misericordiae.
1657 618 1742 685 In
1787 638 1940 712 quo
1971 616 2029 687 si
2071 618 2420 713 tantisper
2470 622 2610 689 im·-

480 744 841 816 moratur,
884 730 1047 823 quis
1075 739 1212 813 est,
1250 725 1416 820 qui,
1458 723 1660 822 quod
1691 748 1988 796 summae
2027 727 2200 797 artis
2241 742 2348 798 est
2369 782 2389 814 ,
2435 730 2609 801 velit

474 837 1055 938 reprehendere?
1104 833 1323 926 Quod
1367 850 1611 907 autem
1657 835 2032 907 contendit
2073 843 2265 935 Aper
2311 839 2606 910 Cicero-

476 976 643 1022 nem
674 948 925 1020 «tarde
960 947 1434 1031 commoveri,
1470 968 1635 1015 raro
1659 945 2088 1017 incalescere
2117 974 2150 1011 1>
2181 974 2198 1016 :
2255 962 2380 1017 aut
2415 948 2609 1019 dicat

474 1064 717 1133 omnia
752 1063 829 1131 in
870 1062 1232 1143 oratione,
1268 1055 1385 1127 vel
1420 1058 1612 1154 ipsas
1657 1056 1868 1127 etiam
1905 1058 2392 1143 narrationes,
2445 1062 2606 1155 qui·

471 1174 611 1244 bus
650 1171 831 1241 nihil
874 1183 1113 1267 potest
1146 1191 1301 1240 esse
1344 1166 1696 1253 sedatius,
1729 1166 2144 1255 vehementi
2177 1169 2494 1265 impetu,
2533 1182 2610 1239 et

474 1284 797 1353 maximis
832 1278 1266 1371 clamoribus
1306 1302 1457 1349 esse
1492 1276 1976 1375 peragendas3
2023 1294 2150 1349 aut
2175 1279 2604 1351 Ciceronem

470 1392 775 1465 fateatur
811 1416 916 1478 ea,
946 1414 1093 1486 qua
1129 1389 1358 1475 decet,
1385 1388 1806 1459 incitatione
1849 1386 2022 1459 ferri
2051 1414 2065 1457 ε
2098 1387 2246 1459 imo
2285 1413 2472 1485 saepe
2501 1391 2608 1461 sic

470 1503 687 1598 hujus
724 1500 1011 1571 evolare
1045 1502 1488 1585 orationem,
1535 1513 1619 1568 ut
1661 1500 1806 1568 vim
1843 1512 1918 1569 et
1967 1500 2320 1596 impetum
2363 1499 2604 1597 adspi-

466 1614 647 1697 ciaS,
682 1611 980 1705 vestigia
1012 1609 1562 1705 ingressumque
1591 1634 1742 1679 non
1775 1606 2036 1679 videas,

560 1721 881 1817 Exposui
938 1742 1118 1815 quas
1174 1717 1395 1789 subiit
1448 1718 1624 1789 olim
1684 1720 1939 1789 Cicero
1993 1719 2602 1815 vituperationes3

465 1832 735 1930 quibus
773 1830 893 1900 alii
918 1840 937 1872 ¹
974 1829 1125 1925 jam
1157 1843 1367 1899 antea
1404 1828 1962 1925 responderunt.
1993 1834 2084 1900 Et
2117 1854 2158 1901 a
2193 1854 2310 1899 me
2341 1829 2462 1899 hic
2505 1832 2604 1901 ita

464 1964 893 2039 responsum
928 1952 1147 2037 puto,
1194 1953 1277 2008 ut
1320 1940 1449 2034 qui
1494 1941 1562 2008 ei
1601 1953 2080 2037 opponuntur
2115 1938 2602 2037 reprehenso-

460 2076 609 2135 reS,
663 2052 801 2148 ipsi
837 2051 1029 2143 justa
1084 2049 1646 2145 reprehensione
1689 2064 1816 2119 aut
1861 2048 2175 2137 invidiae,
2221 2064 2348 2120 aut
2391 2052 2600 2145 igno·

462 2162 744 2248 rantiae,
781 2175 907 2228 aut
938 2156 1446 2254 imprudentiae·
1472 2183 1714 2230 carere
1749 2184 1904 2229 non
1942 2182 2152 2256 posse
2187 2159 2598 2231 videantur.

460 2269 650 2342 Illud
670 2284 911 2342 autem
930 2269 1235 2337 censorii
1260 2268 1423 2365 styli
1444 2293 1866 2339 mucronem
1892 2269 2097 2340 illum
2113 2269 2602 2364 pulcherrime

458 2378 812 2465 retundit,
846 2377 1049 2477 quod
1087 2402 1303 2448 nemo
1348 2376 1498 2449 fere
1541 2404 1888 2475 umquam
1928 2378 2179 2468 fuerit,
2213 2384 2396 2477 quin
2425 2385 2602 2453 scri·

460 2504 583 2589 pta
615 2492 973 2561 Ciceronis
1008 2487 1376 2574 habuerit,
1402 2490 1585 2585 quin
1619 2489 1908 2586 legerit,
1939 2493 2114 2587 quin
2149 2493 2598 2589 suspexerit,

458 2626 663 2700 paene
696 2600 962 2687 dicam,
996 2614 1378 2669 veneratus
1420 2597 1676 2684 fuerit,
1704 2614 1789 2670 ut
1825 2599 2240 2697 exemplum
2261 2654 2280 2689 ,
2309 2604 2420 2671 sin
2457 2606 2599 2672 mi-

455 2736 593 2783 nus
638 2709 1169 2809 perfectissimae
1212 2710 1516 2779 omnino
1541 2762 1558 2789 ,
1599 2722 1818 2805 atque
1873 2712 2194 2781 numeris
2247 2710 2598 2781 omnibus

456 2820 841 2908 absolntae,
894 2833 969 2890 at
1024 2842 1197 2889 sane
1244 2819 1435 2889 illius
1483 2844 1648 2916 quae
1695 2820 1938 2891 minus
1993 2844 2031 2890 a
2078 2817 2596 2917 perfectissima

453 2930 743 3039 recedat
764 2982 783 3015 ,
836 2928 1298 3024 eloquentioe.
1352 2930 1439 2999 In
1482 2952 1568 2999 ea
1609 2928 1946 3000 nonnihil
1987 2928 2204 3001 fuisse
2247 2934 2594 3001 vitiorum

458 3042 654 3111 docti
703 3036 1244 3134 judicaverunt,
1287 3054 1359 3109 et
1409 3040 1564 3136 ipse
1605 3040 1859 3128 etiam,
1911 3039 2234 3136 alioquin
2287 3041 2596 3113 minime

454 3153 565 3221 sui
600 3161 1103 3243 contemptor,
1148 3147 1520 3220 confessus
1557 3164 1686 3221 θεῖ.
1725 3153 1996 3221 Verum
2035 3151 2110 3220 in
2153 3150 2265 3221 his
2315 3166 2595 3246 quanta

453 3284 617 3360 pars
653 3258 838 3331 erit?
884 3257 997 3327 Ad
1027 3258 1260 3354 legem
1286 3260 1600 3331 veritatis
1643 3260 1846 3356 loqui
1887 3262 1945 3330 si
1981 3260 2187 3347 velis,
2220 3261 2594 3333 Ciceronis

452 3374 623 3443 vitia
652 3382 1026 3468 quotquot
1056 3382 1229 3439 sunt
1262 3372 1341 3438 in
1378 3393 1609 3439 unum
1645 3373 1708 3439 si
1743 3368 2248 3458 conferantur,
2273 3372 2396 3441 vix
2421 3372 2589 3443 mil-

452 3480 770 3552 lesimam
835 3479 993 3574 ejus
1054 3480 1399 3547 virtutem
1462 3477 1924 3577 adaequatura
1999 3502 2156 3551 esse
2221 3478 2588 3553 fateberis.

452 3594 663 3662 Hunc
699 3592 919 3687 igitur
944 3610 1313 3659 amemus:
1350 3588 1548 3659 hunc
1573 3604 1984 3687 spectemus
2015 3616 2032 3659 ε
2070 3590 2214 3661 hoc
2249 3594 2590 3689 proposi·

451 3714 609 3767 tum
658 3698 869 3770 nobis
923 3698 1015 3769 sit
1069 3696 1479 3793 exemplum
1521 3724 1538 3767 τ
1579 3724 1732 3769 non
1793 3723 1878 3770 ea
1933 3714 2180 3771 tamen
2233 3700 2588 3799 religione

448 3807 724 3894 dicam,
775 3831 871 3877 an
922 3808 1469 3904 superstitione,
1511 3832 1672 3904 quae
1717 3807 1946 3882 altero
1991 3808 2084 3883 ab
2128 3810 2276 3882 hoc
2317 3813 2587 3885 saeculo

527 4068 548 4098 1
562 4088 574 4099 .
614 4049 901 4098 Ciceronem
940 4064 969 4095 a
1009 4048 1265 4098 calumniis
1307 4048 1576 4098 vindicavit
1615 4052 1850 4115 peculiari
1897 4052 2068 4103 libello
2117 4054 2277 4105 Andr.
2327 4055 2587 4109 schottus.

448 4142 639 4202 Aprum
665 4136 891 4185 refutavit
908 4136 1203 4200 Anonymi·
1220 4138 1276 4185 in
1300 4138 1508 4187 Memor.
1529 4139 1872 4189 nivalem&
1899 4144 2053 4205 1718,
2079 4144 2232 4193 Mart.
2263 4159 2377 4209 pag.
2403 4145 2534 4196 552.
