2984 4684
670 386 805 457 DE
854 385 1371 456 PRAETORE
1412 383 2166 455 PROVINCIALI.
2347 380 2482 454 521

356 509 661 596 frequens
693 523 793 572 est
817 507 1066 571 mentio
1094 505 1161 570 in
1182 505 1473 571 Verrinis
1503 531 1518 572 ε
1550 521 1619 570 et
1644 507 1989 587 Bruttiani,
2018 507 2158 571 sive
2181 529 2218 570 e
2240 507 2496 570 Bruttio

354 614 541 679 acciti
581 614 881 679 homines
927 637 1094 702 quos
1139 614 1620 704 magistratibus
1665 615 1734 678 in
1772 615 2138 704 provincias
2185 614 2496 678 euntibus

357 720 423 785 in
462 745 799 786 servorum
843 723 1053 786 vicem
1088 745 1315 810 parere
1367 739 1435 787 et
1472 707 1972 813 praeministrare
2011 721 2178 787 dicit
2221 724 2304 786 A.
2343 721 2500 786 Gel-

352 824 481 891 lius
502 875 523 909 ,
553 851 749 916 quem
784 827 891 892 adi
922 827 1037 894 lib.
1065 830 1163 911 X,
1188 851 1326 918 cap.
1359 827 1419 894 3.

442 933 566 997 Hic
594 948 730 999 erat
751 934 1162 1022 provincialis
1196 934 1489 1022 praetoris
1523 935 1871 999 comitatus
1901 955 1916 998 ε
1943 933 2012 996 hi
2045 931 2240 997 simul
2271 955 2500 998 omnes

354 1037 693 1102 cohortem
727 1037 1094 1126 praetoriam
1126 1036 1551 1103 domesticam
1579 1035 2034 1102 conficiebant.

445 1143 855 1226 Quaestorem
889 1145 1063 1208 inter
1105 1146 1399 1234 praetoris
1432 1146 1766 1210 ministros
1799 1168 1936 1209 non
1969 1145 2310 1225 recensui,
2348 1146 2502 1233 quia

352 1248 493 1329 ejus
517 1249 682 1313 ratio
714 1250 910 1338 longe
946 1251 1067 1315 alia
1093 1250 1249 1333 fuit,
1281 1267 1479 1338 atque
1523 1267 1915 1316 ceterorum.
1953 1251 2078 1315 Hic
2112 1251 2288 1326 enim
2321 1271 2358 1313 a
2390 1271 2506 1338 po-

350 1355 511 1443 pulo
533 1371 923 1444 potestatem
953 1380 990 1420 a
1017 1356 1317 1445 praetoria
1346 1373 1710 1445 separatam
1743 1355 2024 1444 accepit3
2078 1378 2295 1443 neque
2325 1353 2504 1444 apud

352 1478 697 1550 praetorem
728 1463 1023 1546 asseclae,
1062 1463 1177 1528 sed
1210 1461 1323 1527 filii
1358 1464 1582 1526 locum
1621 1463 1931 1528 obtinuit.
1981 1455 2263 1526 Divinat.
2301 1484 2356 1525 c.
2402 1483 2500 1546 ¹9·

350 1567 456 1632 Ad
480 1568 624 1632 Div.
656 1569 853 1651 XIII,
887 1592 989 1634 10.

444 1675 520 1737 In
558 1674 841 1763 singulas
872 1675 1236 1764 provincias
1280 1676 1520 1766 singuli
1553 1690 1946 1764 quaestores;
1993 1691 2061 1738 at
2104 1674 2175 1738 in
2221 1671 2504 1740 Siciliam

354 1773 491 1840 duo
524 1776 975 1842 mittebantur.
1024 1778 1439 1868 Legebantur
1474 1800 1555 1843 eo
1593 1777 1833 1858 mode,
1883 1799 2018 1865 quo
2053 1775 2399 1864 praesides3
2437 1791 2505 1839 et

353 1879 719 1968 provincias
765 1881 835 1946 in
882 1899 1125 1946 sortem
1164 1883 1618 1964 conjiciebant.
1655 1881 2074 1964 Quaestorum
2124 1879 2502 1968 procuratio

354 1985 483 2050 fuit
512 1982 755 2076 duplex
780 2011 797 2052 z
832 1989 1112 2071 urbana,
1136 2011 1367 2054 eorum
1397 1991 1512 2078 qui
1544 1988 1769 2054 aerario
1801 1988 2031 2076 populi
2057 1987 2310 2050 romani
2340 2007 2504 2073 prae-

355 2108 605 2175 essent3
644 2094 1053 2181 provincialis
1073 2143 1092 2176 ‚
1137 2119 1365 2160 eorum
1390 2144 1408 2177 ‚
1446 2095 1563 2183 qui
1589 2116 1744 2158 cum
1769 2094 2148 2158 consulibus
2165 2141 2184 2174 ‚
2212 2108 2326 2156 aut
2351 2115 2502 2156 cum

354 2200 741 2287 praetoribus
768 2200 839 2264 in
866 2203 1231 2290 provincias
1262 2203 1456 2267 irent.
1484 2199 1688 2284 Quod
1715 2202 1800 2264 ita
1829 2199 2202 2266 institutum
2226 2197 2505 2263 declarat

356 2305 585 2370 Cicero
616 2329 751 2372 non
784 2331 923 2374 uno
956 2309 1123 2374 loco.
1270 2379 1273 2382 ,

444 2411 513 2475 Si
556 2411 823 2499 quando
858 2431 1143 2502 quaestor
1172 2416 1239 2480 in
1274 2415 1610 2504 provincia
1646 2431 2031 2496 moreretur,
2065 2414 2135 2476 in
2175 2411 2502 2477 demortui

356 2517 579 2580 locum
596 2535 834 2604 praetor
847 2537 1359 2608 proquaestorem
1374 2521 1790 2586 adsciscebat.
1809 2522 1916 2585 Sic
1930 2524 2002 2584 C.
2015 2517 2316 2584 Malleolo
2330 2540 2507 2605 quae-

358 2639 533 2687 store
549 2621 899 2688 Dolabellae
915 2625 1154 2708 occiso,
1176 2626 1411 2692 Verres
1435 2650 1474 2690 a
1497 2626 1830 2692 Dolabella
1861 2625 2075 2690 statim
2093 2637 2503 2712 proquaestor

358 2751 499 2792 esse
530 2727 747 2808 jussus
787 2748 905 2796 est.
940 2733 1019 2796 In
1053 2733 1239 2797 Verr.
1284 2732 1397 2796 lib.
1438 2735 1500 2816 1,
1535 2755 1676 2821 cap.
1717 2736 1818 2810 14.
1877 2732 2298 2813 Quaestorum
2342 2752 2500 2817 pro-

359 2835 733 2901 vincialium
766 2858 1007 2902 munus
1034 2835 1163 2906 hoc'
1194 2855 1365 2921 erat,
1397 2856 1473 2904 ut
1507 2840 1851 2928 pecuniam
1877 2837 2140 2927 praetori
2171 2861 2251 2901 ex
2281 2837 2506 2902 aerario

362 2964 403 3005 a
432 2959 664 3007 senatu
698 2945 1078 3010 attributam
1098 2995 1116 3028 ,
1156 2970 1194 3010 a
1230 2946 1512 3011 tribunis
1538 2947 1740 3011 oerarii
1781 2946 2177 3033 acciperent,
2213 2967 2410 3031 quam
2439 2944 2510 3006 in

364 3048 765 3138 stipendium
808 3067 875 3115 et
922 3051 1328 3116 frumentum
1374 3051 1742 3142 legatorum
1763 3101 1782 3135 ‚
1831 3075 1906 3116 ac
1951 3051 2154 3115 totius
2195 3050 2508 3140 praetoriae

366 3153 656 3219 cohortis
700 3157 1122 3222 insumerent.
1165 3158 1394 3223 Totius
1438 3173 1750 3246 praeterea
1791 3158 1884 3222 rei
1919 3154 2358 3221 frumentariae
2389 3152 2508 3217 ad-

369 3259 910 3326 ministrationem
941 3285 979 3326 a
1014 3277 1289 3351 praetore
1331 3263 1455 3328 sibi
1487 3264 1901 3328 commissam
1933 3260 2328 3326 habuerunt.
2371 3260 2506 3324 Cic-

367 3361 555 3428 Verr.
584 3366 615 3428 I
636 3413 657 3446 ‚
686 3389 743 3430 c.
780 3369 861 3444 14
888 3384 952 3431 et
982 3367 1085 3433 38.
1110 3369 1544 3433 Frumentum
1577 3371 1852 3433 Romam
1887 3363 2282 3431 mittendum
2315 3387 2504 3429 cura-

368 3465 547 3531 bant.
582 3468 710 3532 Pro
737 3469 951 3536 Plane.
978 3495 1035 3536 c.
1067 3472 1174 3536 26.
1208 3473 1500 3538 Praedam
1534 3473 1617 3537 ab
1650 3473 1948 3544 hostibus
1983 3487 2234 3558 captam
2264 3468 2508 3535 vende·

369 3572 563 3657 bant3
613 3576 958 3662 pecuniam
1008 3577 1163 3643 inde
1194 3579 1520 3644 redactam
1553 3580 1618 3643 in
1657 3579 1950 3668 publicas
1990 3577 2240 3641 tabulas
2281 3575 2512 3641 refere—

368 3681 551 3746 bant.
586 3681 721 3745 Liv.
754 3682 865 3748 lib.
902 3685 1014 3762 IV,
1044 3709 1103 3751 c.
1147 3684 1253 3752 53.
1285 3686 1850 3769 Jurisdictionem‚
1893 3687 2162 3750 absente
2197 3701 2508 3772 praetore,

372 3786 441 3852 in
470 3787 803 3874 provincia
835 3811 951 3855 sua
982 3791 1385 3856 exercebant.
1416 3791 1698 3856 Divinat.
1734 3817 1791 3857 o.
1825 3815 1928 3879 17.

463 3893 713 3958 Eorum
750 3895 1027 3986 insignia
1063 3914 1281 3980 erant,
1332 3914 1483 3986 toga
1518 3913 1860 3987 praetexta3
1906 3896 2131 3960 scribae
2177 3894 2262 3959 ad
2309 3893 2513 3959 confi·

370 3999 633 4064 ciendas
669 4001 917 4067 tabulas
956 4004 1284 4093 publicas3
1320 4004 1613 4086 lictoreS‚
1651 4003 1734 4068 ad
1769 4004 2166 4085 majestatem
2201 4001 2511 4067 tuendam

378 4108 807 4196 magistratu&
844 4109 925 4174 In
949 4109 1133 4175 Verr.
1168 4109 1277 4176 lib.
1303 4112 1404 4189 11,
1458 4135 1512 4174 c.
1549 4115 1610 4189 4.
