2984 4684
748 420 1134 491 ORATIO
1182 423 1387 491 PRO
1435 420 1526 509 Q.
1569 418 1978 491 ROSCIO.
2299 428 2432 519 149

302 540 690 631 debeatur-3
727 540 855 613 sed
894 545 1063 614 satis
1102 566 1468 641 superque
1505 538 1773 612 habere
1808 538 1984 613 dicit
2002 596 2022 632 ‚
2055 542 2260 639 quod
2292 544 2430 616 sibi

300 651 392 723 ab
414 652 692 723 arbitro
716 650 1095 724 tribuatur.
1124 658 1379 749 Itaque
1400 651 1582 723 alter
1607 675 1834 722 causae
1862 650 2166 724 confidit
2182 664 2236 742 ⁷,
2254 655 2434 725 alter

302 759 589 833 diffidit.
615 765 799 853 Quae
830 788 1063 859 quum
1094 765 1194 833 ita
1215 765 1360 834 sint
1382 818 1403 845 ‚
1435 783 1683 859 quaero
1709 760 1838 833 abs
1865 776 1969 851 te,
2001 762 2181 861 quid
2215 767 2315 835 ita
2341 763 2435 836 de

302 872 438 944 hac
470 876 819 971 pecunia,
868 871 959 944 de
992 871 1105 943 his
1135 876 1309 971 ipsis
1340 877 1491 944 H-S
1521 894 1706 959 1000,
1752 870 1844 943 de
1886 887 2176 944 tuarum
2223 871 2432 945 tabu-

300 983 537 1055 larum
561 981 707 1054 fide
752 988 1358 1082 compromissum
1378 980 1407 1027 ⁸
1456 982 1745 1071 feceris,
1779 982 2188 1054 arbitrum9
2237 1009 2434 1055 sum-

230 1080 243 1093 *
302 1097 562 1192 pseris,
592 1109 951 1191 quantum
982 1096 1259 1191 aequius
1290 1109 1364 1164 et
1394 1094 1652 1165 melius
1687 1095 1814 1181 sit,
1837 1092 2023 1181 dari,
2052 1096 2435 1190 repromit-

302 1207 480 1290 five,
518 1208 578 1275 si
602 1206 925 1302 pareret?
945 1208 1129 1296 Quis
1151 1208 1229 1275 in
1248 1203 1437 1276 hanc
1457 1228 1610 1276 rem
1636 1203 1776 1275 fuit
1794 1203 2110 1275 arbiter?
2137 1206 2432 1275 Utinam
2451 1202 2454 1205 ⁴

302 1318 363 1385 is
390 1314 689 1411 quidem
718 1319 967 1387 Romae
990 1312 1213 1387 esset!
1246 1322 1493 1387 Romae
1516 1330 1645 1386 est.
1671 1317 2037 1387 Ufinam¹⁰
2055 1312 2336 1386 adesset
2355 1318 2432 1386 in

296 1422 614 1521 judicio!
645 1426 887 1498 Adest.
921 1430 1217 1499 Utinam
1250 1424 1534 1499 sederet
1563 1429 1640 1495 in
1669 1426 1972 1497 consilio
2005 1430 2081 1497 C.
2112 1424 2430 1498 Pisonis!

301 1540 467 1635 Ipse
516 1541 593 1608 C.
628 1540 791 1607 Piso
824 1552 951 1609 est.
1009 1536 1461 1609 Eumdemne
1503 1551 1584 1608 tu
1624 1533 1980 1607 arbitrum
2013 1549 2086 1608 et
2109 1533 2432 1632 judicem

300 1645 682 1720 sumebas?
740 1647 976 1721 eidem
1023 1662 1098 1720 et
1140 1648 1500 1719 infinitam
1536 1648 1990 1746 largitionem
2015 1656 2072 1689 ¹¹
2117 1637 2432 1717 remitte-

300 1757 465 1847 bas,
492 1773 568 1830 et
596 1758 935 1831 eumdem
967 1764 1045 1831 in
1077 1762 1654 1859 angustissimam
1687 1757 2072 1830 formulam
2106 1760 2434 1855 sponsio-

301 1870 411 1939 nis
430 1868 958 1957 concludebas?
976 1874 1159 1961 Quis
1177 1894 1527 1968 umquam
1553 1868 1648 1941 ad
1673 1868 2053 1957 arbitrum,
2072 1883 2430 1965 quantum

300 1981 529 2076 petiit,
548 1992 831 2049 tantum
845 1977 1143 2051 abstulit
1160 1979 1255 2050 ¹²?
1278 2003 1534 2051 nemo:
1559 1993 1918 2076 quantum
1945 1981 2140 2049 enim
2154 1982 2433 2075 aequius

302 2103 489 2160 esset
518 2087 657 2159 sibi
685 2087 876 2177 dari,
910 2092 1121 2186 petiit
1147 2086 1231 2159 ¹³.
1290 2094 1401 2161 De
1436 2112 1588 2187 quo
1620 2090 1916 2158 nomine
1947 2086 2039 2157 ad
2078 2086 2430 2157 arbitrum

298 2196 537 2287 adisti,
564 2197 657 2270 de
684 2223 771 2270 eo
799 2197 889 2269 ad
910 2198 1235 2295 judicem
1264 2202 1546 2270 venisti.
1586 2202 1822 2271 Ceteri
1854 2222 2087 2295 quum
2119 2196 2212 2268 ad
2232 2197 2429 2295 judi-

302 2334 459 2381 cem
495 2333 785 2381 causam
813 2308 1225 2404 labefactari
1260 2310 1864 2398 animadvertunt,
1886 2307 1980 2379 ad
2011 2307 2435 2380 arbitrum¹⁴

372 2488 423 2532 7.
473 2470 705 2538 CorfiAER.
745 2472 875 2535 Quia
909 2472 1045 2537 apud
1086 2471 1325 2520 arbitrum

296 2549 457 2615 pluris
480 2551 657 2615 petitio
680 2550 805 2598 nihil
830 2562 903 2599 est
932 2551 1184 2599 obfutura.
1218 2550 1323 2617 Βίβ-

286 2628 425 2697 fidit.
472 2628 625 2691 Quod
666 2629 802 2693 apud
833 2628 1051 2692 indicem
1068 2663 1084 2690 ,
1134 2631 1176 2678 si
1213 2630 1326 2694 plus

300 2718 435 2775 petat
481 2725 629 2774 qnam
666 2708 897 2757 debentur
910 2744 927 2770 ,
960 2724 1104 2759 musa
1140 2708 1327 2757 excidit

301 2799 457 2839 ector.

372 2869 429 2917 8.
460 2866 881 2932 compromissum.
923 2866 1327 2931 compromissum

287 2944 467 3011 facere
487 2946 736 3004 dicuntur,
762 2946 875 3010 qni,
900 2944 991 2993 snb
1015 2960 1161 3009 poene
1180 2954 1325 2993 certae

300 3026 523 3090 pecuniae
541 3040 594 3072 se
613 3024 785 3073 arbitri
808 3023 1057 3073 sententie
1080 3024 1325 3087 paritums

298 3105 619 3169 promittunt.
636 3103 760 3152 Vid.
788 3104 975 3167 Digest.
999 3102 1061 3150 de
1090 3104 1319 3169 receptis,

298 3184 388 3248 qni
408 3182 665 3230 arbitrium
692 3192 993 3248 receperunt,
1012 3183 1106 3245 IV,
1130 3184 1180 3232 8.

372 3280 426 3325 9.
470 3261 740 3311 Arbitrum.
796 3264 975 3310 Sensus
1024 3270 1097 3310 est
1123 3275 1138 3311 ε
1187 3264 1289 3313 cur
1305 3295 1322 3322 ,

298 3356 455 3405 qum
494 3342 603 3390 hec
640 3343 847 3405 pecnnia
886 3341 941 3389 in
980 3340 1157 3389 tabulis
1198 3350 1327 3390 esset

298 3421 481 3486 scripta
494 3456 513 3483 ,
558 3420 797 3469 arbitrum
841 3419 1003 3468 adiisti
1019 3455 1036 3479 ‚
1081 3422 1219 3485 qussi
1260 3420 1323 3468 de

298 3497 485 3547 incerta
510 3500 721 3565 pecnnia
744 3509 983 3563 ageretur,
1012 3510 1095 3559 nt,
1132 3514 1193 3547 ex
1216 3500 1324 3559 ejus

300 3577 543 3627 sententia
556 3612 571 3637 ,
594 3588 832 3642 quantum
866 3579 1069 3643 aequitas
1102 3578 1325 3644 postussa-

300 3666 393 3715 ret,
422 3666 613 3705 tantum
640 3656 729 3704 tibi
755 3658 969 3707 Roscius
990 3658 1141 3718 daret,
1167 3658 1247 3707 vel
1272 3674 1325 3705 se

300 3732 531 3785 daturum
550 3736 863 3800 promitteret
876 3772 892 3797 ,
926 3738 969 3785 si
996 3738 1149 3787 modo
1176 3754 1327 3803 appa-

300 3825 428 3863 reret
447 3832 563 3865 enm
588 3814 776 3878 aliquid
799 3815 992 3865 debere.

378 3908 455 3941 ro.
464 3894 709 3945 Nonnulli
728 3894 881 3943 codd.
887 3896 1001 3961 jem
1020 3896 1227 3945 utinam.
1246 3896 1327 3945 Al.

299 3986 421 4019 nam
441 3974 569 4021 utin.
586 3973 767 4023 Delent
789 3974 936 4022 Grut.
960 3976 1120 4023 Graev.
1145 3974 1267 4023 Lan.

378 4068 460 4102 ιι.
504 4052 857 4119 largitionem.
900 4056 1066 4102 θεων.
1106 4054 1171 4103 ed
1211 4054 1261 4101 h.
1292 4054 1327 4102 l.

276 4128 563 4194 ,legendum
588 4142 733 4198 putat
764 4154 789 4175 ο
808 4143 1103 4197 potestatem
1128 4134 1328 4199 permit·

1410 2472 1546 2520 tebas
1571 2494 1618 2521 ι.
1662 2472 1730 2521 At
1776 2470 1903 2519 nihil
1944 2485 2072 2535 opus
2111 2474 2430 2521 correctione.

1410 2551 1668 2599 neminen
1727 2550 1856 2599 enim
1912 2565 2006 2613 pro
2031 2562 2034 2565 ’
2060 2550 2327 2598 concedere
2373 2566 2432 2599 ec

1410 2630 1688 2695 permittere
1713 2629 1938 2693 usurpari
1969 2629 2236 2677 ostendunt
2257 2632 2427 2690 anee.

1411 2711 1571 2768 XXI,
1605 2708 1726 2756 Obs.
1754 2724 1840 2771 ²9·
1868 2708 2003 2771 Lips.
2033 2707 2097 2755 ad
2109 2708 2230 2756 Tac.
2250 2709 2436 2757 Annal-

1406 2790 1466 2849 1,
1499 2790 1550 2837 8.
1582 2786 1764 2837 Duker.
1791 2786 1856 2835 ad
1881 2787 1940 2834 T.
1968 2786 2074 2835 Liv.
2101 2788 2428 2848 11111„2.

1412 2871 1584 2933 Itaque
1617 2867 1766 2916 verba
1803 2868 1938 2916 baec:
1970 2864 2246 2915 uinfinitam
2283 2866 2430 2931 largi-

1413 2948 1596 2997 tionem
1621 2946 1900 2995 remittebas
1921 2964 1944 2989 »
1961 2982 1978 3009 ,
2001 2944 2280 3009 significant
2295 2980 2310 3005 ‚
2348 2962 2431 2995 er-

1414 3027 1546 3076 bitro
1562 3027 1846 3075 latissimam
1875 3035 2164 3091 potestatem
2187 3025 2434 3076 tribuebas

1408 3123 1473 3155 ex
1523 3122 1666 3171 oeqno
1709 3105 1971 3155 statuendi.
2023 3106 2106 3154 Sic
2163 3118 2286 3155 oret.
2337 3122 2431 3171 pro

1408 3187 1606 3235 Μαι-εει.
1627 3200 1694 3233 20
1708 3218 1726 3246 ‚
1754 3185 2032 3249 aequitatis
2055 3185 2252 3249 largitio
2267 3207 2310 3233 ιο.

1489 3280 1571 3312 12.
1596 3264 1820 3313 Abstulit.
1848 3264 2100 3323 obtinuit,
2134 3264 2431 3328 impetravit.

1488 3345 1570 3392 13.
1599 3340 1780 3391 Schiitz
1795 3342 2006 3392 libenter
2023 3343 2205 3406 legeret
2227 3343 2430 3407 accepit.

1410 3422 1550 3472 Nihil
1595 3423 1880 3473 mutandum
1915 3423 2078 3471 video.
2125 3423 2220 3470 Hic
2253 3421 2428 3486 petiit,

1410 3512 1646 3566 quantum
1693 3502 1756 3549 ad
1802 3518 1994 3551 sensum
2033 3510 2218 3566 spectat
2233 3536 2250 3563 ,
2303 3501 2434 3549 idem

1410 3581 1558 3631 velet.
1585 3584 1620 3630 J
1623 3584 1714 3629 ,Ἄ
1735 3583 1794 3629 1..

1487 3667 1570 3715 14.
1589 3660 1678 3708 Aa
1692 3662 1947 3709 arbitrum.
1975 3662 2034 3708 In
2051 3658 2268 3709 eamdem
2287 3662 2434 3709 ratio-

1412 3756 1527 3787 nem
1549 3742 1719 3788 Sencc.
1744 3740 1806 3789 de
1825 3740 1990 3790 Benes.
2011 3742 2112 3791 111:
2137 3740 2345 3789 -molior
2366 3741 2442 3791 νῖ-

1416 3819 1562 3868 detur
1581 3818 1804 3866 conditio
1827 3834 1982 3867 causae
1997 3818 2160 3879 bonae,
2170 3819 2292 3869 sind
2305 3820 2439 3880 judi-

1419 3914 1550 3956 cem,
1577 3912 1722 3961 quam
1761 3898 1802 3946 si
1837 3897 1901 3947 ed
1935 3899 2175 3950 arbitrum
2197 3901 2438 3961 minatur,

1418 3978 1536 4041 qnia
1562 3978 1704 4025 illum
1729 3978 1936 4027 formnh
1963 3978 2194 4038 includit,
2212 3990 2264 4027 et
2281 3990 2440 4037 certos

1414 4072 1542 4120 qnos
1575 4072 1678 4105 non
1715 4057 1918 4106 excedet
1937 4094 1956 4120 ‚
1997 4061 2228 4107 terminos
2261 4058 2440 4122 portin

1414 4135 1562 4197 hujus
1577 4136 1726 4187 libera
1749 4147 1798 4187 et
1819 4136 1975 4189 nullis
1983 4138 2246 4191 constricte
2269 4138 2447 4209 vinctis
