2984 4684
18 1067 55 1542 &vasam-wa

665 382 799 450 DE
849 380 1375 450 PRAETORE
1424 378 2176 450 PROVINCIALI.
2279 419 2302 430 -
2353 373 2492 448 523

337 499 605 590 triginta
646 497 785 566 dies
818 518 968 589 post
992 503 1381 566 successoris
1416 501 1770 566 adventum
1795 499 1862 562 in
1901 498 2234 588 provincia
2255 499 2497 564 morari

337 623 579 696 posset.

426 711 723 778 Proesidis
752 711 1045 778 officium
1072 713 1471 800 provinciale
1497 715 1564 777 in
1593 712 1757 778 duas
1788 721 2002 800 partes
2031 713 2156 777 fuit
2179 759 2196 792 ,
2213 727 2296 798 ‘ut
2325 710 2496 776 dixi·

348 841 521 902 mus,
550 818 973 884 distributum
1002 842 1019 884 ε
1052 836 1476 908 potestatem,
1511 836 1578 885 et
1603 818 1977 908 imperium.
2007 817 2338 902 Potestas,
2369 816 2497 882 suit

336 925 605 990 facultas
642 925 1121 1016 cognoscendi3
1152 928 1502 1019 imperium
1524 975 1544 1010 ,
1582 925 1892 992 exercitui
1927 923 2325 1012 imperandi,
2351 925 2494 990 bel-

337 1031 609 1118 lumque
645 1031 937 1121 gerendi.
972 1031 1289 1102 AEstatem
1323 1034 1460 1100 fere
1493 1037 1588 1101 rei
1622 1035 1914 1132 militari3
1948 1037 2234 1100 hiemem
2267 1048 2495 1122 praeto-

336 1137 448 1202 rioe
480 1138 875 1226 cognitioni,
912 1162 1057 1226 quae
1079 1139 1149 1204 in
1177 1139 1633 1221 jurisdictione
1657 1142 2070 1230 potissimum
2100 1155 2200 1206 est
2221 1153 2492 1218 versata,

337 1243 669 1314 dicabant.
2503 1327 2512 1333 ·

430 1350 763 1434 Quoniam
799 1367 1021 1417 autem
1070 1352 1311 1418 horum
1358 1353 1729 1420 officiorum
1779 1369 2092 1419 neutrum
2131 1351 2332 1432 tueri,
2369 1350 2494 1412 nisi

339 1458 530 1522 variis
560 1458 907 1523 itineribus
935 1472 1053 1548 pe'r
1075 1461 1480 1548 provinciam
1510 1461 1854 1544 faciendis,
1883 1477 2280 1550 potuerunt,
2313 1458 2394 1524 de
2417 1457 2494 1522 iis

336 1587 541 1654 pauoe
566 1564 1019 1654 praemittenda
1048 1583 1225 1632 sunt.

426 1670 661 1735 Primis
697 1671 1104 1760 temporibus
1158 1673 1283 1737 iter
1338 1673 1431 1737 ita
1472 1672 1684 1740 facere
1728 1671 2034 1760 praesides
2076 1670 2330 1736 romani
2375 1691 2496 1759 per

340 1777 743 1866 provinciam
776 1775 1076 1842 solebant
1093 1827 1112 1861 ,
1138 1779 1321 1868 quod
1351 1781 1485 1862 jam
1518 1803 1556 1844 a
1589 1780 1781 1845 nobis
1810 1779 2224 1844 observatum
2256 1791 2391 1854 est,
2421 1793 2498 1840 ut

258 1923 271 1934 ·
340 1883 533 1948 sociis
563 1882 727 1947 nulli
770 1883 992 1965 oneri,
1047 1907 1266 1973 neque
1302 1887 1600 1974 sumptui
1642 1901 1902 1968 essent3
1950 1886 2195 1974 quippe
2225 1885 2340 1972 qui
2375 1883 2498 1947 ho·

342 1989 540 2078 spites
573 1989 769 2054 etiam
800 1990 1105 2078 privatim
1137 1991 1457 2056 haberent
1476 2041 1496 2075 ,
1529 1991 1612 2056 ad
1655 2015 1824 2081 quos
1858 1993 2248 2080 plerumque
2279 1988 2495 2054 diver-

341 2111 575 2160 terent.
621 2095 857 2161 Postea
890 2119 1081 2179 vero,
1132 2098 1441 2188 gliscente
1478 2097 1751 2163 libidine
1769 2147 1789 2181 ,
1828 2099 2019 2162 sociis
2073 2117 2286 2185 usque
2331 2093 2496 2159 adeo

340 2200 748 2274 incommodi
784 2226 925 2268 esse
956 2221 1325 2292 coeperunt,
1384 2222 1462 2269 ut
1508 2228 1738 2270 eorum
1772 2206 2136 2269 multorum
2179 2201 2496 2266 adventus

340 2331 574 2403 parum
602 2309 686 2374 ab
713 2309 934 2374 hostili
966 2311 1393 2398 impressione
1425 2308 1740 2376 differret.
1780 2311 2109 2394 Quocirca
2145 2308 2368 2373 multis
2401 2306 2498 2372 le-

341 2413 533 2504 gibus
566 2435 797 2478 eorum
827 2416 1335 2506 constringenda
1362 2415 1569 2482 libido
1602 2417 1750 2482 fuit.

434 2517 697 2582 Primus
719 2519 902 2600 Cato,
934 2542 1144 2606 quum
1178 2519 1541 2585 Sardiniam
1577 2520 1904 2584 obtineret
1931 2542 2107 2584 anno
2141 2517 2293 2599 555,
2321 2541 2497 2582 sum-

341 2639 496 2712 ptus
513 2671 533 2705 ,
557 2645 725 2710 quos
751 2623 820 2686 in
850 2624 1103 2688 cultum
1128 2641 1481 2712 praetorum
1511 2625 1671 2689 socii
1700 2626 1908 2690 facere
1937 2623 2110 2688 soliti
2145 2639 2350 2701 erant,
2379 2622 2498 2686 cir-

343 2727 676 2811 cumcidit,
710 2747 824 2794 aut
858 2730 1122 2795 sustulit
1151 2753 1167 2797 :
1202 2747 1401 2819 atque
1422 2731 1580 2796 huic
1607 2731 1778 2795 malo
1798 2730 2224 2794 nihilominus
2261 2730 2327 2792 in
2357 2728 2495 2794 dies

344 2837 815 2926 ingravescenti
857 2835 1143 2901 remedia
1188 2837 1307 2901 alia
1344 2836 1626 2902 subinde
1667 2835 1854 2901 allata
1903 2851 2092 2918 sunt,
2139 2834 2351 2900 donec
2391 2835 2497 2899 lex

345 2943 543 3026 Julia,
580 2966 779 3031 quam
808 2945 1023 3008 Caesar
1053 2943 1205 3008 tulit
1232 2943 1301 3006 in
1334 2944 1552 3033 primo
1585 2943 1958 3026 consulatu,
1999 2958 2231 3032 praeter
2257 2958 2496 3024 cetera,

347 3047 507 3136 quid
537 3071 574 3114 a
611 3050 803 3114 sociis
840 3049 978 3114 dari
1014 3065 1377 3139 oporteret,
1412 3051 1723 3139 praecepit
1761 3073 1777 3114 :
1819 3071 2056 3138 nempe
2091 3067 2374 3130 tectum,
2411 3050 2495 3113 li-

348 3175 476 3242 gna
496 3203 515 3230 ‚
568 3153 690 3238 sal,
725 3157 1011 3238 foenum,
1052 3173 1117 3222 et
1148 3172 1361 3221 cetera
1388 3155 1708 3237 ejusmodi
1731 3203 1750 3238 ,
1785 3179 1968 3244 quae,
2003 3172 2270 3244 repente
2301 3154 2498 3219 adve-

349 3259 571 3322 niente
614 3277 926 3348 praetore,
984 3260 1331 3326 commode
1367 3262 1580 3350 parari
1616 3261 1700 3326 ab
1743 3262 1946 3350 ipsius
1996 3261 2310 3326 comitatu
2356 3283 2496 3325 non

348 3378 669 3451 poterant.
718 3367 1007 3431 Instituti
1047 3368 1361 3450 ministri,
1394 3367 1543 3455 qui,
1597 3391 1742 3455 quae
1777 3369 1918 3458 lege
1967 3369 2494 3449 continebantur,

350 3470 746 3557 praeberent,
776 3495 985 3560 graeco
1015 3474 1335 3539 vocabulo
1382 3475 1654 3563 parochi
1701 3475 2228 3540 nominabantur.
2269 3476 2493 3540 Horat.

350 3577 481 3641 Sat.
503 3577 567 3659 l,
600 3575 663 3660 5,
695 3578 803 3657 46.
838 3579 973 3643 Cic.
1004 3579 1087 3644 ad
1113 3583 1243 3646 Att.
1276 3581 1389 3645 lib.
1414 3581 1616 3663 xm,
1646 3582 1830 3670 epist.
1853 3605 1914 3646 τι.
1952 3580 2082 3646 Sed
2113 3580 2196 3645 de
2232 3581 2334 3645 his
2361 3581 2494 3661 jam

351 3683 659 3749 diximus.

437 3789 749 3878 Lepidam
762 3791 983 3856 Verris
998 3793 1309 3858 itinerum
1333 3793 1842 3883 descriptionem
1865 3794 2062 3860 habes
2075 3794 2244 3859 libro
2257 3795 2494 3884 quinto

354 3897 821 3962 Accusationis.

444 4005 761 4069 Itinerum
812 4006 1064 4069 ratione
1110 4023 1475 4096 perspecta,
1524 4009 1857 4096 sequitur,
1917 4026 1991 4073 ut
2039 4010 2120 4076 de
2177 4026 2494 4099 potestate

358 4133 642 4202 agamus.
