2984 4684
493 384 633 457 560
1277 378 1848 449 ExcURSUS

487 528 687 597 quam
727 528 806 568 ex
841 502 962 567 illis
1009 517 1304 567 exactum
1347 502 1547 565 fuisse
1588 500 1737 588 quis
1780 496 2101 564 affirmare
2135 496 2419 562 audeat?
2454 498 2638 582 Quid

487 612 809 702 pastiones
861 609 992 690 jam
1051 608 1308 673 dicam?
1347 629 1548 697 quam
1591 628 1988 687 numerosa,
2036 627 2236 694 quam
2286 604 2641 670 fructuoso

487 720 731 785 fuerint
763 718 1010 809 populo
1043 714 1358 782 romano?
1389 714 1603 781 Sicilia
1634 716 1849 779 omnis
1884 730 1983 779 est
2012 732 2337 779 montosa.
2378 714 2479 777 Ex
2500 712 2638 777 val-

486 826 660 890 libus
702 823 1054 889 arabantur
1097 822 1315 911 fruges
1363 819 1735 885 uberrimae.
1790 818 2003 883 Colles
2024 865 2043 899 ,
2078 833 2341 906 vepreta
2359 866 2378 899 ,
2424 818 2598 881 silve
2616 864 2637 897 ,

492 931 775 1019 denique
817 950 999 1019 seges
1041 928 1258 991 omnis
1296 945 1731 1015 quaecumque
1763 921 2004 991 vitibus
2037 947 2176 988 non
2210 940 2350 989 erat
2378 944 2639 987 accom-

493 1036 688 1103 moda
707 1083 725 1118 ,
765 1054 882 1101 aut
931 1034 1229 1123 frugibus
1247 1082 1266 1116 ,
1321 1034 1705 1123 pascebatur
1751 1029 2119 1121 pecoribus.
2156 1031 2305 1095 Huc
2348 1044 2641 1094 amenta

494 1162 559 1210 et
614 1138 864 1235 greges’
889 1142 1437 1223 immittebantur,
1483 1163 1606 1229 pro
1660 1162 1947 1228 quorum
2000 1136 2269 1227 singulis
2322 1136 2641 1226 capitibus

491 1249 864 1341 reipublicae
917 1243 1329 1337 pendebatur
1367 1246 1659 1335 vectigal.
1720 1246 1865 1309 Hoc
1910 1236 2243 1333 quantum*
2286 1242 2517 1325 fuerit,
2576 1258 2642 1305 et

495 1379 694 1446 quam
751 1357 1166 1422 fructuosum
1214 1352 1402 1417 facile
1445 1351 1567 1416 tibi
1618 1350 1841 1415 animo
1900 1348 2103 1439 finges
2119 1398 2138 1431 ,
2186 1348 2240 1412 si
2292 1346 2641 1413 attenderis

497 1462 680 1553 quod
708 1484 902 1551 supra
929 1460 1246 1541 diximus,
1278 1458 1476 1523 saltus
1519 1458 1661 1523 illos
1686 1459 1884 1549 vulgo
1922 1455 2157 1521 elooeri
2193 1454 2419 1521 solitos
2442 1455 2643 1519 fuisse

497 1567 811 1633 Romanis
847 1564 1174 1654 opulentis
1190 1612 1210 1645 ,
1231 1564 1348 1651 qui
1390 1584 1656 1651 magnas
1700 1562 2033 1650 pecuarias
2076 1562 2145 1625 in
2190 1560 2409 1627 Sicilia
2446 1560 2643 1625 facie·

499 1676 675 1739 bant.
710 1674 866 1737 Haec
895 1671 1150 1751 omnia,
1196 1668 1504 1735 decumas
1548 1682 1617 1732 et
1658 1668 1983 1756 pastiones
2016 1666 2195 1749 dico,
2222 1665 2306 1731 ad
2338 1681 2643 1753 quatuor,

500 1780 602 1844 vel
645 1778 938 1867 quinque
983 1772 1304 1839 milliones
1356 1772 1597 1864 gallicie
1635 1773 1926 1862 pecunioe
1968 1794 2107 1837 non
2151 1772 2371 1861 inepte
2419 1770 2645 1839 videor

499 1906 691 1977 posse
722 1880 1108 1971 producere.
1143 1882 1298 1945 Haec
1329 1900 1566 1967 magna
1598 1896 1784 1963 sunt,
1820 1878 1967 1967 quis
2000 1876 2234 1969 neget?
2258 1873 2385 1942 Sed
2410 1878 2643 1942 sicum

501 1990 840 2081 portoriis,
883 2008 1080 2074 quam
1112 2008 1306 2075 parva
1338 2007 1470 2073 prae
1502 1984 1627 2049 illis
1658 1984 2089 2049 videbuntur!
2132 1983 2303 2063 urbs⁵
2324 1982 2643 2048 maritima

504 2118 781 2185 quaeque
797 2144 817 2177 ,
867 2092 1087 2156 multae
1129 2106 1348 2156 autem
1391 2106 1576 2154 erant
1620 2090 1691 2154 in
1736 2092 1948 2155 insula
1984 2092 2195 2157 Sicilia
2218 2140 2237 2173 ‚
2278 2112 2474 2155 suum
2508 2088 2645 2153 fere

505 2197 738 2263 habuit
766 2210 1064 2282 portum3
1107 2208 1173 2257 et
1213 2194 1284 2256 in
1317 2213 1399 2256 eo
1429 2194 1812 2281 portitores,
1850 2194 1963 2280 qui
1996 2215 2117 2284 pro
2146 2191 2343 2257 rebus
2369 2206 2482 2255 aut
2516 2192 2645 2255 im-

501 2299 840 2394 portandis
856 2348 874 2383 ,
919 2316 1032 2364 aut
1065 2296 1481 2387 exportandis
1515 2298 1789 2389 vectigal
1824 2298 2171 2390 exigerent.
2204 2298 2297 2363 Ex
2334 2296 2645 2363 omnibus

501 2409 683 2474 orbis
717 2407 1010 2499 partibus
1045 2410 1240 2469 naves
1272 2405 1404 2469 huc
1434 2427 1553 2494 per
1579 2405 1799 2469 omnia
1836 2406 2032 2469 maria
2060 2404 2143 2469 ad
2166 2426 2395 2470 omnes
2418 2403 2647 2469 Sicilia

503 2531 766 2605 portus,
797 2514 950 2602 quia
988 2511 1288 2576 tutissimi
1327 2526 1539 2592 erant,
1570 2510 2062 2598 appellebantur
2086 2533 2165 2575 ex
2190 2510 2500 2599 Hispania
2518 2558 2537 2593 ,
2564 2532 2646 2574 ex

506 2622 654 2687 Asia
673 2671 690 2704 ,
719 2636 786 2685 et
813 2620 1023 2708 Syria,
1041 2620 1216 2707 Tyro
1232 2666 1252 2699 ,
1279 2615 1685 2683 Alexandria.
1719 2617 1843 2683 Hic
1866 2618 2061 2682 statio
2083 2617 2356 2682 navibus
2382 2632 2449 2681 et
2470 2638 2643 2681 mer-

511 2730 699 2794 cibus
729 2742 864 2791 erat
892 2725 1074 2814 quasi
1105 2724 1474 2789 constituta.

597 2831 1068 2897 Celeberrimus
1127 2830 1344 2893 omnis
1405 2846 1543 2893 erat
1600 2830 1829 2895 Siciliae
1883 2847 2144 2919 portus,
2202 2830 2319 2895 sed
2366 2830 2645 2895 maxime

509 2944 946 3031 Syracusanus
962 2987 979 3020 ‚
1007 2968 1034 2993 ι
1049 2938 1347 3002 omnium
1380 2937 1821 3025 quietissimus
1847 2960 2013 3026 quos
2039 2955 2152 3004 aut
2174 2955 2407 3004 natura
2426 2938 2647 3028 posuit

506 3050 576 3110 in
609 3046 880 3111 tutelam
913 3042 1246 3125 classium,
1288 3058 1402 3107 aut
1437 3041 1686 3124 adjuvit
1716 3066 1985 3125 manus3
2028 3045 2120 3109 sic
2152 3060 2405 3127 tutum,
2450 3060 2529 3109 ut
2560 3066 2646 3108 ne

511 3154 936 3219 maximarum
959 3148 1224 3238 quidem
1255 3165 1716 3239 tempestatum
1750 3151 1959 3216 furori
1994 3150 2175 3215 locus
2204 3166 2450 3234 esset»,
2495 3150 2644 3215 Sen.

514 3255 773 3323 Consol.
810 3253 894 3320 a‘d
927 3254 1128 3319 Marc.
1169 3260 1365 3342 c.⁹17.

601 3368 676 3429 In
713 3386 792 3427 eo
817 3376 1016 3451 portu
1035 3408 1053 3441 ,
1079 3376 1242 3423 teste
1277 3361 1626 3443 Cicerone,
1645 3359 1755 3425 lib.
1780 3362 1844 3425 11
1869 3362 1937 3425 in
1963 3364 2148 3429 Verr.
2172 3386 2229 3426 c.
2258 3362 2363 3450 75,
2396 3378 2643 3450 partem

513 3470 882 3535 vicesimam
921 3466 1112 3555 pretii
1147 3488 1366 3531 earum
1399 3488 1621 3530 rerum
1660 3490 1803 3556 quae
1851 3468 2392 3556 importabantur,
2436 3468 2650 3557 publi-

514 3578 688 3658 cani,
743 3574 1016 3664 portorii
1069 3590 1135 3639 et
1185 3573 1507 3663 vectigalis
1558 3575 1830 3639 nomine
1847 3622 1865 3657 ,
1924 3574 2285 3664 exigebant.
2338 3576 2464 3639 Res
2526 3574 2649 3638 illae

517 3696 701 3745 erant
727 3702 1020 3769 purpura
1042 3679 1265 3767 Tyria3
1297 3678 1480 3763 thus,
1504 3694 1703 3767 atque
1726 3679 1962 3745 odores
1982 3706 1999 3763 ;
2028 3698 2370 3769 vestesque
2401 3680 2649 3763 linteoe3

517 3809 786 3878 gemmoe
823 3800 890 3851 et
925 3785 1329 3875 margaritam,
1351 3786 1502 3850 vina
1534 3808 1767 3875 graeca3
1807 3788 2061 3853 venales
2087 3788 2368 3853 Asiatici.
2410 3786 2550 3851 Lib.
2568 3786 2649 3867 V,

519 3916 657 3982 oep.
691 3892 794 3957 56.

605 3999 702 4061 Ex
733 4012 832 4061 tot
867 4012 934 4060 et
969 4012 1098 4060 tam
1131 3996 1428 4086 pretiosis
1459 3997 1787 4061 mercibus
1812 3998 1997 4063 facile
2030 4000 2434 4091 intelligitur,
2453 4022 2648 4089 quam

521 4104 925 4171 uberrimum
963 4102 1250 4168 effecisse
1275 4102 1546 4190 vectigal
1576 4103 1811 4168 harum
1854 4106 2047 4193 pretii
2090 4107 2459 4173 vicesimam
2501 4130 2650 4195 par-
