2984 4684
806 389 1229 459 NICOLAI
1290 390 1938 460 DEsJARDINS.
2283 394 2442 459 xxix

316 510 544 583 oratio
581 510 909 609 elegans,
948 512 1237 581 incitata
1261 564 1281 597 ,
1325 510 1662 583 volubilis
1685 538 1763 580 n:
1805 512 1930 583 sed
1965 536 2127 608 quae
2170 513 2440 584 redun-

316 619 529 709 dans,
573 635 651 705 et
684 617 1195 691 circumfluens
1238 619 1612 709 nonnullis
1651 646 1802 694 esse
1836 622 2221 695 videretur.
2267 627 2446 693 Om-

316 732 521 803 nium
559 728 867 802 vocibus
901 728 1344 801 celebratum
1388 744 1493 801 est
1529 731 1731 827 quod
1766 735 2098 805 Ciceroni
2139 729 2240 803 ob
2287 754 2444 803 eam

314 866 475 913 rem
516 839 948 935 objecerunt
984 840 1099 911 vel
1132 840 1441 936 aequales
1474 840 1666 936 ejus,
1708 841 1964 913 Calvus
1985 895 2004 929 ‚
2043 856 2116 913 et
2147 844 2450 927 Brutus,

316 949 436 1022 ille
454 955 749 1024 Caesaris
772 950 1404 1049 percussor,Tullii
1425 952 1732 1039 amicus;
1757 951 2079 1055 Solutum
2107 976 2275 1023 eum
2295 976 2460 1035 esse,

318 1075 391 1135 et
412 1086 785 1147 enervem3
806 1074 956 1148 aut,
980 1076 1065 1131 ut
1088 1060 1315 1157 ipsius
1333 1064 1534 1130 Bruti
1565 1059 1806 1131 verbis
1819 1075 2010 1147 utar,
2029 1074 2446 1158 «tamquam

318 1170 629 1243 fractum
658 1185 734 1242 et
763 1168 1133 1242 elumbem
1150 1200 1204 1239 n..
1231 1174 1374 1241 «M.
1402 1164 1719 1241 Tullium
1737 1225 1757 1256 ‚
1797 1173 1895 1241 ait
1914 1170 2174 1246 Fabius
2193 1182 2250 1261 ἓ,
2287 1194 2451 1247 suos.

316 1304 485 1353 rum
496 1295 911 1377 temporum
928 1280 1263 1351 homines
1275 1282 1634 1352 incessere
1647 1278 2012 1355 audebant
2025 1293 2110 1351 ut
2125 1280 2454 1352 tumidio-

316 1414 475 1461 rem
507 1404 583 1461 et
602 1391 949 1462 Asianum
966 1444 985 1477 ,
1010 1404 1085 1461 et
1104 1388 1632 1477 redundantem
1653 1444 1672 1479 ,
1701 1404 1775 1461 et
1791 1392 1870 1459 in
1895 1390 2451 1487 repetitionibus

318 1502 699 1572 nimium...
742 1514 816 1571 et
858 1505 939 1571 in
979 1501 1536 1601 compositione·
1557 1498 1898 1587 fractum,
1933 1500 2411 1571 exsultantem
2431 1555 2450 1585 ,

320 1636 405 1683 ac
430 1635 672 1710 paene,
708 1608 921 1708 quod*
950 1610 1207 1707 procul
1252 1608 1473 1699 absit,
1510 1614 1667 1681 viro
1711 1608 2192 1682 molliorem».
2235 1609 2452 1681 Addit

325 1720 815 1809 Quintilianus
850 1719 1053 1791 illum
1088 1722 1328 1817 ipsum
1355 1720 1671 1791 Tullium
1708 1722 1836 1816 qui
1885 1744 1926 1791 a
1957 1722 2066 1791 sui
2106 1725 2452 1819 temporis

324 1830 742 1902 hominibus
778 1830 962 1901 male
998 1829 1320 1902 audierat
1354 1828 1453 1901 ob
1489 1833 1752 1901 nimios
1789 1829 2038 1919 floreS,
2075 1846 2146 1901 et
2183 1832 2452 1928 ingenii

324 1938 798 2029 affluentiam,
842 1939 1181 2013 eumdem
1217 1966 1370 2012 aevo
1403 1965 1538 2011 suo
1574 1943 1799 2039 ipsius
1830 1942 2164 2036 jejunum
2207 1954 2280 2012 et
2310 1946 2450 2012 ari-

324 2050 501 2121 dum
538 2050 870 2123 habitum
906 2050 1145 2123 fuisse.
1186 2050 1385 2123 Adeo
1423 2049 1630 2123 facile
1672 2054 2167 2147 corrumpitur
2197 2050 2449 2145 judicii

324 2160 701 2235 salubritas
726 2161 846 2234 illa
868 2188 1031 2259 quae
1062 2192 1096 2229 <t
1117 2175 1225 2233 est
1262 2160 1582 2234 medium
1611 2163 1952 2233 vitiorum
1983 2175 2056 2232 et
2084 2164 2453 2258 utrimque

322 2268 705 2344 reductum
726 2302 781 2341 n.
806 2274 1047 2369 Pergit
1070 2270 1332 2343 Fabius
1350 2274 1379 2341 9
1398 2274 1808 2370 «Praecipue
1825 2296 1998 2344 vero
2029 2286 2452 2371 presserunt

326 2404 491 2451 eum
532 2385 661 2479 qui
695 2380 922 2452 videri
960 2382 1364 2453 Atticorum
1406 2383 1802 2455 imitatores
1855 2389 2449 2481 concupierant».

326 2492 489 2563 Non
530 2517 706 2589 ergo
738 2495 814 2563 in
852 2516 1117 2588 genere
1144 2492 1514 2563 Ciceronis
1546 2490 1680 2563 fuit
1715 2492 1932 2581 illud,
1969 2492 2172 2590 quod
2207 2497 2274 2565 ei
2312 2488 2447 2564 ob-

318 2600 701 2694 jiciebatur
730 2606 1081 2675 orationis
1099 2604 1354 2673 vitium
1369 2658 1388 2690 ,
1406 2616 1479 2672 at
1507 2605 1584 2672 in
1605 2626 1858 2673 eorum
1873 2602 2219 2698 opinione
2235 2601 2452 2673 fuisse

326 2710 920 2810 deprehenditur,
957 2716 1086 2810 qui
1119 2714 1542 2785 Ciceronem
1571 2709 2047 2800 damnabant,
2082 2712 2288 2806 quasi
2331 2725 2448 2779 tu-

326 2820 709 2895 midiorem
744 2837 817 2893 et
841 2826 1071 2894 Asiani
1106 2824 1391 2919 generis
1418 2822 1761 2893 aemulum
1779 2876 1800 2908 ‚
1833 2819 2035 2917 quod
2072 2818 2164 2891 ab
2192 2844 2282 2892 eo
2325 2844 2452 2916 ge·-

326 2956 497 3003 nere
540 2931 831 3003 dicendi
876 2930 1248 3005 recederet
1267 2986 1286 3016 ,
1334 2932 1536 3029 quod
1593 2935 1730 3031 ipsi
1776 2929 1913 3003 sibi
1957 2957 2046 3003 ex
2081 2946 2450 3004 oratorum

326 3044 727 3116 Atticorum
762 3044 1161 3114 imitatione
1201 3041 1630 3114 effluxerant
1659 3070 1674 3111 :
1707 3042 1908 3140 quod
1945 3066 2174 3139 genus
2217 3066 2448 3112 unum

326 3154 685 3250 optimum
708 3177 885 3241 esse,
903 3153 1075 3251 quia
1095 3152 1426 3225 videlicet
1447 3152 1537 3224 ab
1559 3155 1812 3228 Atticis
1833 3152 2240 3225 oratoribus
2264 3166 2454 3222 esset

325 3261 755 3353 adhibitum,
770 3265 907 3361 ipsi
920 3288 1152 3361 quum
1164 3260 1710 3349 arbitrarentur,
1725 3286 1944 3334 omne
1959 3262 2154 3333 aliud
2167 3258 2452 3331 dicendi

328 3396 579 3469 genus,
611 3397 765 3444 non
794 3374 899 3450 uti
935 3374 1309 3460 vitiosum,
1337 3371 1464 3443 sed
1499 3370 1696 3470 quod
1725 3396 1875 3442 non
1905 3385 2091 3443 esset
2109 3373 2452 3453 Atticum,

328 3478 687 3555 fastidiose
728 3482 1212 3582 respuebant:
1249 3482 1453 3581 quasi
1474 3485 1708 3554 Attica
1729 3484 1962 3555 oratio
2001 3479 2454 3551 commenda·-

328 3594 601 3664 tionem
637 3591 905 3665 habere
945 3592 1139 3691 apud
1182 3592 1545 3665 auditores
1583 3592 1735 3663 sola
1778 3591 2163 3663 debuisset.
2219 3592 2450 3661 Exsti-

332 3716 574 3773 terunt
598 3704 795 3774 enim
812 3706 1057 3774 Romae
1082 3716 1411 3799 tempore
1433 3703 1802 3773 Ciceronis
1823 3714 2144 3770 oratores
2159 3699 2450 3798 quidam

332 3812 547 3901 aridi,
570 3828 791 3911 atque
831 3812 1104 3908 jejuni,
1142 3814 1271 3908 qui
1304 3838 1379 3883 se
1408 3814 1766 3899 «AtticoS,
1803 3824 2024 3907 atque
2051 3812 2450 3881 Atticorum

410 4082 447 4114 ι.
477 4066 586 4114 Lib.
614 4068 737 4116 ΧΠ.
780 4080 890 4128 cap.
930 4082 1007 4114 ιο.
1046 4068 1179 4114 Inter
1215 4065 1509 4114 recentiores
1537 4063 1650 4111 vide
1683 4063 1826 4111 etiam
1867 4074 2086 4111 nostrum
2118 4060 2454 4123 Montanium,

338 4154 495 4205 lunis
520 4154 583 4204 de
609 4152 929 4219 Momae‘gne,
960 4154 1047 4203 lib.
1062 4156 1143 4219 11,
1172 4170 1281 4220 cap.
1312 4168 1396 4213 ιο,
1425 4168 1536 4219 pag.
1562 4153 1688 4214 146,
1715 4152 1835 4203 edit.
1864 4153 2026 4215 1669,
2053 4152 2214 4199 itt-12.
