2984 4684
728 395 865 462 DE
915 395 1395 466 JUD-ICIIS
1444 397 1940 465 PRIVATIS.
2267 393 2390 466 581

364 511 561 576 Secus
584 530 721 577 erat
752 515 833 578 de
867 519 1460 604 recuperatoribus,
1485 519 1598 605 qui
1629 540 1988 605 numquam
2027 540 2158 580 non
2187 517 2404 605 plures

284 631 474 678 erant.
508 617 613 681 Ad
649 641 759 682 eos
796 622 977 707 quasi
1011 621 1095 686 ad
1126 622 1357 687 diversi
1393 624 1644 712 generis
1679 620 1976 703 arbitrOS,
2005 623 2136 708 sive
2173 645 2402 710 seque-

282 737 474 802 stres,
530 725 641 810 qui
691 728 1063 792 summatim
1114 728 1195 794 de
1226 753 1297 793 re
1334 726 1736 809 deciderent,
1780 729 2240 817 confugiebant
2279 729 2404 791 litis

283 827 405 889 cito
426 831 804 918 peragendae
826 833 1077 920 cupidi3
1102 852 1164 899 et
1195 836 1237 898 ii
1267 836 1534 923 quidem
1561 857 1692 898 non
1724 835 2116 898 nobiliorum
2135 881 2154 914 ,
2189 833 2408 908 sedex

282 932 567 1016 quolibet
592 937 829 1004 civium
859 962 1131 1016 numero
1160 943 1580 1030 eligebantur.
1612 942 1686 1005 ln
1713 939 2060 1029 provinciis
2087 937 2410 1004 dabantur

282 1059 355 1100 ex
382 1039 529 1104 foro
562 1041 712 1124 illo,
752 1062 817 1109 et
853 1065 1214 1129 conventu,
1249 1048 1314 1112 id
1350 1065 1480 1129 est,
1524 1071 1604 1113 ex
1649 1048 1896 1112 civibus
1937 1047 2219 1110 romanis
2241 1094 2258 1127 ,
2299 1069 2405 1110 so·

280 1143 500 1228 ciisve,
534 1149 645 1234 qui
680 1150 745 1214 in
794 1152 869 1216 iis
905 1153 1163 1246 oppidis
1203 1170 1644 1235 versarentur,
1698 1175 1842 1241 quae
1878 1151 1960 1216 ad
1995 1151 2062 1215 id
2093 1150 2408 1241 oppidum

279 1254 728 1337 convenirent,
762 1256 830 1320 in
868 1280 1003 1346 quo
1034 1258 1251 1322 forum
1281 1260 1513 1349 agebat
1539 1275 1793 1348 praetor.
1827 1257 2013 1344 [Gall.
2041 1263 2150 1346 qui
2173 1256 2409 1322 e‘taient

278 1357 361 1422 du
392 1363 666 1451 remora]
706 1365 933 1452 Itaque
975 1367 1149 1430 inter
1192 1383 1401 1430 cetera
1451 1367 1582 1430 hoc
1625 1387 1894 1454 quoque
1931 1365 2184 1428 crimini
2220 1366 2410 1428 vertit

282 1463 507 1529 Cicero
528 1469 752 1552 Verri,
789 1470 971 1558 quod
1013 1495 1145 1536 non
1199 1473 1281 1541 de
1316 1469 1682 1554 conventu,
1719 1473 1834 1536 sed
1879 1471 1961 1534 de
1992 1471 2262 1536 cohorte
2294 1493 2410 1534 sua

280 1569 555 1636 dedisset
588 1594 1069 1664 recuperatores
1088 1626 1108 1659 ,
1136 1579 1247 1645 lib.
1272 1579 1370 1643 Ill
1394 1579 1460 1642 in
1484 1580 1670 1644 Verr.
1703 1600 1840 1665 cap.
1870 1601 1895 1641 1
1915 1601 1970 1658 1,
1999 1575 2116 1664 59,
2151 1579 2255 1642 60.

367 1678 769 1744 Centumviri
802 1683 987 1768 quasi
1027 1683 1211 1748 electi
1234 1683 1520 1764 judices,
1572 1707 1688 1748 seu
1719 1683 1952 1763 jurati,
1993 1682 2342 1770 quotannis
2373 1705 2410 1744 a

281 1781 537 1869 triginta
580 1786 874 1873 quinque
924 1787 1259 1870 tribubus,
1294 1811 1438 1876 quae
1483 1805 1612 1852 tres
1661 1788 1932 1876 sing-ulae
1975 1787 2410 1865 assumebant,

272 1889 690 1976 eligebantur,
734 1894 821 1956 ita
874 1909 947 1957 ut
1002 1918 1232 1958 eorum
1282 1917 1596 1960 numerus
1647 1895 1732 1960 ad
1763 1917 1973 1982 usque
2006 1895 2302 1983 quinque
2341 1911 2410 1957 et

270 2010 529 2067 centum
566 1986 1085 2086 progrederetur,
1112 1998 1228 2063 sed
1251 1998 1678 2063 contrahendi
1712 2019 1918 2064 causa·
1937 1999 2091 2062 dicti
2119 2015 2409 2064 centum-

174 2180 179 2190 ·
266 2097 383 2162 viri
414 2101 730 2170 absolute.
760 2103 860 2168 Illi
896 2129 931 2168 a
957 2105 1289 2184 judicibus
1322 2123 1385 2170 et
1420 2106 1680 2170 arbitris
1721 2128 1854 2169 non
1903 2120 2170 2194 propter
2196 2104 2406 2194 digni·

268 2220 463 2270 tatem
500 2206 916 2291 differebant,
958 2210 1071 2276 sed
1112 2210 1296 2299 quod
1327 2213 1601 2277 omnino
1628 2234 1766 2275 non
1803 2211 2042 2276 similes
2075 2233 2165 2274 eae
2197 2233 2404 2275 causae

269 2329 481 2377 essent
509 2313 591 2380 de
618 2316 857 2403 quibus
883 2318 1403 2406 cognoscebant:
1441 2318 1487 2380 ii
1517 2314 1784 2404 quidem
1815 2321 1882 2379 in
1914 2303 2180 2381 Basilica
2205 2317 2238 2380 J
2243 2318 2370 2381 ulia
2388 2365 2406 2395 ,

268 2418 468 2484 modo
503 2443 621 2508 per
651 2439 893 2509 partes,
934 2421 1133 2487 modo
1161 2423 1483 2504 universi,
1518 2447 1596 2486 ex
1617 2423 1806 2503 jussu
1839 2425 2131 2510 praetoris
2154 2421 2408 2501 judica-

268 2524 463 2609 bant,
499 2528 631 2593 Cic.
666 2527 752 2592 de
786 2530 965 2592 Orat.
1002 2530 1067 2611 Ι,
1104 2526 1225 2608 38,
1258 2543 1325 2592 et
1355 2529 1437 2592 de
1488 2529 1590 2592 his
1623 2528 1818 2592 rebus
1857 2527 2236 2609 judicabant
2267 2550 2410 2614 quae

268 2630 529 2710 majoris
561 2649 777 2702 essent
808 2635 1124 2700 momenti
1155 2657 1169 2698 :
1206 2651 1407 2721 puta,
1432 2631 1516 2698 de
1549 2632 2094 2719 usucapionibus,
2132 2633 2410 2696 servitu-

267 2736 483 2820 tibus,
531 2738 965 2820 testamentis,
1004 2755 1124 2804 etc.
1162 2738 1257 2804 Ea
1298 2755 1437 2824 erat
1464 2738 1568 2806 his
1590 2736 1849 2817 judiciis
1887 2737 1984 2800 vis
2007 2785 2025 2818 ,
2075 2751 2149 2799 ut
2183 2737 2252 2800 in
2286 2737 2413 2800 Ro·

268 2864 613 2910 manorum
638 2842 745 2922 jus
778 2843 1048 2910 transire
1077 2844 1391 2926 solerent,
1418 2859 1487 2906 et
1507 2841 1598 2906 eis
1626 2858 1794 2907 esset
1815 2842 2162 2923 auctoritas
2183 2865 2406 2908 rerum

266 2963 589 3036 perpetuo
614 2947 907 3014 similiter
924 2949 1375 3030 judicatarum.

360 3054 691 3120 Curabant
735 3071 947 3144 partes
995 3073 1070 3120 ut
1098 3058 1357 3144 praetori
1404 3056 1722 3124 arbitrum
1739 3105 1758 3132 ‚
1791 3056 1891 3120 vel
1914 3015 2206 3136 judicem
2246 3053 2413 3118 desi·

268 3179 572 3250 guarent,
606 3185 881 3251 quarum
914 3163 1335 3251 postulationi
1367 3164 1473 3227 ille
1508 3187 1796 3230 annuere
1832 3161 2099 3226 solebat.
2133 3161 2244 3225 Sin
2284 3160 2410 3223 dis-

269 3271 623 3353 sentirent,
656 3288 831 3336 sorte
867 3270 1068 3351 judex
1098 3272 1510 3336 obveniebat.

364 3377 479 3440 His
516 3377 599 3440 ita
634 3378 1041 3454 constitutis,
1073 3392 1257 3443 actor
1286 3401 1401 3442 reo
1444 3393 1510 3440 et
1545 3377 1750 3442 actori
1785 3399 1936 3440 reus
1986 3373 2412 3448 denuntiabat

270 3505 411 3570 quo
446 3482 553 3547 die
590 3504 743 3546 eum
778 3481 1024 3564 judicio
1056 3481 1277 3548 adesse
1308 3483 1517 3547 vellet.
1554 3483 1619 3546 ls
1648 3499 1783 3546 erat
1815 3482 1952 3546 dies
1989 3481 2251 3561 tertius,
2278 3479 2410 3542 sive

268 3587 707 3677 perendinus:
756 3611 907 3653 nam
935 3591 1003 3652 in
1034 3611 1187 3652 eum
1222 3587 1423 3669 judex
1459 3586 1646 3652 datus
1683 3589 1910 3652 fuerat.
1962 3588 2118 3650 Hoec
2153 3585 2412 3660 denunff

267 3695 457 3758 tiatio
488 3695 701 3782 prisco
734 3717 917 3762 more
952 3695 1287 3762 dicebatur
1319 3693 1682 3775 condictio,
1720 3717 1832 3758 seu
1868 3690 2406 3780 comperendinh

274 3801 395 3864 tio.
424 3800 559 3873 Gai,
583 3800 698 3882 IV,
726 3801 823 3865 15.
