2984 4684
480 419 619 501 404
1131 411 1228 482 Μ.
1280 416 1356 482 T.
1408 413 1966 484 CICERONIS

477 537 716 609 fuisse.
764 537 1019 608 Minari
1063 535 1349 621 Siculis,
1404 538 1463 608 si
1508 534 1920 608 decressent
1959 535 2392 632 legationeS,
2439 563 2602 636 quae

477 661 729 717 contra
763 650 979 716 istum
1002 643 1367 730 dicerent3
1397 646 1692 733 minari,
1729 650 1789 715 si
1823 649 1952 742 qui
1990 661 2230 717 essent
2257 646 2602 745 profecti3

363 846 371 854 ,
474 756 665 842 aliis,
708 759 769 826 si
814 753 1224 842 laudarent,
1273 752 1788 851 benignissime
1832 756 2294 852 promittere3
2338 761 2602 853 gravis-

474 870 691 938 simos
734 867 1169 964 privatarum
1210 889 1453 936 rerum
1484 879 1738 949 testeS,
1776 863 2040 962 quibus
2069 889 2204 936 nos
2240 868 2604 963 praesenti·

470 977 609 1049 bus
642 975 1220 1048 denuntiavimus
1242 971 1327 1061 ¹⁵,
1360 999 1485 1044 eos
1526 976 1598 1043 vi
1643 972 2130 1070 custodiisque
2168 975 2498 1046 retinere.

564 1091 650 1158 V.
690 1088 868 1177 Quae
896 1109 1127 1182 quum
1156 1087 1399 1154 omnia
1425 1081 1614 1154 facta
1647 1088 1830 1172 sint,
1857 1099 2098 1156 tamen
2127 1108 2344 1155 unam
2369 1085 2598 1156 solam

468 1200 723 1268 scitote
744 1219 899 1267 esse
918 1196 1281 1266 civitatem
1308 1195 1812 1264 Mamertinam
1833 1205 1885 1278 ¹,
1903 1219 2066 1291 qua:
2093 1193 2382 1294 publice
2415 1194 2604 1292 lega-

468 1323 583 1379 tos
602 1359 619 1389 ,
650 1309 777 1403 qui
798 1308 1015 1376 istum
1036 1302 1443 1390 laudarent,
1463 1305 1758 1376 miserit.
1779 1305 1952 1400 Ejus
1970 1319 2206 1376 autem
2229 1304 2602 1402 legationis

469 1420 912 1516 principem,
950 1415 1298 1485 civitatis²
1338 1412 1910 1504 nobilissimum,
1947 1419 2026 1486 C.
2053 1416 2352 1499 Heium,
2397 1416 2596 1510 jura-

466 1543 623 1598 tum
669 1525 908 1596 dicere
944 1522 1279 1608 audistiS,
1326 1527 1437 1594 isti
1474 1549 1730 1596 navem
1777 1527 2180 1597 onerariam
2215 1528 2601 1596 maximam

468 1643 812 1708 Messauae
874 1658 1029 1705 esse
1049 1688 1070 1722 ,
1142 1632 1432 1730 publice
1493 1636 1762 1705 coactis
1818 1636 2092 1732 operis,
2151 1633 2595 1706 aedificatam.

466 1745 816 1841 Idemque
838 1743 1438 1814 Mamertinorum
1466 1743 1774 1840 legatus,
1813 1747 2018 1816 istius
2051 1743 2416 1834 laudator,
2451 1771 2600 1816 non

470 1855 709 1925 solum
750 1853 971 1923 istum
998 1849 1197 1922 hona
1240 1876 1403 1937 sua,
1452 1876 1710 1923 verum
1747 1856 1960 1924 etiam
1999 1878 2228 1944 sacra,
2281 1852 2601 1952 deosque

466 1979 767 2062 penates
794 2017 813 2050 ,
866 1987 909 2032 a
956 1958 1397 2056 majoribus³
1436 1961 1768 2046 traditOS,
1814 1988 1904 2034 ex
1945 1961 2218 2034 aedibus
2269 1966 2416 2036 suis
2458 1968 2604 2036 eri-

468 2076 711 2174 puisse
743 2072 943 2143 dixit.
970 2072 1307 2142 Praeclara
1329 2070 1645 2142 laudatio
1663 2125 1682 2157 ,
1705 2096 1934 2168 quum
1967 2071 2250 2145 duabus
2279 2075 2356 2145 in
2383 2074 2603 2148 rebus

468 2185 873 2282 legatorum
900 2207 1049 2252 una
1074 2185 1336 2280 opera‘*
1370 2183 1843 2268 consumitur,
1879 2185 1957 2253 in
1995 2181 2357 2254 laudando
2383 2199 2602 2282 atque

466 2292 891 2392 repetendO.
914 2295 1151 2388 Atque
1186 2315 1271 2362 ea
1302 2292 1453 2390 ipsa
1480 2293 1723 2364 civitas
1759 2317 1908 2389 qua
1937 2293 2216 2362 ratione
2244 2293 2348 2363 illi
2373 2299 2602 2366 amica

470 2409 597 2490 sit,
642 2404 923 2476 dicetur
967 2418 1166 2474 certo
1215 2404 1381 2474 loco
1418 2429 1434 2472 ε
1478 2404 1850 2501 reperietis
1891 2405 2119 2486 enim,
2164 2427 2325 2499 quae
2367 2427 2598 2474 causae

468 2514 973 2600 benivolentiae
1025 2515 1169 2584 sint
1228 2514 1673 2585 Mamertinis
1713 2537 1882 2610 erga
1935 2515 2191 2599 istum,
2235 2536 2353 2582 eas
2407 2516 2600 2610 ipsas

467 2649 713 2696 causas
746 2626 912 2696 satis
936 2622 1164 2718 justas
1197 2649 1351 2696 esse
1377 2623 1882 2694 damnationiS.
1913 2623 2065 2693 Alia
2089 2626 2334 2695 civitas
2361 2623 2558 2696 nulla
2575 2677 2596 2712 ,

460 2732 779 2829 judiceS,
817 2730 1114 2831 publico
1152 2733 1450 2804 consilio
1497 2732 1762 2804 laudat.
1803 2735 1928 2802 Vis
1961 2732 2076 2803 illa
2105 2732 2420 2805 summi-‘⁹
2460 2736 2594 2804 im-

468 2845 651 2940 perii
702 2857 984 2914 tantum
1038 2846 1279 2941 potuit
1327 2842 1524 2941 apud
1575 2867 1980 2941 perpaucos
2033 2841 2403 2931 hominm,
2449 2869 2596 2915 non

1575 3047 1662 3083 ant
1699 3037 1845 3082 timor
1879 3034 2252 3098 corrumpebat,
2289 3051 2318 3082 a
2349 3035 2441 3084 Cn.
2463 3035 2600 3083 Pom-

1575 3114 1692 3178 peio
1717 3114 1864 3162 fuine
1884 3114 2112 3162 sublatas.
2128 3113 2244 3163 vicl.
2273 3113 2516 3162 Plutarch.
2544 3114 2599 3162 in

464 3035 579 3084 liam
606 3045 897 3094 recrearent,
914 3049 1025 3098 quae
1048 3045 1151 3082 erat
1176 3049 1347 3082 eorum
1368 3050 1489 3098 pro-

466 3115 653 3172 vincia,
700 3129 783 3161 aen
822 3115 1105 3178 procuratio
1121 3149 1138 3173 ,
1174 3129 1320 3177 quam
1360 3129 1487 3177 qno-

464 3193 617 3240 modo
632 3192 949 3257 expilatorem
962 3193 1069 3252 eju·
1076 3193 1278 3240 verrem
1290 3191 1489 3253 judiciis

466 3272 791 3320 subducerent
800 3307 812 3318 .

542 3354 617 3400 15.
636 3349 1050 3398 Denuntiavimees.
1070 3350 1211 3411 Quos
1227 3350 1293 3399 ad
1322 3349 1487 3399 dicen-

464 3430 581 3478 dum
610 3429 941 3478 testimoninm
968 3431 1237 3477 citavimus.
1287 3432 1362 3478 De
1388 3429 1491 3478 hoe

464 3510 617 3557 verbo
644 3509 747 3556 vid.
769 3510 818 3557 J.
845 3513 896 3556 F.
914 3511 1071 3558 Gron.
1091 3508 1155 3556 ad
1174 3509 1287 3556 Div.
1302 3511 1371 3567 V,
1404 3525 1425 3555 1
1443 3525 1487 3556 ι.

530 3591 597 3636 V.
619 3605 663 3635 1.
699 3588 1058 3635 Mamertinam.
1080 3587 1379 3646 Meaaanam,
1402 3603 1487 3634 cn-

455 3669 537 3726 jus
582 3668 710 3714 cives
760 3667 1037 3714 Mamertini
1088 3667 1336 3724 dicuntur,
1372 3683 1481 3731 quae

458 3745 575 3792 urba
594 3746 759 3792 Verria
798 3746 1039 3795 furtorum
1077 3745 1291 3807 adjutrix
1316 3763 1373 3793 ae
1400 3761 1479 3794 so-

458 3823 531 3870 cia
546 3859 563 3883 ,
584 3826 627 3870 ei
644 3859 661 3884 ‚
685 3823 881 3887 publica
906 3827 1125 3889 impensa
1150 3835 1199 3872 et
1222 3824 1483 3874 conducti·

460 3903 709 3965 operariis,
750 3904 1008 3952 maximam
1036 3919 1207 3952 navem
1222 3939 1238 3962 ,
1282 3903 1481 3951 nomine

458 3981 687 4044 cybum,
706 3979 1026 4032 aedificaverat
1037 3997 1095 4030 ac
1108 3982 1241 4030 dono
1260 3982 1479 4031 dederat.

454 4061 597 4106 Vei-r.
616 4061 707 4113 IV,
735 4060 783 4114 8,
812 4076 862 4121 9.
884 4061 1109 4108 Ceterum
1132 4071 1250 4107 nota
1268 4061 1354 4108 has
1372 4077 1483 4109 reo-

452 4155 558 4185 rum
578 4135 899 4194 laudationes,
912 4151 1031 4200 quaa
1056 4138 1234 4201 aaepius
1250 4139 1481 4200 ambitua,

1575 3194 1662 3240 vit.
1691 3193 1864 3256 Pomp.
1885 3202 1936 3239 et
1955 3192 2065 3240 Val.
2091 3193 2341 3252 Max.'V1,
2371 3209 2420 3242 a.

1649 3287 1700 3319 a.
1725 3271 1958 3320 Civitatis.
1975 3275 2162 3319 Vocem
2183 3271 2310 3320 hane
2329 3271 2447 3321 Gul.
2463 3271 2601 3334 quod

1576 3350 1842 3398 invenisset
1864 3350 1916 3397 in
1942 3350 2198 3398 metellina
2225 3351 2476 3399 «civitatis
2507 3365 2599 3398 no-

1574 3428 1869 3476 bilissimum
1885 3429 2044 3476 civem
2058 3429 2117 3477 C.
2136 3427 2312 3477 Heium
2325 3451 2376 3486 ι,
2393 3429 2596 3477 arbitra-

1575 3508 1720 3556 batur
1747 3507 2004 3555 delendam
2019 3543 2034 3568 ,
2054 3524 2146 3556 ceu
2173 3508 2510 3557 adulterinam.

1646 3589 1698 3635 3.
1726 3587 1915 3634 Erneet.
1935 3598 2104 3652 putat,
2133 3604 2196 3635 «a
2219 3587 2486 3649 maioribus
2503 3598 2599 3635 tra·

1571 3663 1734 3712 ditos-
1750 3701 1764 3724 ‚
1780 3665 1990 3729 glossam
2007 3683 2125 3714 esee.
2155 3667 2366 3714 Frustra.
2391 3667 2424 3714 J
2433 3669 2513 3715 .V.
2535 3669 2592 3716 L.

1557 3769 1576 3782 ·
1641 3752 1689 3799 4.
1715 3747 1826 3790 Una
1851 3760 2018 3808 opera.
2041 3746 2168 3807 Qun
2188 3761 2286 3792 nna
2313 3760 2418 3792 ease
2445 3744 2598 3794 debe-

1569 3820 1655 3870 bat
1669 3857 1684 3879 ‚
1709 3837 1882 3887 nempe
1901 3835 1956 3871 ut
1969 3825 2172 3871 Verrem
2195 3821 2467 3871 laudarent.

1644 3904 1690 3950 5.
1715 3907 1760 3945 V
1759 3903 1800 3950 is
1816 3905 1992 3952 summi
2007 3903 2213 3969 imperii.
2239 3905 2400 3966 Quam
2421 3907 2476 3952 L.
2491 3904 2600 3951 Me-

1571 3983 1714 4031 tellus
1753 3985 1929 4033 siciliae
1976 3995 2161 4050 praetor
2211 3985 2360 4032 habet
2389 3997 2403 4030 ε
2449 3999 2594 4030 nemo

1571 4061 1698 4109 enim
1719 4060 1768 4110 in
1783 4064 2039 4127 provincia
2059 4073 2162 4110 erat
2179 4064 2264 4126 qui
2282 4099 2296 4122 ,
2317 4074 2377 4111 ut
2399 4062 2452 4109 in
2474 4061 2599 4109 urbe

1571 4153 1754 4203 pra-tor
1775 4141 1897 4190 alter
1911 4153 1996 4190 aut
2012 4141 2238 4190 consules
2262 4139 2596 4216 proconsulis,
