2984 4684
673 324 782 395 IN
830 324 918 413 Q.
971 324 1507 394 CAECILIUM
1556 324 2165 395 DIVINATlos
2328 353 2463 425 ²⁰7

335 448 736 547 legatione,
774 470 939 543 quae
976 446 1052 515 in
1089 459 1437 543 praetura,
1487 468 1649 542 quae
1688 451 1965 535 Romae,
2000 472 2163 545 quae
2204 449 2279 521 in
2325 455 2469 525 lta-

337 560 500 647 lia⁴‚
529 582 691 656 quae
729 558 804 626 in
844 553 1126 641 Achaia,
1146 560 1339 643 Asia,
1366 544 1929 653 Pamphyliaque
1964 558 2335 657 patrarit-⁵,
2366 589 2475 653 ea,

337 664 958 767 quemadmodum
996 665 1172 737 locis
1221 666 1825 763 temporibusque
1868 667 2091 741 divisa
2132 676 2276 743 sint
2300 728 2321 763 ,
2372 680 2477 747 sic

337 776 760 851 criminibus
791 790 864 849 et
895 780 1222 849 oratione
1253 776 1739 873 distinguere?
1762 781 2077 852 Putasne
2112 806 2361 879 posse,
2398 786 2473 858 id

337 888 542 987 quod
569 890 642 958 in
668 885 1028 982 ejusmodi
1049 910 1176 957 reo
1197 888 1505 957 maxime
1542 888 2023 959 necessarium
2054 904 2187 979 est,
2214 888 2473 977 facere,

341 1014 458 1086 ut,
496 1022 656 1096 quae
695 998 819 1069 ille
855 994 1280 1083 libidinose,
1317 997 1478 1094 quae
1524 992 1833 1084 nefarie,
1879 1021 2043 1094 quae
2080 1000 2473 1075 crudeliter

339 1108 587 1182 fecerit
605 1162 626 1197 ,
659 1132 744 1178 ea
783 1131 990 1204 aeque
1025 1106 1284 1178 acerba
1311 1122 1386 1177 et
1415 1105 1716 1203 indigna
1746 1105 2133 1179 videantur
2160 1134 2316 1183 esse
2351 1116 2473 1203 iis,

340 1223 468 1318 qui
490 1217 812 1303 audient,
831 1232 1050 1314 atque
1071 1216 1210 1287 illis
1229 1218 1380 1288 visa
1397 1230 1591 1302 sunt,
1614 1219 1743 1315 qui
1766 1220 2188 1290 senserunt?
2210 1226 2475 1320 Magna

339 1345 510 1403 sunt
535 1354 618 1401 ea
637 1384 657 1417 ,
677 1354 836 1427 quae
865 1328 1030 1399 dico
1049 1382 1068 1413 ,
1089 1326 1266 1398 mihi
1293 1324 1593 1399 crede⁶:
1624 1329 1777 1400 noli
1796 1328 1944 1401 haec
1976 1345 2471 1413 contemnere.

341 1439 684 1525 Dicenda,
705 1435 1292 1528 demonstranda,
1319 1437 1745 1535 explicanda
1762 1442 2475 1530 suntomnia;·causa
2532 1464 2539 1471 ·
2648 1492 2667 1513 .

341 1582 492 1628 non
525 1554 761 1627 solum
796 1550 1252 1649 exponenda,
1287 1551 1414 1623 sed
1441 1555 1659 1627 etiam
1695 1555 2009 1650 graviter
2034 1561 2475 1657 copioseque

340 1666 616 1765 agenda
659 1678 803 1753 est;
841 1662 1369 1761 perficiendum
1407 1678 1550 1751 est,
1592 1666 1653 1736 si
1688 1664 1867 1761 quid
1894 1690 2105 1765 agere
2142 1684 2267 1739 aut
2308 1694 2475 1767 per·-

342 1776 554 1851 ficere
575 1788 601 1833 ⁷
637 1777 744 1847 vis
763 1829 784 1861 ,
811 1789 898 1846 ut
925 1772 1260 1846 homines
1289 1788 1362 1846 te
1399 1799 1552 1846 non
1588 1773 1825 1845 solum
1856 1775 2189 1863 audiant,
2223 1803 2477 1852 verum

343 1890 554 1960 etiam
589 1884 904 1958 libenter
929 1885 1400 1984 studioseque
1428 1886 1749 1957 audiant.
1786 1888 1871 1957 In
1908 1911 2059 1984 quo
2096 1890 2157 1959 si
2186 1892 2478 1963 temul-

339 2014 498 2071 tnm
525 2010 786 2069 natura
811 1994 1214 2091 adjuvaret3
1253 2000 1310 2067 si
1335 1997 1631 2095 optimis
1656 2020 1701 2067 a
1738 1998 2051 2095 pueritia
2082 1998 2479 2098 disciplinis

341 2123 560 2207 atque
591 2105 870 2180 artibus
901 2103 1300 2179 studuisses
1323 2160 1344 2196 ,
1397 2121 1473 2179 et
1518 2110 1593 2177 in
1650 2106 1759 2177 his
1792 2106 2263 2189 elaborassesz
2304 2112 2363 2181 si
2397 2113 2480 2182 li-

341 2211 562 2292 teras⁸
591 2242 852 2316 graecas
880 2216 1200 2305 Athenis,
1231 2240 1384 2288 non
1404 2216 1725 2313 Lilybaei,
1746 2216 2001 2290 latinas
2026 2224 2298 2308 Romae,
2326 2246 2479 2295 non

341 2331 416 2399 in
462 2328 733 2415 Sicilia,
788 2326 1194 2411 didicisses;
1246 2341 1488 2397 tamen
1540 2342 1725 2399 esset
1774 2350 2151 2423 magnum,
2205 2346 2477 2405 tantam

341 2462 664 2525 causam,
701 2452 850 2508 tam
881 2450 1402 2534 exspectatam,
1441 2450 1517 2507 et
1552 2435 1921 2532 diligentia
1958 2441 2351 2536 consequi,
2404 2458 2477 2514 et

342 2550 688 2621 memoria
734 2546 1162 2643 complecti,
1215 2560 1290 2617 et
1331 2548 1659 2617 oratione
1700 2569 2071 2643 exponere
2090 2559 2259 2633 9,·et
2299 2574 2476 2624 voce

343 2674 416 2732 et
453 2657 727 2729 viribus
763 2658 1135 2729 sustinere.
1172 2660 1497 2727 Fortasse
1538 2655 1731 2727 dices
1767 2684 1781 2724 ε
1830 2654 2069 2745 Quid?
2112 2680 2285 2754 ergo
2326 2659 2481 2733 haec

341 2772 417 2840 in
451 2783 524 2841 te
568 2782 738 2840 sunt
772 2767 1073 2839 omnia?
1107 2767 1402 2838 Utinam
1445 2766 1741 2864 quidem
1783 2763 2068 2837 essent!
2116 2786 2477 2843 verumta-
2526 2776 2531 2786 '

345 2904 512 2979 men
561 2893 647 2951 ut
686 2902 844 2951 esse
886 2891 1225 2976 possent,
1269 2900 1537 2976 magno
1578 2875 1821 2948 studio
1866 2875 2045 2946 mihi
2086 2902 2129 2949 a
2170 2881 2479 2975 pueritia
2592 2868 2602 2879 ⁵

345 3110 400 3149 ut
419 3096 630 3164 proinde
650 3112 708 3145 ec
733 3094 880 3154 dicit,
901 3092 1128 3145 videatur
1150 3106 1367 3144 acturus.
1526 3095 1574 3143 8.
1602 3093 1806 3144 Lim-as.
1832 3094 2069 3142 Sermone
2104 3094 2368 3145 utebantur
2402 3098 2483 3147 s'n'-

345 3182 532 3228 Ascou.
1451 3172 1553 3221 culi
1566 3206 1581 3231 ‚
1610 3189 1767 3235 neque
1784 3173 1927 3237 plane
1948 3190 2126 3237 graeco,
2148 3192 2305 3239 neque
2331 3177 2479 3241 plane

417 3267 464 3317 4.
509 3260 574 3305 In
613 3253 782 3305 Italia.
817 3256 980 3317 Quum
1027 3265 1154 3303 esset
1183 3264 1368 3318 prator
1449 3252 1634 3311 latino,
1654 3252 1742 3300 sed
1770 3254 1859 3317 qni
1886 3270 1947 3302 ex
1976 3266 2185 3319 utroque
2210 3268 2335 3305 esset
2352 3258 2479 3307 mix-

345 3338 584 3395 nrbenus3
632 3336 674 3383 'u
711 3335 841 3383 enim
875 3334 940 3383 ad
979 3350 1134 3397 usque
1169 3332 1368 3383 centeni·
1453 3342 1563 3391 tun
1588 3331 1725 3395 quod
1750 3348 1778 3379 e
1802 3333 2039 3383 Cicerone
2072 3344 2121 3381 et
2154 3336 2373 3383 Asconio
2404 3338 2476 3385 in·-

345 3434 477 3467 mum
497 3417 708 3482 lapidem
731 3416 813 3477 jus
835 3414 1046 3464 diceb-t.
1453 3411 1608 3474 telligi
1644 3422 1827 3474 potest.
1864 3414 1994 3461 Hinc
2029 3413 2188 3461 Plaut.
2218 3415 2273 3461 in
2310 3416 2479 3473 Perea,
2544 3396 2551 3405 ⁵

417 3498 469 3547 5.
509 3499 568 3545 ln
597 3495 764 3544 multis
799 3494 946 3543 codd.
958 3492 1204 3560 peccarit,
1230 3489 1369 3557 qnod
1457 3510 1480 3533 ιι
1504 3490 1749 3539 dabuntur
1792 3490 1925 3539 dotis
1964 3491 2081 3539 inde
2120 3493 2338 3539 sexcenti
2386 3492 2479 3542 tibi

345 3576 562 3625 defendit
584 3577 752 3625 Garat.
1457 3569 1575 3633 Legi
1594 3600 1611 3625 ‚
1650 3580 1799 3633 etque
1840 3570 1994 3618 Attici
2048 3584 2250 3619 omnes:
2288 3570 2475 3621 nullum

415 3658 466 3705 6.
499 3654 625 3703 mhi
639 3652 801 3703 mdo.
821 3656 942 3703 Bac
959 3650 1366 3715 tamquamimpe-
1453 3647 1671 3697 Sica-lum
1694 3649 1940 3711 acceperis
1957 3670 2008 3708 ιι,
2039 3658 2089 3697 et
2112 3648 2167 3695 in
2192 3648 2475 3702 Menechm.

346 3735 442 3785 rito
461 3734 603 3794 dicit,
613 3733 794 3799 quibus
811 3745 860 3784 et
881 3733 1146 3781 auctorit-e
1161 3731 1366 3793 loquen-
1452 3726 1589 3776 Prol.
1618 3743 1677 3775 η
1692 3759 1707 3784 ,
1740 3724 1883 3790 fingit
1908 3727 2111 3776 verbnm
2140 3726 2475 3793 sicelissieare,

347 3817 408 3865 tis
426 3824 802 3880 eteontemptue
820 3810 1091 3861 ostenditur
1107 3809 1366 3873 audientia,
1454 3806 1593 3871 quod
1629 3806 1777 3855 etiam
1813 3806 1933 3855 abiit
1974 3808 2027 3853 in
2069 3807 2383 3870 proverbium
2423 3813 2478 3861 in

345 3908 402 3945 nt
443 3894 790 3945 animadvertit
828 3894 1010 3941 Donat.
1048 3889 1114 3939 ad
1149 3887 1366 3938 Terentii
1456 3902 1542 3935 eos
1564 3919 1579 3943 ,
1620 3884 1707 3947 qui
1760 3884 2039 3934 Siculorum
2099 3901 2260 3947 nore,
2304 3890 2478 3939 vitiose

347 3971 562 4039 Adelph.
583 3976 632 4033 1,
659 3990 678 4021 ι
695 3989 738 4033 1,
756 3988 840 4019 υ.
1455 3966 1789 4029 loquerentur.

419 4071 467 4114 ς.
488 4052 746 4122 Pmficere.
773 4046 848 4101 Ex
873 4050 987 4099 cod.
1009 4048 1124 4110 Cui.
1149 4046 1316 4096 hub.
1530 4062 1581 4107 9.
1610 4042 1705 4091 Alii
1722 4077 1739 4103 ,
1764 4058 2061 4107 expromere.
2088 4044 2121 4093 J
2124 4081 2137 4094 .
2152 4046 2215 4093 V.
2236 4046 2289 4095 L,
