2984 4684
524 389 665 460 382
1183 387 1280 458 Μ.
1335 391 1410 458 Τ.
1467 391 2029 464 CICERONIS

509 535 854 584 romanus
902 509 1234 608 quotidie
1263 565 1285 600 ,
1329 511 1611 606 judices
1658 515 1877 586 etiam
1927 533 2119 606 tum,
2182 545 2412 618 quum
2469 525 2563 598 de
2604 543 2677 600 te

513 627 952 696 sententiam
995 620 1304 710 ferrent,
1343 622 1721 696 viderent?

609 737 754 804 Lx.
819 737 1060 830 Atque
1105 734 1318 803 etiam
1354 731 1715 828 judicium
1760 740 1835 805 in
1876 753 2190 834 praetura
2236 741 2621 839 publicum
2648 761 2669 791 ¹

515 847 876 916 exercuit:
906 867 1056 913 non
1091 842 1289 912 enim
1321 844 1911 940 praetereundum
1950 863 2057 920 est
2100 875 2195 922 ne
2232 853 2308 924 id
2344 855 2673 952 quidem.

510 957 742 1026 Petita
779 952 1008 1024 multa
1045 965 1152 1023 est
1195 951 1394 1052 apud
1429 955 1651 1026 istum
1695 971 2081 1055 praetorem
2122 986 2161 1032 a
2200 964 2290 1053 Q.
2322 967 2622 1064 Opimio
2652 995 2671 1038 τ

509 1066 640 1163 qui
666 1063 1026 1136 adductus
1046 1078 1154 1134 est
1179 1066 1254 1133 in
1272 1063 1631 1159 judicium
1652 1121 1673 1155 ‚
1700 1068 1957 1157 verbo,
1982 1072 2207 1168 quod,
2236 1099 2461 1172 quum
2482 1095 2676 1149 esset

507 1174 851 1246 tribunus
903 1173 1174 1274 plebis,
1213 1176 1779 1249 intercessisset²
1822 1195 2077 1253 contra
2116 1183 2349 1282 legem
2390 1190 2673 1260 Corne-

509 1287 718 1376 liam3
751 1313 832 1359 re
851 1285 904 1376 3,
948 1283 1152 1384 quod
1175 1286 1252 1357 in
1293 1287 1677 1360 tribunatu
1704 1288 2002 1364 dixisset
2034 1309 2289 1366 contra
2318 1296 2665 1396 alicujus⁴

510 1394 832 1470 hominis
876 1397 1144 1468 nobilis
1184 1397 1656 1471 voluntatem.
1700 1404 1810 1474 De
1846 1427 2001 1499 quo
2028 1403 2305 1498 judicio
2352 1409 2409 1478 si
2444 1409 2669 1480 velim

509 1507 750 1580 dicere
769 1509 1037 1594 omnia,
1065 1507 1279 1578 multi
1301 1508 1716 1606 appellandi
1740 1509 2199 1612 laedendique
2219 1517 2363 1587 sint
2380 1513 2439 1605 ⁵3
2464 1519 2671 1616 quod

507 1617 691 1688 mihi
742 1643 894 1689 non
955 1631 1062 1688 est
1105 1641 1420 1688 necesse.
1463 1623 1777 1691 Tantum
1812 1622 2080 1712 dicam,
2118 1649 2388 1722 paucos
2425 1628 2667 1700 horni-

509 1754 675 1818 neS,
712 1742 795 1799 ut
837 1728 1194 1798 levissime
1253 1727 1530 1818 dicam,
1578 1747 2032 1828 arrogantes,
2090 1735 2233 1808 hoc
2287 1737 2665 1834 adjutore,

510 1842 601 1930 Q.
640 1839 1013 1936 Opimium
1063 1862 1198 1935 per
1239 1837 1501 1910 ludum
1550 1855 1623 1910 et
1666 1841 1913 1937 jocum
1959 1842 2273 1919 fortunis
2320 1850 2667 1923 omnibus

509 1951 875 2020 evertisse.
928 1953 1000 2018 Is
1045 1947 1222 2018 mihi
1274 1953 1494 2020 etiam
1547 1957 1905 2047 queritur,
1956 1959 2157 2054 quod
2194 1983 2239 2029 a
2287 1961 2502 2032 nobis
2530 2016 2548 2049 ‚
2592 1989 2665 2034 rx

511 2059 684 2130 solis
706 2056 1001 2144 diebu8‚
1022 2058 1258 2156 prima
1277 2063 1464 2130 actio
1492 2066 1605 2132 sui
1619 2063 1867 2158 judicii
1890 2079 2251 2140 transacta
2278 2072 2408 2141 sit:
2431 2097 2667 2170 quum

507 2167 708 2269 apud
745 2171 988 2266 ipsum
1026 2167 1261 2239 tribus
1307 2168 1509 2241 horis
1543 2173 1631 2262 Q.
1677 2177 2051 2272 Opimius,
2082 2195 2377 2252 senator
2407 2184 2667 2282 populi

509 2283 830 2367 romani,
869 2277 1096 2365 bona,
1129 2275 1460 2352 fortunas
1478 2335 1499 2369 ,
1527 2285 2003 2358 ornamenta⁶
2030 2291 2279 2362 omnia
2303 2295 2667 2367 amiserit?

509 2389 718 2485 cujus
739 2401 1045 2487 propter
1061 2388 1566 2487 indignitatem
1582 2392 1859 2488 judicii,
1881 2401 2271 2496 saepissime
2292 2418 2399 2475 est
2420 2419 2659 2477 actum
2765 2495 2771 2500 ,

507 2504 586 2572 in
623 2513 921 2588 senatu,
957 2513 1042 2568 ut
1073 2523 1296 2596 genus
1332 2499 1478 2573 hoc
1520 2517 1761 2576 totum
1798 2509 2199 2582 multarum
2240 2539 2321 2585 ac
2348 2515 2663 2611 judicio-

503 2636 668 2681 rum
694 2607 1049 2718 ejusmodi
1082 2609 1478 2682 tolleretur.
1512 2615 1670 2685 Jam
1698 2641 1872 2688 vero
1905 2621 1979 2690 in
2010 2618 2227 2694 bonis
2266 2625 2355 2714 Q.
2388 2615 2664 2724 Opimii

503 2718 908 2793 vendendis
930 2773 950 2807 ‚
977 2721 1169 2816 'quas
1198 2721 1331 2792 iste
1361 2723 1641 2819 praedas
1661 2779 1678 2811 ‚
1708 2751 1931 2824 quam
1966 2749 2252 2829 aperte,
2280 2760 2499 2833 quam
2532 2741 2665 2808 im·-

503 2827 740 2930 probe
767 2827 1052 2917 fecerit,
1080 2829 1383 2927 longum
1411 2846 1521 2904 est
1551 2834 1817 2909 dicere.
1850 2843 2009 2912 Hoc
2038 2841 2205 2915 dico
2233 2871 2250 2914 ε
2278 2848 2416 2918 nisi
2450 2846 2663 2920 vobis

575 3019 682 3070 Lx.
717 3035 763 3070 1.
787 3017 1059 3067 Publiemm.
1081 3019 1319 3082 Quamvis
1337 3018 1537 3089 publiea

499 3100 690 3162 judicia
730 3097 794 3144 nd
841 3107 1102 3162 pretorem
1139 3099 1382 3149 urbanum
1429 3119 1537 3152 non

504 3180 804 3248 pertinerent
818 3211 834 3238 ,
862 3187 1025 3225 tamen
1059 3195 1210 3242 quum
1237 3173 1300 3229 de
1321 3182 1535 3246 irrogata

501 3259 658 3309 multa
691 3258 971 3322 pecunia-ia
1008 3268 1254 3322 ageretur,
1291 3261 1534 3321 judicium

502 3340 627 3390 illud
649 3355 753 3387 non
775 3335 983 3402 capitale
1006 3337 1069 3385 ab
1097 3337 1288 3388 urbano
1324 3351 1535 3405 praetore

501 3431 699 3490 poterat
716 3417 947 3466 exerceri.
965 3419 1184 3466 Fun-r.

577 3520 629 3553 α.
655 3499 822 3562 Vulgo
862 3497 1141 3547 intercessit.
1173 3499 1228 3550 J.
1251 3501 1320 3550 V.
1358 3502 1414 3548 1..
1469 3529 1537 3540 -

504 3583 653 3632 Sullae
680 3580 789 3644 lege
815 3593 947 3626 anno
981 3578 1080 3640 673
1123 3578 1218 3628 lau
1243 3581 1536 3630 vetabantur

501 3664 566 3721 ii,
611 3661 700 3727 qui
750 3658 1056 3722 magistratus
1100 3657 1261 3722 plebis
1305 3661 1501 3708 fuerant
1518 3694 1533 3719 ‚

499 3743 593 3791 alia
617 3749 788 3807 postea
813 3754 1014 3786 munera
1041 3739 1220 3802 gerere.
1247 3741 1435 3790 Contra
1454 3751 1536 3788 tu-

501 3823 564 3870 lit
601 3821 662 3870 C.
699 3818 928 3869 Aurelius
964 3819 1110 3868 Cotta
1153 3820 1328 3868 consul
1365 3821 1435 3874 A.
1466 3821 1532 3868 U.

501 3903 638 3964 6783
663 3913 810 3964 quam
843 3897 1000 3962 legem
1031 3897 1284 3948 Aureliam
1311 3899 1380 3962 Q.
1407 3900 1533 3964 opi-

501 3981 655 4041 mius,
689 3977 916 4026 tribunus
954 3977 1137 4043 plebis,
1171 3979 1335 4026 suasit.
1365 3980 1531 4043 Quam

497 4061 566 4108 ob
585 4073 797 4114 eausam,
814 4073 946 4104 anno
962 4059 1202 4121 sequenti,
1217 4058 1270 4106 in
1284 4057 1529 4118 iudicium

499 4151 705 4188 vocatus
740 4135 873 4200 apud
914 4135 974 4186 C.
997 4137 1196 4184 Verrem
1214 4171 1231 4198 ,
1271 4139 1533 4199 maiestatis

1628 3043 1823 3076 causam
1850 3027 2013 3079 dicere
2037 3045 2239 3084 coactus
2254 3048 2361 3100 est3
2378 3049 2525 3103 atque
2540 3073 2558 3101 ‚
2580 3040 2664 3088 in-

1626 3108 1869 3156 stantibus
1886 3109 2139 3162 nobilibus
2160 3115 2377 3180 aliquot,
2398 3118 2661 3181 publicatis

1624 3183 1770 3234 bonis
1796 3185 2069 3240 damnatus.
2416 3199 2420 3202 ’

1696 3267 1750 3314 3.
1784 3267 1854 3314 Re
1877 3279 1992 3318 ante
2026 3273 2167 3336 quod
2182 3276 2394 3338 primum
2424 3279 2583 3342 reperi
2602 3277 2659 3327 in

1627 3342 1747 3392 edit.
1766 3345 1985 3398 lambin.
2016 3365 2035 3396 1
2049 3351 2079 3398 5
2086 3352 2151 3413 76
2166 3367 2181 3410 3
2204 3355 2340 3417 quod
2358 3371 2473 3403 saue
2490 3356 2659 3406 abesse

1626 3439 1728 3472 non
1748 3436 1930 3488 potest.
1950 3427 2032 3476 Sic
2056 3441 2107 3478 et
2132 3431 2289 3481 edidit
2308 3434 2467 3484 Aldus
2484 3452 2658 3502 nepos.

1625 3503 1817 3553 Ernest.
1836 3507 1871 3555 J
1874 3509 1955 3557 Ν.
1973 3510 2111 3557 1..—-
2122 3511 2263 3562 Idem
2280 3515 2412 3576 conj.
2431 3514 2562 3564 dixit
2573 3529 2659 3566 aut

1624 3581 1839 3633 ᾰιζτενατ.
1858 3587 1893 3636 J
1898 3622 1909 3633 .
1928 3587 1998 3636 V.
2028 3589 2079 3637 1..

1699 3671 1747 3720 4.
1796 3665 2043 3731 Alicujus.
2100 3669 2327 3718 Catulum
2376 3672 2618 3738 signifieat
2640 3711 2655 3738 ,

1622 3741 1833 3792 Sullanae
1858 3745 2087 3794 factionis
2114 3757 2231 3796 tune
2256 3751 2549 3817 principem.

1694 3824 1743 3873 5.
1772 3825 1903 3886 Alii,
1922 3837 2048 3876 sune.
2068 3855 2139 3865 —
2157 3832 2371 3880 Paucos.
2392 3834 2621 3884 Catulum
2638 3870 2655 3894 ‚

1620 3901 1889 3953 Curionem
1908 3940 1924 3966 ,
1961 3908 2282 3957 Hortensium
2302 3945 2317 3970 ‚
2363 3911 2583 3962 homines
2626 3931 2657 3964 e

1620 3983 1832 4032 Sullanis
1849 3973 2095 4051 partibus,
2110 3989 2309 4038 eoadem
2325 3989 2419 4041 hac
2434 3993 2487 4042 in
2508 4009 2655 4045 enus·

1620 4063 1850 4113 Ciceroni
1867 4065 2185 4118 adversarios.

1694 4143 1747 4193 6.
1784 4147 2105 4198 Ornamenta.
2142 4151 2409 4202 Senator-ia.
2454 4151 2654 4203 Amisso
