2984 4684
562 361 707 460 496
1207 359 1303 425 M.
1354 359 1431 424 T.
1483 359 2048 456 (aennoms

554 503 639 558 ut
670 486 883 556 etiam
922 479 1176 552 obesse
1213 476 1547 567 deberet,
1589 493 1670 548 tu
1705 493 1828 551 tua
1861 482 2212 579 sapientia
2241 485 2526 554 curasti.
2573 487 2708 556 Et·-

555 597 753 668 enim
786 616 939 664 rem
976 603 1241 677 totam,
1270 587 1590 684 judiceS,
1615 588 1932 662 breviter
1965 591 2398 692 cognoscite.

648 708 868 776 LXX.
886 707 973 772 In
1008 701 1395 800 scriptura¹
1430 699 1678 772 Siciliae
1703 723 1836 798 pro
1855 701 2240 798 magistro²
2267 716 2374 774 est
2395 701 2707 799 quidam

555 821 637 888 L.
663 813 1155 910 Carpinatius»,
1200 811 1332 907 qui
1375 823 1446 880 et
1490 811 1604 881 sui
1645 824 1964 906 quaestus
2012 834 2256 898 cama,
2289 825 2362 883 et
2393 809 2708 884 fortasse

554 924 759 1024 quod
792 923 1162 996 sociorum
1198 923 1548 992 interesse
1584 918 2092 1009 arbitrabatur,
2134 917 2368 993 bene³
2402 925 2712 1020 penitus

555 1038 633 1107 in
666 1036 873 1106 istius
908 1029 1461 1104 familiaritatem
1494 1055 1648 1102 sese
1687 1028 1906 1101 dedit.
1950 1034 2018 1100 Is
2049 1055 2280 1128 quum
2311 1047 2712 1129 praetorem

554 1147 831 1218 circum
874 1143 1119 1214 omnia
1153 1139 1312 1214 fora
1348 1154 1768 1227 sectaretur,
1812 1165 2054 1240 neque
2083 1140 2179 1212 ab
2217 1165 2306 1214 eo
2347 1167 2712 1242 umquam

558 1253 999 1339 discederem
1030 1253 1109 1322 in
1134 1275 1295 1324 eam
1315 1252 1464 1346 jam
1482 1265 1783 1323 venerat
1802 1248 2386 1324 familiaritatem⁴
2399 1277 2712 1328 cousue-

556 1364 1038 1460 tudinemque
1080 1362 1158 1432 in
1206 1359 1607 1432 vendendis
1654 1362 1860 1432 istius
1913 1360 2220 1434 decretis
2264 1377 2338 1434 et
2375 1363 2712 1458 judiciis,

557 1469 1197 1572 transigendisque
1232 1471 1542 1567 negotiis
1567 1525 1588 1558 ,
1631 1485 1714 1542 ut
1743 1493 1974 1569 prope
2011 1471 2188 1542 alter
2215 1471 2714 1546 Timarchides

564 1597 1097 1659 numeraretur.
1152 1585 1311 1652 Hoc
1347 1593 1501 1652 erat.
1549 1584 1762 1652 etiam
1809 1581 2203 1679 capitalior,
2260 1581 2462 1677 quod
2509 1581 2712 1656 idem

563 1696 949 1796 pecuniam
978 1694 1063 1764 iis
1081 1744 1101 1780 ,
1132 1693 1260 1788 qui
1288 1687 1379 1762 ab
1406 1691 1546 1761 isto
1577 1687 1848 1786 aliquid
1879 1689 2405 1781 mercabantur,
2436 1688 2714 1764 foenori

561 1805 805 1878 dabat.
858 1805 957 1874 Ea
994 1816 1237 1874 autem
1273 1798 1662 1872 foeneratio
1701 1815 1856 1871 erat
1892 1799 2345 1895 hujusmodi,
2381 1801 2716 1898 judices,

562 1929 648 1986 ut
688 1918 903 1986 etiam
944 1910 1063 1982 hic
1101 1924 1419 2006 quoestus
1466 1909 1638 1980 huic
1685 1907 2045 1982 cederet-'h
2095 1915 2314 1999 Nam,
2355 1937 2536 2011 quas
2581 1940 2716 2014 pe-

560 2025 809 2098 cunias
829 2023 917 2092 iis
953 2015 1277 2092 ferebat⁶
1305 2041 1654 2118 expensas
1673 2073 1694 2107 ,
1718 2018 2156 2116 quibuscum
2189 2023 2714 2110 contrahebat3

562 2149 689 2206 aut
731 2131 983 2204 scribae
1004 2131 1276 2226 istiuS,
1310 2142 1435 2200 aut
1470 2129 1950 2218 Timarchidi,
1994 2145 2120 2202 aut
2157 2131 2372 2204 etiam
2409 2133 2551 2230 ipsi
2595 2135 2716 2205 isti

564 2241 923 2316 referebat
958 2255 1309 2338 acceptaS.
1356 2239 1559 2312 Idem
1594 2255 1938 2337 praeterea
1977 2244 2316 2339 pecunias
2351 2241 2558 2315 istius
2589 2269 2718 2318 a·

558 2353 1069 2428 traordinarias
1100 2349 1406 2449 grandes
1438 2375 1574 2422 suo
1607 2353 1908 2423 nomine
1942 2349 2456 2426 foenerabatur.

662 2468 797 2538 Hic
831 2465 1069 2564 primo
1106 2463 1596 2561 Carpinatius,
1633 2473 2024 2558 antequam
2066 2463 2140 2534 in
2185 2463 2392 2534 istius
2430 2476 2718 2536 tantam

636 2665 795 2713 Lxx.
830 2677 874 2709 1.
917 2659 1186 2723 Scriptura.
1221 2658 1352 2706 mad
1388 2655 1594 2720 vect-igal
1681 2655 1822 2716 cuins
1849 2657 2099 2722 vectigalia
2135 2658 2438 2710 conduxerat
2473 2661 2722 2726 tociens,

567 2759 631 2794 ex
676 2742 803 2807 agria
848 2739 1075 2806 publicia-
1096 2736 1428 2802 pendebatur,
1466 2751 1595 2800 quoe
1683 2735 1918 2784 vicarium
1953 2736 2178 2786 mittebat
2193 2771 2210 2798 ,
2241 2737 2323 2786 cni
2347 2753 2441 2802 pre
2479 2741 2724 2806 magiam

566 2823 799 2890 privatim
826 2820 1055 2869 locabant
1078 2819 1329 2877 homines,
1344 2830 1401 2867 nt
1424 2832 1599 2882 pecua·
1683 2829 1862 2863 nomen
1889 2826 2010 2865 erat.

568 2903 687 2952 riam
716 2901 955 2955 facerent,
989 2899 1023 2946 i.
1050 2915 1092 2945 e.
1120 2899 1171 2944 in
1196 2913 1282 2946 eoa
1311 2911 1600 2946 numerosos

1757 2897 1809 2945 3.
1835 2898 1966 2943 Bene
1991 2894 2119 2943 delet
2149 2895 2420 2946 Schiitaiua.
2437 2925 2512 2936 ·--
2535 2901 2726 2952 Omnia

570 2995 803 3048 pecorum
843 2991 1038 3041 greges,
1076 2987 1291 3040 questus
1324 2975 1400 3022 sui
1430 2989 1597 3031 cansa,
1671 2973 1819 3041 fora.
1847 2975 1905 3021 Id
1935 2985 2009 3022 eat
2033 3008 2048 3034 ,
2079 2991 2248 3023 omnes
2270 2975 2447 3036 nrbes,
2487 2994 2572 3026 aen
2597 2997 2724 3030 eon·

570 3058 900 3108 immitterent.
921 3053 1188 3104 Dicebatur
1208 3054 1468 3119 set-speum,
1483 3053 1600 3116 quia

574 3149 792 3205 pastores
816 3134 1077 3200 oportebat
1098 3143 1154 3180 ut
1177 3147 1434 3182 numerum
1453 3147 1600 3196 pecu-

574 3217 690 3266 dum
719 3231 845 3280 quoe
872 3213 924 3261 in
956 3227 1097 3278 agros
1123 3213 1351 3278 publicos
1372 3211 1602 3260 immitte·

576 3307 717 3357 rent,
757 3292 820 3342 ad
868 3291 1185 3358 publicanum
1226 3289 1604 3359 profiterentur-3

574 3392 722 3444 quein
749 3387 1005 3422 numerum
1032 3369 1323 3438 publicanus
1348 3371 1403 3417 in
1424 3369 1606 3418 tabulis

576 3457 677 3506 ania
718 3451 1051 3513 describebatg
1084 3450 1215 3500 unde
1246 3449 1492 3513 vectigalis
1535 3464 1604 3496 ra-

582 3539 652 3584 tio
702 3535 831 3582 inter
876 3541 1123 3598 pastorem
1184 3541 1235 3578 et
1282 3527 1606 3594 publicanum

582 3611 955 3665 conficiebatur.

654 3709 703 3739 α.
720 3693 813 3738 Pru
840 3688 1095 3754 magistro.
1120 3687 1396 3748 Publiceni,
1423 3703 1510 3736 acu
1531 3686 1623 3733 r0-'

584 3771 713 3820 mani
741 3769 925 3832 equites
942 3803 957 3828 ,
991 3769 1077 3832 qui
1098 3767 1379 3832 reipublicae
1398 3767 1610 3830 vectiga-

580 3849 647 3898 lia
693 3845 1019 3907 redimebant,
1066 3846 1352 3911 magistrum
1402 3844 1610 3910 aliquem

581 3925 825 3976 societatis
854 3923 1118 3988 eligebant,
1144 3926 1229 3988 qni
1266 3925 1429 3972 omnia
1463 3925 1612 3972 socie-

589 4005 699 4052 tatis
752 4002 941 4066 negotia
993 4005 1163 4052 Romae
1227 4003 1608 4052 administrabat.

588 4081 822 4144 Magister
866 4095 982 4126 vero
1027 4080 1107 4127 ille
1160 4083 1212 4128 in
1266 4083 1609 4146 provinciam,

1687 3065 1889 3112 ventus,
1921 3054 1972 3100 in
1997 3053 2176 3117 quibus
2201 3065 2388 3119 prator
2415 3055 2578 3104 forum
2613 3073 2722 3123 age-

1689 3133 1776 3182 bat
1799 3133 1901 3182 aive
1921 3133 2002 3194 ina
2029 3132 2240 3182 dicebat.

1763 3219 1811 3268 4.
1852 3211 2008 3260 Abest
2028 3210 2440 3275 familiaritatem
2477 3229 2506 3262 a
2541 3215 2726 3266 codiee

1691 3289 1910 3350 Metelli,
1935 3301 1984 3344 et
2009 3291 2126 3340 satia
2149 3303 2283 3341 recte
2303 3291 2456 3342 abeat.
2471 3295 2602 3344 LV.
2629 3299 2688 3344 1..

1767 3371 1816 3420 5.
1833 3368 1962 3418 Hm'c
1979 3369 2186 3418 ceder-ee.
2201 3370 2282 3419 Ad
2297 3373 2498 3428 ‘Verre-
2519 3372 2722 3424 mdiu!-

1692 3449 1794 3513 Qui
1819 3464 1988 3496 anans
2005 3449 2158 3512 magis
2178 3464 2288 3496 enm
2313 3465 2426 3514 ης.
2451 3467 2726 3517 congr-neme

1695 3527 1918 3586 videtur,
1937 3543 2082 3590 quam
2108 3527 2182 3588 ai,
2209 3541 2324 3576 cum
2357 3529 2536 3593 gallico
2563 3531 2722 3580 iuter*-

1694 3616 1856 3672 prete,
1881 3605 2122 3670 intelligas
2135 3641 2152 3666 ,
2167 3608 2362 3671 ·priori
2381 3621 2572 3673 qimam
2595 3623 2724 3662 emet

1695 3701 1853 3746 mjot
1869 3707 1912 3732 n.

1768 3765 1818 3814 6.
1846 3763 1916 3810 Iis
1925 3761 2148 3827 stuba.
2179 3766 2314 3828 Quae
2347 3783 2398 3815 ae
2431 3779 2604 3817 mutuo
2637 3767 2726 3816 de·

1699 3843 1826 3891 disse
1869 3842 2100 3905 pecuniae
2136 3842 2410 3904 scribebat,
2459 3843 2568 3894 illae
2597 3862 2654 3894 aa
2691 3863 2724 3894 a

1699 3923 1866 3969 Verris
1907 3921 2066 3970 act-iba
2083 3957 2100 3983 ,
2135 3933 2222 3970 aut
2261 3923 2596 3987 'limat-effide,
2635 3937 2722 3974 aut

1700 4001 1810 4064 ipso
1843 4003 1995 4050 Verre
2021 4001 2270 4066 accepiaae
2305 4003 2356 4052 in
2392 4003 2569 4054 tabulis
2597 4005 2722 4054 nfe-

1698 4081 1854 4130 rebat.
