2984 4684
519 355 657 442 514
1304 359 1864 429 EXCURSUS

512 481 577 543 in
612 478 960 544 statuendo
992 501 1270 544 numero
1308 479 1530 544 habita
1558 479 1722 544 ratio
1757 479 1958 544 fuisse
1988 478 2245 544 videtur
2275 480 2670 568 provinciae,

511 601 576 650 et
618 585 805 668 belli,
857 601 924 648 et
976 585 1181 673 ipsius
1225 584 1514 672 denique
1561 585 1884 666 hominis;
1933 585 1984 650 si
2023 584 2290 672 quidem
2339 587 2670 675 Pompeio

510 696 649 786 lege
676 693 951 758 Gabinia
980 691 1358 780 quindecim
1390 691 1578 758 datos
1607 692 1808 756 fuisse
1847 707 2122 757 constat.
2175 693 2508 774 Quoniam
2539 717 2668 758 au·

416 885 423 890 ι
514 815 644 862 tem
694 795 993 886 praesides
1045 798 1269 886 legatis
1322 797 1689 886 potestatis,
1740 812 1938 883 atque
1973 797 2232 884 imperii
2269 799 2372 862 sui
2404 815 2668 886 partem

510 905 1113 988 communicabant,
1162 903 1343 970 unde
1376 925 1491 970 eos
1530 903 1763 968 Cicero
1793 903 2072 992 appellat
2103 933 2130 960 α
2149 904 2482 970 ministros
2511 927 2666 970 mu-

513 1012 683 1078 neris
714 1011 1201 1100 provincialis»,
1231 1010 1303 1074 in
1336 1009 1555 1074 Vatin.
1589 1031 1728 1098 cap.
1761 1008 1882 1074 15:
1927 1008 2086 1072 hinc
2123 1009 2370 1074 factum
2415 1028 2546 1095 est,
2583 1029 2666 1076 ut

510 1135 575 1184 et
634 1118 757 1208 ipsi
816 1117 1009 1206 legati
1065 1115 1437 1196 lictoribus,
1490 1137 1566 1180 ac
1620 1113 1905 1182 fascibus
1957 1131 2338 1198 uterentur,
2381 1117 2668 1182 maxime

511 1247 715 1316 quum
757 1221 1155 1288 fiduciariam
1192 1245 1459 1311 operam
1498 1236 1905 1309 praestarent,
1955 1243 2078 1310 pro
2107 1238 2384 1311 praetore
2413 1225 2664 1306 relicti,

508 1349 625 1396 aut
650 1329 829 1395 missi
857 1327 1168 1419 quopiam
1192 1351 1228 1392 a
1251 1343 1548 1417 praetore.

598 1435 879 1502 Tribuni
927 1428 1206 1501 militum
1265 1434 1418 1500 solis
1468 1431 1798 1522 peditibus
1855 1432 2298 1522 praefuerunt:
2353 1435 2445 1499 sic
2503 1433 2666 1500 dicti

511 1560 704 1626 sunt,
740 1558 1005 1608 auctore
1022 1544 1355 1624 Varrone,
1378 1539 1560 1628 quod
1595 1540 1784 1604 initio
1814 1542 1986 1606 terni
2017 1557 2234 1608 essent
2263 1541 2334 1605 in
2366 1541 2666 1630 legione,

512 1652 551 1714 i.
595 1673 649 1715 e.
690 1671 897 1738 quum
932 1648 1075 1736 ipsa
1105 1647 1315 1712 tribus
1347 1645 1644 1736 peditum
1680 1645 1967 1712 millibus
2013 1647 2372 1714 constabat.
2413 1649 2505 1712 Ut
2537 1672 2666 1714 au-

514 1774 643 1822 tem
680 1777 995 1820 numerus
1038 1753 1335 1842 peditum
1364 1753 1433 1816 in
1466 1753 1723 1841 legione
1756 1769 1987 1817 auctus
2020 1769 2119 1818 est
2139 1801 2158 1836 ,
2217 1755 2312 1819 sic
2353 1755 2668 1820 tribuno-

514 1886 663 1928 rum
694 1863 899 1926 crevit
926 1862 1115 1926 etiam
1148 1881 1502 1942 numerus3
1549 1860 1640 1924 ita
1675 1875 1752 1924 ut
1789 1882 1828 1924 a
1871 1860 2082 1924 tribus
2117 1859 2202 1924 ad
2231 1876 2554 1948 quatuor,
2597 1879 2668 1927 et

517 1968 674 2033 inde
714 1965 798 2032 ad
834 1989 949 2032 sex
988 1965 1441 2054 pervenerint,
1480 1987 1690 2053 quum
1737 1987 1976 2054 nempe
2023 1988 2104 2032 ex
2155 1967 2327 2032 senis
2373 1967 2668 2032 millibus

516 2073 812 2162 peditum
869 2071 1061 2160 coepit
1114 2070 1347 2136 confici
1396 2069 1590 2162 legio.
1635 2070 1816 2136 Mille
1866 2094 2022 2162 ergo
2074 2071 2326 2161 pedites
2379 2072 2672 2138 ducebat

518 2180 822 2243 tribunus
849 2201 865 2243 ι
899 2193 966 2242 et
988 2200 1195 2265 quum
1224 2178 1448 2242 Horat.
1473 2178 1604 2242 Sat.
1633 2180 1698 2260 1,
1730 2178 1795 2259 6,
1825 2177 1942 2258 48,
1973 2177 2162 2261 dicit,
2190 2179 2314 2244 sibi
2337 2179 2672 2269 legionem

517 2307 853 2350 romanam
892 2283 1181 2372 paruisse
1212 2282 1514 2366 tribuno,
1547 2283 2006 2373 intelligendus
2039 2299 2160 2366 est,
2192 2286 2376 2373 quasi
2407 2284 2672 2370 dixerit,

520 2407 773 2482 partem
808 2407 1055 2456 sextam
1087 2390 1397 2480 legionis,
1436 2391 1566 2454 hoo
1605 2405 1704 2454 est
1725 2439 1746 2472 ,
1793 2391 1970 2456 mille
2017 2391 2318 2456 homines
2373 2392 2498 2456 sibi
2549 2415 2673 2482 pa-

519 2498 759 2580 ruisse,
792 2519 999 2585 quum
1017 2543 1037 2579 ,
1082 2497 1287 2562 Bruto
1324 2495 1494 2560 duce
1507 2541 1545 2576 ,„
1561 2497 1879 2585 pugnavit
1903 2496 1990 2562 ad
2011 2497 2372 2587 Philippos.

610 2602 885 2668 Tribuni
920 2601 1197 2668 militum
1218 2651 1237 2680 ,
1272 2602 1499 2690 primis
1532 2601 1975 2691 temporibus,
2008 2625 2238 2669 omnes
2269 2605 2354 2669 ab
2384 2606 2676 2692 impera-

521 2711 775 2777 toribus
810 2711 1213 2801 legebantur.
1250 2711 1409 2776 Post
1431 2725 1684 2793 autem,
1707 2733 1884 2776 anno
1913 2711 2114 2791 Urbis,
2141 2711 2268 2799 393
2293 2713 2674 2778 institutum

522 2835 601 2884 ut
630 2840 777 2906 pars
814 2840 1043 2884 eorum
1079 2818 1305 2907 populi
1336 2817 1664 2908 suffragiis
1697 2835 2063 2902 crearetur3
2107 2834 2358 2908 partem
2388 2819 2676 2908 impera-

525 2941 699 2989 tores
730 2923 922 2988 solito
952 2921 1036 2988 de
1068 2946 1253 2988 more
1290 2921 1597 2990 facerent.
1625 2921 1836 2990 Testis
1867 2925 2123 3005 Livius,
2157 2925 2268 2990 lib.
2295 2926 2456 3009 vll,
2513 2948 2568 2990 c.
2603 2925 2676 2991 5.

526 3031 699 3095 Hinc
746 3047 877 3111 est,
934 3029 1117 3117 quod
1161 3030 1481 3096 Asconius
1537 3031 1955 3098 tribunorum
2007 3032 2382 3096 militarium
2429 3055 2675 3122 genera

525 3136 869 3225 distinguit
914 3134 1085 3200 duo:
1145 3137 1431 3225 primum
1456 3184 1475 3219 ,
1524 3159 1754 3201 eorum
1809 3137 1924 3225 qui
1981 3139 2050 3202 in
2097 3139 2386 3202 exercitu
2429 3139 2674 3220 creati,

525 3241 751 3308 Rufuli
780 3240 1187 3323 dicebantur,
1222 3264 1341 3308 seu
1367 3243 1635 3326 Rutuli,
1657 3267 1698 3308 a
1729 3243 2018 3332 quodam
2043 3243 2291 3308 Rutilio
2313 3243 2486 3308 Rufo
2503 3291 2526 3326 ,
2551 3245 2672 3332 qui

524 3349 733 3438 legem
788 3346 1053 3428 tulerat,
1098 3369 1228 3434 qua
1281 3348 1372 3412 eis
1418 3348 1768 3413 cavebatur
1823 3349 2046 3414 multis
2097 3349 2344 3414 modis:
2384 3349 2668 3440 (Festus)

524 3454 799 3518 alterum
831 3459 1092 3533 eorum,
1130 3451 1245 3539 qui
1280 3452 1596 3518 comitiati
1631 3452 2148 3542 appellabantur,
2184 3456 2336 3543 quia
2373 3456 2596 3520 Romae
2625 3479 2670 3519 a

524 3559 773 3652 populo
808 3557 1087 3622 comitiis
1125 3555 1650 3647 designabantur.
1689 3559 1934 3626 Mansit
1965 3561 2071 3626 ille
2103 3583 2248 3626 mos
2277 3560 2570 3650 legendi,
2597 3579 2672 3625 et

522 3664 787 3730 creandi
818 3663 1121 3732 tribunos
1159 3665 1442 3730 militum
1467 3665 1553 3730 ad
1578 3689 1788 3754 usque
1825 3667 2174 3732 novissima
2213 3683 2502 3758 tempora
2537 3669 2670 3732 rei-

525 3773 823 3860 publicae.

614 3878 1045 3946 Centuriones
1098 3881 1165 3945 in
1218 3879 1475 3970 legione
1513 3897 1699 3946 erant
1734 3861 2098 3970 seimgintn
2145 3881 2514 3945 centurioni
2547 3903 2668 3969 pe·—

528 3982 691 4047 dites
726 4000 991 4049 centum
1028 3986 1364 4075 parebant.
2283 4065 2288 4070 ,

538 4153 543 4160 .
608 4089 899 4155 Praefecti
932 4108 998 4156 et
1034 4089 1419 4158 decuriones
1455 4095 1862 4182 equestribus
1896 4095 2102 4183 copiis
2137 4095 2466 4159 sociorum
2497 4117 2666 4182 prae·
