2984 4684
838 361 1215 430 ORATIO
1269 360 1466 429 PRO
1512 360 1601 453 Q.
1656 361 2055 433 Rosclo.
2338 350 2527 461 ἰῶ,

383 482 587 570 bore,
601 482 1039 570 stomacho¹‚
1059 484 1488 579 miseriaque
1513 480 1797 553 erudiit.
1806 487 2011 572 Nam,
2030 509 2181 582 quo
2200 488 2509 585 quisque

387 610 497 667 est
519 596 851 665 solertior
883 608 956 665 et
1004 594 1472 689 ingeniosior,
1504 590 1647 661 hoc
1686 590 1901 663 docet
1937 594 2352 668 iracundius
2372 609 2401 641 ²
2443 613 2519 669 et

387 703 818 775 laboriosius
839 701 1074 800 :quod
1096 704 1292 773 enim
1309 705 1464 801 ipse
1489 701 1813 773 celeriter
1826 706 2134 803 arripuit
2148 760 2169 795 ‚
2186 705 2262 776 id
2282 732 2515 805 quum

389 814 589 885 tarde
628 815 900 911 percipi
931 812 1161 900 videt,
1197 811 1696 883 discruciatur.

485 925 732 996 Paullo
754 924 1043 1019 longius
1068 926 1299 993 oratio
1324 946 1482 993 mea
1500 934 1841 1019 provecta
1864 936 1973 993 est
1993 922 2130 994 hac
2160 923 2252 995 de
2280 951 2515 1016 causa,

391 1049 476 1103 ut
495 1031 991 1104 conditionem
1005 1033 1370 1103 societatis
1389 1030 1771 1127 diligenter
1784 1040 2517 1128 cognosceretisQuae

393 1142 655 1215 deinde
691 1138 902 1212 sunt-⁷¹
943 1143 1436 1239 consequuta?
1467 1146 1922 1237 Panurgum,
1954 1143 2227 1239 inquit,
2280 1143 2519 1234 hunc,

394 1278 682 1324 servum
705 1276 1168 1323 communem
1191 1305 1210 1333 ‚
1235 1253 1324 1341 Q.
1355 1250 1635 1321 Flavius
1656 1251 2194 1347 Tarquiniensis
2220 1254 2523 1350 quidam

395 1360 755 1435 interfecit
787 1388 802 1431 ε
846 1365 924 1431 in
965 1360 1156 1433 hanc
1187 1386 1374 1448 rem,
1419 1363 1693 1456 inquit,
1724 1383 1841 1431 me
1874 1363 2367 1457 cognitorem4
2394 1362 2522 1435 de-

379 1473 583 1549 disti.
621 1474 778 1543 Lite
825 1484 1218 1543 contestata
1236 1466 1292 1558 ⁵,
1319 1470 1601 1565 judicio
1643 1469 1885 1540 damni
1918 1469 2229 1565 injuria6
2262 1478 2527 1545 consti-

398 1598 557 1655 tuto
579 1636 598 1669 ‚
633 1597 716 1653 tu
747 1584 902 1653 sine
951 1606 1068 1651 me
1111 1605 1278 1652 cum
1325 1580 1563 1651 Flavio
1592 1579 1948 1652 decidisti.
1970 1624 2068 1634 ———-
2093 1587 2356 1654 Utrum
2387 1609 2525 1682 pro

398 1690 696 1763 dimidia
737 1704 976 1789 parte,
1006 1714 1098 1761 an
1135 1714 1272 1789 pro
1305 1704 1458 1761 tota
1496 1691 1875 1763 societate?
1924 1691 2211 1790 planius
2247 1694 2481 1767 dicam
2504 1752 2525 1785 ‚

397 1820 646 1875 utrum
682 1828 818 1902 pro
855 1827 1011 1890 me,
1044 1813 1184 1871 an⁷
1217 1824 1354 1899 pro
1389 1826 1505 1873 me
1537 1816 1612 1873 et
1642 1826 1777 1900 pro
1810 1803 1929 1874 te?
1952 1809 2097 1911 Pro
2130 1830 2243 1877 me
2270 1811 2527 1904 potui:

319 1980 328 1989 .
401 1916 733 2013 exemplo
763 1913 1165 1984 multorum
1195 1912 1472 1983 licitum
1526 1926 1673 2001 est3
1704 1915 1869 2009 jure
1912 1910 2244 1986 fecerunt
2275 1917 2528 2006 multi3

403 2024 582 2095 nihil
605 2028 682 2095 in
709 2050 792 2097 ea
821 2050 895 2095 re
929 2020 1080 2095 tibi·
1099 2024 1379 2119 injuriae
1411 2020 1573 2094 feci.
1604 2028 1776 2095 Pete
1804 2038 1886 2096 tu
1914 2038 2156 2114 tuum,
2176 2030 2421 2123 exige,
2455 2043 2532 2100 et

401 2134 626 2223 aufer,
653 2134 854 2233 quod
889 2133 1241 2205 debetur:
1273 2156 1478 2203 suam
1508 2136 1821 2231 quisque
1848 2146 2125 2232 partem
2146 2137 2329 2231 juris
2358 2159 2537 2234 pos-⁴

405 2247 632 2319 sideat
665 2263 737 2318 et
767 2259 1266 2344 persequatur.
1285 2286 1380 2297 --
1398 2249 1490 2315 At
1516 2248 1712 2315 enim
1740 2258 1949 2315 tuum
1974 2249 2349 2342 negotium
2379 2272 2533 2345 ges-

405 2360 556 2429 sisti
585 2356 800 2428 bene.
825 2398 923 2411 --
954 2361 1142 2429 Gere
1185 2370 1260 2425 et
1297 2369 1380 2424 tu
1422 2368 1633 2425 tuum
1659 2352 1871 2427 hene.
1893 2397 1991 2410 —
2016 2361 2281 2453 Magno
2329 2373 2527 2430 tuam

407 2464 780 2537 dimidiam
799 2478 1076 2563 partem
1096 2461 1549 2549 decidisti.--
1560 2468 1827 2559 Magno
1841 2479 1915 2537 et
1932 2480 2013 2535 tu
2030 2480 2229 2536 tuam
2250 2484 2533 2565 partem

409 2576 679 2667 decide.
701 2617 800 2629 —--
838 2578 978 2647 H-S
1000 2567 1336 2645 00010008
1385 2573 1767 2645 abstulisti.
1788 2616 1884 2629 —
1917 2579 1987 2645 Si
2020 2578 2111 2647 sit
2146 2574 2287 2647 hoc
2318 2604 2531 2668 vero;

409 2691 547 2758 H-S
579 2709 864 2760 ccclooo
895 2700 979 2755 tu
1009 2709 1308 2782 quoque
1337 2681 1565 2755 aufer.

480 2930 574 2977 11.
609 2942 655 2975 ι.
687 2924 962 2975 Stomacho.
997 2925 1214 2977 Fastidio
1253 2936 1304 2977 et
1339 2926 1428 2977 in.
1520 2939 1716 2978 curator
1730 2945 1849 2977 vero
1872 2928 2021 2979 unuin
2040 2930 2185 2981 certis
2210 2932 2373 2981 verbi·
2396 2935 2449 2984 in
2476 2937 2537 2985 li·

482 3024 532 3056 α.
559 3006 870 3055 Iracunde'us.
910 3010 1080 3071 Itaque
1116 3008 1180 3056 do
1205 3010 1347 3058 Orat.
1375 3012 1430 3068 1,
1520 3019 1617 3057 tem
1643 3010 1987 3069 constituitun
2022 3011 2109 3058 ned
2145 3027 2207 3059 ex
2246 3012 2355 3061 solo
2388 3030 2533 3063 man-

413 3088 612 3137 emam
663 3086 818 3135 dicit:
865 3088 1042 3151 -Soepe
1083 3086 1224 3134 soleo
1261 3086 1432 3137 andire
1522 3087 1667 3148 dato,
1704 3098 1753 3136 et
1776 3086 1974 3137 absente
1994 3099 2043 3137 et
2066 3089 2321 3153 ignorante
2354 3091 2529 3141 adver-

411 3168 644 3214 Roocium
660 3198 678 3225 ,
715 3182 868 3229 quum
893 3167 960 3214 itu
1001 3164 1156 3226 dicat,
1193 3182 1244 3215 se
1269 3166 1430 3215 adhuc
1518 3168 1661 3218 urio.
1696 3169 1875 3225 Gaius,
1904 3169 1997 3228 IV,
2028 3170 2089 3217 83
2109 3202 2126 3227 ,
2148 3170 2233 3226 84.

413 3246 622 3309 mperire
665 3244 958 3310 discipulum
983 3279 998 3304 ‚
1043 3260 1186 3309 quem
1229 3246 1432 3309 quidcm'

417 3324 642 3386 probaret
658 3360 674 3385 ,
733 3324 948 3388 potuine
1003 3324 1276 3372 neminem:
1323 3340 1428 3373 non

417 3416 514 3464 qno
555 3417 657 3450 non
699 3414 856 3451 esunt
889 3403 1086 3467 quidem
1118 3403 1397 3468 probabiles
1409 3436 1428 3464 ,

417 3480 501 3528 sed
521 3482 658 3545 quia,
688 3484 728 3530 si
750 3482 938 3546 aliquid
967 3482 1118 3530 modo
1141 3494 1266 3531 caet
1287 3484 1392 3531 vitii
1411 3516 1428 3541 ‚

416 3560 472 3607 id
489 3560 614 3608 serre
635 3560 742 3624 ipae
765 3575 872 3609 non
894 3572 1062 3625 posset
1076 3582 1122 3611 n.

487 3640 537 3687 3.
563 3640 720 3687 Abest
743 3650 861 3687 sune
888 3656 915 3687 a
941 3640 1109 3689 multis
1133 3639 1249 3689 edd.
1277 3639 1435 3688 Resti-

421 3718 514 3765 tuit
524 3720 624 3779 iam
641 3722 867 3769 Gravius
884 3736 944 3769 ex
969 3721 1050 3769 ed.
1063 3721 1254 3769 Victor.
1273 3732 1322 3767 et
1339 3722 1432 3768 Ms

422 3800 500 3845 Fr.
535 3798 631 3847 Sed
664 3799 1076 3864 legum-quoqne
1115 3801 1168 3847 in
1203 3798 1320 3849 edd.
1356 3815 1432 3864 pr.

419 3875 665 3925 omnibus.
689 3880 738 3927 J.
755 3878 820 3927 V.
841 3881 895 3928 1..

495 3961 540 4009 4.
579 3956 901 4023 cognitorem.
933 3960 1021 4007 Ille
1054 3974 1083 4007 n
1119 3968 1434 4022 procuratore

429 4030 612 4095 differt,
652 4036 790 4100 quod
831 4038 974 4087 certis
1007 4037 1169 4085 verbis
1201 4038 1253 4084 in
1298 4037 1432 4085 litem

429 4126 586 4161 coram
619 4114 898 4165 adversario
943 4116 1281 4175 substituituu
1320 4132 1432 4183 pro-

617 4187 670 4253 Ῑ.
719 4203 806 4249 eie.
825 4217 940 4263 pan
958 4200 1172 4249 secunda.

1590 3248 1640 3295 5.
1663 3246 1964 3295 Conceseaea.
1976 3247 2227 3299 Conserta.
2244 3250 2397 3299 Cnus·
2414 3268 2538 3301 sum-

1516 3328 1680 3374 matim
1706 3325 1768 3373 ab
1796 3336 2001 3391 utraque
2024 3340 2163 3392 parte
2188 3329 2321 3394 apud
2347 3342 2531 3394 proeto·

1516 3420 1619 3452 rem
1642 3406 1894 3469 exposita,
1914 3405 2129 3470 litigator
2148 3416 2351 3471 uterque
2376 3425 2429 3457 ae
2454 3410 2535 3459 liti

1514 3484 1861 3547 persequendo
1886 3484 2217 3549 obsti-ingebat
2245 3487 2377 3552 apud
2399 3489 2541 3549 jndi-

1516 3578 1621 3609 cem
1651 3578 1680 3609 ι
1714 3573 1921 3625 pretore
1943 3566 2363 3628 constituendum,
2392 3569 2535 3628 cujus

1518 3642 1590 3689 rei
1626 3652 1769 3690 testea
1801 3652 1939 3690 erant
1972 3656 2230 3707 praesentes
2260 3647 2374 3698 viri.
2412 3648 2535 3697 Inde

1520 3722 1649 3769 litem
1667 3721 1945 3769 contestari.

1592 3802 1643 3849 6.
1664 3800 1874 3861 Iniuria.
1890 3802 1933 3848 1.
1958 3814 2003 3848 e.
2034 3816 2122 3864 per
2142 3804 2369 3863 injuriam
2392 3804 2532 3855 illati.

1597 3896 1646 3942 ⁶7.
1680 3878 1971 3928 hortauit
1994 3890 2045 3927 ee
2072 3897 2101 3929 e
2134 3882 2248 3931 trib.
2269 3884 2417 3933 codd.
2434 3888 2534 3934 Ox.

1520 3962 1571 4009 J.
1588 3961 1652 4007 V.
1679 3962 1731 4007 1..

1596 4038 1643 4089 8.
1668 4038 1812 4102 Vulg.
1836 4048 1886 4087 ω
1919 4040 2001 4089 hic
2024 4041 2244 4106 additur,
2280 4052 2330 4091 et
2362 4042 2540 4109 sapius

1521 4134 1683 4183 supra.
1714 4118 1769 4167 J.
1790 4120 1851 4165 V.
1880 4120 1931 4167 1..
2020 4142 2027 4155 ·

2224 4213 2297 4257 11
