2984 4684
412 382 553 455 268
1058 383 1156 449 M.
1209 384 1287 451 T.
1336 381 1904 452 CICERONIS

396 510 484 597 Q.
539 505 927 575 Hortensio
979 516 1325 601 praetore,
1379 501 1472 574 de
1541 506 1870 601 pecuniis
1935 500 2391 601 repetundiS‚
2459 503 2550 577 lis

394 618 767 687 aestimata⁷
796 616 889 685 sit
912 638 1003 685 eo
1036 616 1361 703 nomine,
1377 611 1584 711 quod
1613 612 1734 684 ille
1761 611 1862 683 oh
1893 636 2050 683 rem
2076 610 2552 706 judicandam

402 727 793 824 pecuniam
828 728 1259 823 accepisset3
1306 722 1514 821 quod
1549 726 1628 793 in
1671 728 1753 797 C.
1785 724 2190 809 Herennio,
2235 723 2437 820 quod
2469 728 2548 795 in

397 840 476 909 C.
506 834 855 933 Popillio,
890 832 1385 923 senatoribuS‚
1417 838 1548 933 qui
1581 834 1802 906 ambo
1821 834 2199 933 peculatus
2225 834 2548 907 damnati

398 962 608 1033 sunt3
642 944 845 1043 quod
878 948 955 1017 in
986 951 1085 1017 M.
1108 946 1397 1033 Annio,
1436 949 1566 1042 qui
1596 944 1690 1015 de
1717 945 2088 1043 majestate
2108 941 2138 986 ⁸
2167 942 2554 1017 damnatus

398 1073 539 1145 est,
596 1057 741 1130 hoc
780 1058 1079 1157 planum
1118 1056 1387 1129 factum
1428 1072 1538 1127 est
1553 1068 1610 1145 9,
1655 1082 1782 1129 eos
1819 1059 2207 1154 pecuniam
2251 1055 2349 1127 ob
2395 1079 2550 1127 rem

391 1166 855 1264 judicandam
884 1170 1283 1265 accepisse;
1314 1166 1520 1263 quod
1547 1170 1827 1238 inventi
1865 1181 2036 1237 sunt
2063 1180 2434 1237 senatores
2462 1178 2552 1253 ¹⁰,

396 1282 561 1375 qui,
598 1284 673 1351 C.
706 1280 933 1349 Verre
971 1292 1279 1375 praetore
1322 1274 1606 1347 urbano
1639 1279 1986 1349 sortiente
2015 1288 2070 1321 ¹¹
2099 1331 2121 1365 ‚
2155 1280 2439 1349 exirent
2471 1278 2554 1346 in

396 1412 565 1461 eum
596 1412 1061 1484 reum,quem
1092 1389 1459 1485 incognita
1490 1412 1706 1459 causa
1722 1386 2328 1475 condemnat-enm
2349 1387 2556 1484 quod

398 1499 739 1570 inventus
788 1496 981 1596 [est]
1026 1508 1432 1585 senator¹²‚
1482 1502 1614 1595 qui
1665 1522 1896 1595 quum
1931 1498 2160 1596 judex
2206 1513 2432 1584 esset,
2473 1501 2554 1569 in

402 1607 661 1679 eodem
698 1607 970 1703 judicio
1019 1622 1094 1679 et
1132 1606 1225 1679 ab
1276 1633 1403 1680 reo
1454 1613 1840 1707 pecuniam
1881 1611 2280 1707 acciperet,
2323 1633 2552 1706 quarn

402 1718 773 1813 judicibus
809 1717 1197 1807 divideret,
1241 1732 1317 1791 et
1358 1718 1451 1789 ab
1490 1734 1942 1806 accusatore,
1977 1735 2060 1790 ut
2099 1744 2306 1791 reum
2349 1718 2552 1791 darn·

410 1844 636 1901 naret.
668 1834 825 1901 Iam
862 1854 1037 1900 vero
1064 1827 1443 1926 quomodo
1482 1830 1680 1900 illam
1727 1829 2000 1917 labem,
2038 1830 2553 1927 ignominiam,

408 1939 1033 2036 calamitatemque
1070 1940 1293 2009 totius
1320 1940 1598 2011 ordinis
1635 1940 2088 2037 conquerar?
2115 1940 2258 2011 hoc
2281 1938 2555 2011 factum

410 2074 565 2121 esse
597 2053 675 2120 in
708 2050 845 2120 hac
881 2052 1200 2139 civitate,
1232 2073 1466 2146 quum
1502 2052 1910 2123 senatorius
1941 2050 2126 2122 ordo
2161 2050 2554 2147 judicaret,

404 2274 599 2322 cuniam
614 2310 629 2333 ,
650 2292 797 2341 qnam
812 2278 879 2326 ob
897 2295 975 2328 res
986 2279 1275 2343 judicandas
1290 2298 1430 2331 acce-

408 2365 583 2418 perant
596 2389 612 2414 ,
634 2356 909 2408 reddeoent.

1519 2282 1742 2331 cul-nius
1771 2281 1979 2333 Falcula.
2002 2280 2124 2333 Vid.
2137 2296 2234 2346 pro
2254 2280 2440 2331 Caeein.
2463 2296 2554 2343 103

1519 2379 1613 2428 pm
1638 2364 1836 2412 Cluent.
1859 2364 1947 2425 37.

476 2448 525 2493 7.
542 2434 621 2481 Lis
632 2437 890 2486 oeseimaeua.
904 2439 1075 2487 inlitis
1092 2439 1431 2503 estimatione,
1600 2461 1622 2491 ι
1639 2460 1682 2491 t.
1719 2443 1972 2492 Sor-ciente.
2018 2444 2110 2491 Jus
2143 2439 2354 2489 dicente.
2398 2437 2556 2499 Cujus

402 2528 509 2561 non
526 2516 703 2563 omissa
720 2514 867 2567 fuerit
882 2530 1081 2583 accepta
1102 2520 1328 2585 pecunia,
1338 2531 1433 2571 etc.

408 2592 564 2640 La'eem
601 2595 847 2645 oestimarae
860 2634 877 2656 ,
928 2609 1002 2647 est
1036 2598 1239 2648 definire
1290 2617 1436 2665 pecu-

408 2674 563 2731 niam,
590 2674 653 2724 de
677 2693 775 2739 qua
806 2678 866 2726 lis
892 2690 993 2737 est,
1014 2696 1251 2728 summam
1276 2681 1433 2731 facere

406 2754 627 2800 omnium
654 2772 763 2817 qua
795 2773 822 2804 a
848 2758 1076 2808 damnato
1100 2775 1185 2806 reo
1206 2770 1435 2823 repetun-

409 2840 508 2879 tur.
544 2833 627 2879 Sic
656 2834 745 2881 inf.
768 2836 845 2885 18.
873 2840 1031 2885 Porro
1066 2839 1325 2887 estimatio
1350 2838 1437 2887 fie-

408 2907 496 2957 bat
540 2924 649 2957 non
687 2912 848 2959 solum
893 2930 953 2963 ex
998 2916 1147 2967 titulo
1189 2919 1435 2983 propositi

410 2990 657 3048 criminis,
682 2991 770 3040 scd
790 2992 935 3041 etiam
962 3010 1023 3042 cx
1049 2995 1155 3045 aliis
1179 2997 1437 3061 probatio-

410 3067 579 3127 nibus,
606 3086 718 3134 qnae
750 3088 809 3119 ex
832 3085 945 3121 autc
974 3075 1097 3123 actis
1122 3077 1269 3125 rebus
1300 3080 1435 3141 apud

403 3148 595 3210 indices
622 3153 967 3201 constiterint:
992 3154 1044 3201 hi
1065 3156 1319 3219 peculatus
1340 3159 1435 3205 cri-

408 3228 539 3277 mine
558 3232 845 3295 proposito,
866 3234 1011 3281 ctiam
1030 3250 1149 3299 quas
1162 3236 1437 3296 judicando

406 3310 639 3373 pecunias
662 3324 975 3376 acceperant,
1004 3314 1342 3365 reddiderunt.

479 3390 527 3435 8.
554 3390 831 3454 Majestace.
854 3393 1091 3458 Majestas
1114 3404 1188 3442 cst
1213 3395 1439 3458 quedam

410 3470 699 3533 magnitudo
726 3472 900 3536 populi
940 3488 1063 3520 rom.
1098 3488 1157 3521 ac
1194 3473 1439 3539 dignitas,

408 3561 519 3610 qua
536 3552 697 3597 omnia
708 3552 818 3613 J’ura
832 3552 1007 3598 summi
1022 3552 1215 3615 imperii
1231 3554 1441 3619 comple·

411 3628 587 3687 ctitur3
604 3648 748 3695 quam
766 3632 853 3695 qui
874 3634 1170 3691 contemnit,
1184 3644 1269 3682 aut
1286 3634 1439 3695 ledit,

412 3708 673 3773 majestatis
690 3710 891 3759 crimine
909 3722 1125 3762 tenetur.
1136 3712 1269 3761 vide
1280 3714 1441 3763 Indic.

484 3803 541 3849 9.
568 3786 777 3846 Sobata,
814 3790 1034 3839 -sactum
1076 3792 1221 3842 sit...
1252 3796 1441 3843 inventi

412 3866 589 3915 tint...
604 3888 630 3909 ιο
655 3870 709 3916 J.
731 3872 793 3917 V.
823 3872 877 3917 Ῑι.

496 3961 572 3995 10.
596 3948 872 3997 Senatores.
916 3950 1203 4013 Hyperbole
1220 3988 1235 4013 ,
1268 3951 1333 3999 ad
1366 3968 1447 4001 au-

420 4024 627 4088 gendam
654 4038 849 4075 senatus
882 4028 1133 4079 invidiam.
1172 4032 1313 4078 Unus
1338 4042 1447 4079 tan·

422 4115 525 4153 tmn
544 4120 739 4156 senator
756 4107 1104 4173 intelligendus
1119 4121 1191 4157 est
1202 4146 1218 4173 ,
1244 4112 1303 4161 C.
1324 4112 1449 4159 Fidi-

942 4358 967 4385 Q

1521 2520 1676 2571 officii
1713 2538 1828 2588 pars
1865 2532 1940 2571 est
1973 2519 2172 2569 sortitio
2207 2519 2448 2581 judicum.
2483 2544 2554 2554 —

1523 2601 1748 2650 Exit-ent.
1773 2604 1908 2649 Irent
1937 2600 2172 2649 adversus
2209 2614 2362 2647 rcum.
2400 2598 2556 2645 Pom

1520 2682 1576 2729 in
1611 2680 1803 2743 jndicio
1843 2676 2134 2746 Oppianici,
2179 2694 2332 2743 quum
2372 2694 2436 2727 ex
2469 2677 2555 2725 tri-

1525 2763 1660 2824 ginta
1713 2761 1912 2809 duobus
1967 2758 2252 2821 judicibus,
2305 2755 2556 2805 sexdecim

1525 2839 1916 2905 corrumpendos
1973 2839 2264 2903 suscepisset
2321 2835 2554 2884 Staienus

1517 2920 1693 2981 judex,
1713 2919 1816 2984 ipse
1837 2919 2055 2967 decimus
2073 2918 2310 2982 septimus
2331 2917 2554 2973 ἕαται-ως

1523 3010 1572 3048 et
1588 3016 1650 3047 ex
1667 2998 1754 3047 illo
1771 3015 1976 3047 numero
1995 3014 2124 3047 unus
2143 2998 2347 3055 deesset,
2371 2996 2424 3044 in
2447 2996 2558 3056 ejus

1521 3078 1690 3127 locum
1741 3080 1802 3129 C.
1849 3077 2180 3125 Fidiculanius
2223 3074 2446 3132 Falcula,
2491 3072 2556 3121 ad

1523 3158 1864 3221 complendam
1881 3156 2149 3221 Oppianici
2169 3156 2528 3203 damnationem
2539 3188 2556 3212 ‚

1525 3238 1778 3287 dicebatur
1793 3238 1941 3285 fuisse
1965 3236 2136 3285 subito
2161 3234 2460 3299 suppositus.
2481 3235 2556 3281 De

1523 3317 1602 3365 his
1633 3327 1682 3365 et
1705 3332 1842 3379 seqq.
1861 3315 1978 3363 vide
2007 3332 2104 3379 pro
2137 3314 2332 3364 Clucnt.
2351 3310 2436 3373 37,
2469 3312 2557 3360 ubi

1527 3408 1694 3445 orator
1733 3396 1978 3443 contraria
2019 3394 2142 3443 dicit
2159 3428 2178 3453 ‚
2221 3405 2272 3442 et
2311 3391 2560 3440 Falculsm

1527 3477 1734 3525 omnino
1756 3484 1976 3523 excusat.

1605 3572 1684 3603 η.
1711 3556 1934 3601 Senator.
1969 3554 2030 3602 C.
2051 3552 2206 3599 AEiius
2225 3551 2468 3601 Stalcnus.
2486 3576 2558 3588 —

1529 3636 1608 3685 Ab
1631 3650 1734 3683 reo.
1765 3632 2221 3696 Oppianico.-·Ab
2247 3641 2555 3679 accusatore.

1531 3713 1778 3763 Cluentio.
1808 3710 1904 3759 Sed
1943 3712 1996 3758 in
2037 3727 2118 3768 ea,
2147 3726 2243 3774 qna
2277 3708 2560 3760 Cluentium

1533 3792 1776 3849 defendit,
1803 3790 2056 3851 oratione,
2095 3806 2122 3837 a
2143 3804 2230 3837 reo
2261 3799 2452 3837 tantum
2479 3784 2562 3836 ds·

1533 3884 1630 3921 tam
1661 3872 1921 3937 pecuniam
1949 3870 2114 3919 studet
2146 3869 2376 3933 probare.
2399 3866 2559 3916 Sci-vit

1537 3948 1688 4015 igitur
1703 3952 1900 4013 utrique
1922 3966 2108 4007 causa,
2131 3959 2281 4013 prout
2305 3946 2560 4011 postulant

1537 4044 1780 4096 tempora,
1807 4030 1998 4078 Tullius
2025 4044 2040 4077 :
2077 4028 2186 4089 hic,
2221 4038 2278 4075 ut
2313 4036 2559 4074 senatores

1537 4122 1746 4172 terrcat3
1778 4110 1884 4158 illie
1901 4120 1959 4157 nt
1981 4108 2262 4157 absolvatur
2279 4104 2559 4165 Cluentiua;
