2984 4684
412 358 551 430 270
1072 336 1168 401 M.
1196 336 1285 435 fr.
1326 334 1878 429 cicERole

406 483 639 559 posse.
685 459 750 527 Ο
786 454 1419 527 commemoranda
1447 454 1718 550 judicia
1739 512 1759 545 ,
1795 454 2351 553 praeclaramque
2389 458 2542 527 exi-

402 566 889 641 stimationem
918 568 1147 635 nostri
1170 562 1482 636 ordinis!
1515 589 1749 662 quum
1777 567 1956 638 socii
1983 567 2239 665 populi
2262 570 2546 639 romani
2615 584 2622 589 ·

398 677 673 775 judicia
686 676 777 747 de
798 676 1125 773 pecuniis
1146 674 1572 772 repetundis
1589 673 1746 745 fieri
1781 677 2043 747 nolunt
2064 673 2118 763 ⁵,
2138 702 2300 774 quae
2328 701 2372 747 a
2399 700 2548 746 ma-

398 788 680 885 joribus
726 787 991 857 nostris
1052 787 1417 855 sociorum
1464 808 1680 855 causa
1733 801 2150 884 comparata
2197 800 2386 856 sunt.
2433 790 2546 857 An

402 904 537 971 iste
559 919 909 993 umquam
924 892 1015 965 de
1041 919 1117 965 se
1140 894 1411 965 bonam
1433 919 1640 993 spem
1666 895 2206 983 habuisset‚nisi
2221 894 2314 967 de
2337 895 2546 966 vobis

404 1010 663 1081 malam
682 1007 1107 1104 opinionem
1122 1010 1367 1077 animo
1387 1004 1998 1099 imbibisset?Quo
2014 1008 2286 1103 majore
2305 1008 2543 1089 etiam,

402 1124 463 1194 si
483 1120 641 1191 fieri
672 1132 945 1216 potest,
964 1116 1162 1215 apud
1190 1142 1317 1187 vos
1332 1115 1506 1188 odio
1525 1142 1680 1191 esse
1709 1118 1952 1208 debet,
1981 1143 2198 1217 quam
2223 1133 2331 1190 est
2349 1118 2546 1216 apud

400 1231 757 1339 populum
786 1252 1212 1314 romanum,
1248 1253 1479 1324 quum
1526 1232 1603 1299 in
1643 1227 2009 1319 avaritiass,
2043 1229 2342 1317 scelere,
2379 1252 2546 1327 per-

394 1344 591 1438 jurio
627 1365 758 1410 vos
789 1342 903 1409 sui
944 1338 1211 1409 similes
1252 1362 1405 1409 esse
1440 1337 1854 1411 arbitretur.

498 1457 654 1525 XV.
697 1454 835 1522 Cui
860 1448 1098 1536 loco¹‚
1128 1472 1259 1547 per
1293 1447 1473 1521 deos
1509 1452 1984 1536 immortales,
2022 1448 2337 1548 judices,
2371 1472 2548 1519 con-

402 1563 619 1635 sulite
646 1584 730 1631 ac
756 1558 1154 1658 providete.
1187 1563 1457 1630 Moneo
1483 1560 1948 1658 praedicoque
1975 1561 2050 1632 id
2073 1616 2092 1649 ‚
2115 1559 2318 1659 quod
2348 1558 2551 1630 intel·

405 1675 590 1771 lige,
628 1686 917 1769 tempus
953 1672 1711 1768 opportunissimum²
1747 1672 1958 1745 vobis
2010 1672 2154 1743 hoc
2205 1672 2552 1743 divinitus

406 1787 661 1857 datum
688 1807 843 1854 esse
860 1836 879 1869 ‚
908 1797 994 1852 ut
1019 1781 1191 1852 odio
1214 1836 1235 1869 ‚
1260 1783 1530 1854 invidia
1551 1837 1572 1871 ,
1603 1782 1932 1869 infamia,
1954 1782 2408 1881 turpitudine
2444 1797 2552 1852 to-

408 1911 565 1967 tum
600 1892 934 1963 ordinem
962 1890 1303 1962 liberetis.
1325 1894 1541 1964 Nulla
1566 1895 1642 1964 in
1661 1893 1953 1987 judiciis
1973 1898 2340 1979 severium,
2355 1891 2553 1964 nulla

408 2005 701 2100 religio,
742 2002 944 2072 nulla
992 2001 1309 2100 denique
1349 2003 1498 2099 jam
1537 2006 2041 2075 existimantur
2075 2028 2227 2075 esse
2255 2004 2548 2101 judicia.

406 2120 661 2212 Itaque
694 2137 735 2182 a
763 2112 1041 2210 populo
1079 2138 1383 2183 romano
1433 2117 1980 2186 contemnimur
1995 2111 2050 2198 3,
2075 2114 2550 2212 despicimur3

410 2226 606 2323 gravi
670 2221 1157 2317 diuturnaque
1221 2223 1373 2317 jam
1442 2224 1832 2321 flagramus
1915 2224 2232 2297 infamia.
2295 2230 2554 2324 Neque

408 2336 605 2406 enim
646 2331 865 2404 ullam
917 2331 1125 2405 aliam
1182 2332 1280 2405 ob
1325 2359 1614 2407 causam
1658 2335 1978 2433 populus
2015 2360 2362 2409 romanus
2413 2340 2546 2408 tri-

408 2450 771 2521 bunitiam
812 2461 1245 2545 potestatem
1286 2463 1489 2520 tanto
1526 2450 1812 2521 studio⁴
1862 2453 2283 2549 requisivit:
2333 2473 2553 2550 quam

412 2717 687 2767 centissima
708 2712 971 2778 largitione
992 2726 1197 2775 ematur,
1216 2726 1265 2763 et
1282 2714 1441 2763 multo
1532 2718 1786 2785 (tempore)
1801 2756 1817 2783 ,
1839 2718 1915 2767 vel
1941 2722 2233 2785 genitivum3
2263 2736 2368 2769 non
2395 2733 2558 2770 autem

414 2798 527 2863 plus
551 2798 742 2858 exigat,
758 2809 903 2856 quam
926 2794 1063 2858 quod
1087 2794 1182 2843 sibi
1202 2796 1287 2843 uni
1310 2796 1441 2844 sura-
1531 2812 1592 2845 eo
1631 2798 1796 2863 posito
1831 2812 2062 2862 sequetur
2106 2812 2178 2849 ut.
2208 2802 2361 2849 Recte
2396 2812 2556 2849 autem

416 2890 498 2924 tur
524 2884 719 2937 praetor.
1528 2878 1721 2925 monuit
1743 2878 1949 2927 Beckius
1969 2880 2114 2927 verba
2137 2892 2192 2927 ue
2215 2881 2425 2929 liberetis
2441 2897 2560 2945 pen-

490 2956 539 3003 5.
572 2953 691 3001 Non
714 2950 907 3000 dubitat
933 2953 1122 2999 Ernest.
1152 2954 1439 3002 Ciceronem

416 3036 662 3100 scripsisse
686 3031 880 3083 nolent,
922 3046 1073 3094 quum
1102 3048 1262 3081 sermo
1290 3034 1354 3080 sit
1382 3034 1443 3082 de

420 3132 473 3165 re
507 3116 693 3169 futura,
728 3126 875 3173 quam
910 3111 1085 3159 Cicero
1124 3113 1443 3175 praedieebat.

417 3194 559 3245 Nihil
580 3207 697 3241 vero
714 3188 1001 3237 mutandum
1021 3190 1229 3240 videtur.
1247 3196 1277 3241 J
1283 3198 1366 3242 .V.
1388 3198 1443 3245 Ι..

493 3274 545 3321 6.
574 3274 635 3318 ln
662 3266 891 3316 avaritia.
918 3271 980 3315 In
1005 3270 1241 3333 capienda
1273 3284 1445 3323 contra

420 3355 553 3417 leges
576 3346 803 3414 pecunia.
825 3374 897 3383 —
913 3348 1114 3396 Scelere.
1144 3352 1205 3397 In
1230 3352 1341 3416 ipso
1369 3354 1451 3402 ab·

420 3428 694 3487 solvendo,
738 3426 937 3473 homine
975 3430 1339 3480 nocentissimo.
1378 3460 1448 3471 --

422 3507 659 3576 Perjun'o.
680 3508 741 3553 In
762 3506 1130 3555 contemnendis
1156 3509 1369 3574 legibus,
1396 3513 1451 3560 in

422 3606 543 3656 quas
565 3585 777 3649 iurastis.

493 3670 611 3716 XV.
646 3681 692 3713 ι.
736 3663 826 3711 em·
864 3664 989 3713 loeo.
1025 3666 1155 3715 Huic
1194 3668 1296 3727 rei,
1330 3668 1451 3719 huic

421 3744 789 3799 existimationi.

498 3842 550 3875 2.
576 3821 1042 3889 Opponunissimum
1060 3823 1195 3873 deest
1222 3828 1276 3873 in
1294 3826 1445 3875 duob.

425 3904 575 3955 codd.
602 3903 885 3950 omiserunt
912 3901 1080 3952 Lamb.
1102 3916 1150 3953 et
1172 3906 1361 3955 Ernest.
1384 3909 1449 3955 Et

422 3989 505 4035 hic
536 3981 737 4047 quidem
774 3996 879 4028 eam
920 3980 988 4029 ob
1024 3998 1246 4044 uuum,
1280 3986 1443 4051 quod,

423 4066 627 4115 verbum
646 4072 944 4126 opportunus
972 4062 1211 4125 requirat,
1242 4065 1321 4113 vel
1346 4084 1443 4131 quo

1531 2956 1644 3003 dere
1665 2973 1692 3004 a
1717 2958 1890 3004 dacum
1908 2974 2023 3005 esse.

1604 3036 1652 3083 3.
1683 3036 2057 3086 contemnimur.
2081 3041 2269 3104 Nempe
2291 3046 2556 3087 senatores.

1531 3117 1590 3162 In
1614 3126 1888 3163 senatorum
1919 3134 2174 3167 numerum
2199 3131 2316 3184 post
2351 3128 2560 3183 quastu-

1533 3210 1636 3241 ram
1653 3196 1808 3243 fuerat
1828 3210 2052 3261 receptus
2069 3200 2259 3247 Cicero.
2281 3200 2427 3247 Nunc
2445 3215 2561 3247 vero

1535 3289 1672 3322 suam
1697 3290 1808 3321 cum
1836 3278 1905 3323 eis
1927 3292 2121 3325 causam
2143 3280 2490 3341 communicat,
2507 3288 2564 3326 ut

1537 3355 1890 3404 contumeliose
1933 3358 1986 3405 in
2029 3374 2114 3405 eos
2149 3356 2278 3407 dicta
2295 3394 2310 3421 ,
2353 3375 2458 3407 non
2499 3376 2564 3408 ex

1537 3433 1658 3482 odio
1687 3451 1774 3482 seu
1799 3438 1902 3497 ira,
1929 3438 2016 3485 sed
2039 3452 2100 3485 ex
2125 3438 2340 3501 quodam
2363 3438 2564 3503 pollute

1541 3523 1688 3561 tsntae
1721 3514 1972 3578 dignitatis
2002 3518 2204 3578 dolore,
2241 3520 2458 3581 prosecta
2489 3520 2563 3568 vi-

1541 3591 1765 3640 deantur.

1615 3682 1662 3728 4.
1711 3675 1870 3721 Tamo
1919 3674 2098 3723 studio.
2147 3678 2240 3724 Per
2279 3688 2378 3725 tres
2413 3692 2568 3725 annos

1539 3752 1822 3805 continuos.
1858 3780 1928 3790 —-
1953 3753 2233 3818 Requist‘vit.
2259 3755 2429 3818 Qualis
2453 3767 2568 3804 ante

1537 3831 1724 3880 Sullam
1751 3834 1933 3891 snei-au
1964 3848 2078 3883 nam
2103 3836 2146 3883 is
2171 3834 2319 3884 valde
2348 3852 2454 3885 eam
2479 3838 2570 3884 mi-

1535 3912 1646 3959 nuit
1666 3946 1681 3969 ,
1715 3911 1824 3976 lege
1847 3912 1944 3962 lats
1965 3951 1980 3976 ,
2017 3930 2082 3963 ne
2111 3916 2187 3974 ei,
2225 3917 2310 3980 qui
2341 3916 2570 3965 tribunus

1533 3991 1691 4057 plebis
1711 3992 1881 4041 suisset
1895 4029 1908 4051 ‚
1930 4006 2100 4061 postea
2115 3996 2244 4046 alios
2259 3997 2570 4062 magistratus

1535 4088 1707 4135 capere
1733 4070 1918 4123 liceret.
