2984 4684
472 374 567 445 92
1040 371 1049 382 ·
1102 356 1199 424 M.
1249 358 1327 426 T.
1380 356 1965 427 CICERONIS

472 474 695 571 patris
710 472 1100 546 ulciscendi
1122 500 1357 567 causa,
1370 478 1810 577 supplicium
1829 475 1922 547 de
1943 488 2168 545 matre
2191 475 2607 572 sumpsisse,

475 606 707 680 quum
756 587 1153 680 praesertim
1196 583 1506 659 deorum
1554 586 2072 659 immortalium
2113 586 2334 683 jussis
2384 598 2608 683 atque

475 692 785 764 oraculis
806 692 883 763 id
906 691 1157 767 fecisse
1182 696 1542 787 dicantur,
1559 712 1802 769 tamen
1831 710 1915 769 ut
1939 720 2064 767 eos
2085 697 2363 792 agitent
2381 692 2610 783 furiae,

476 826 719 899 neque
746 808 1137 878 consistere
1170 832 1479 907 usquam
1511 812 1904 909 patiantur,
1927 805 2130 904 quod
2155 830 2248 877 ne
2275 807 2376 904 pii
2393 816 2422 847 ²
2449 808 2612 903 qui-

474 909 643 983 dem
670 915 825 984 sine
858 916 1125 989 scelere
1150 944 1306 991 esse
1336 920 1780 1019 potuerunt?
1815 922 1930 991 Sic
1963 943 2042 989 se
2072 942 2186 989 res
2215 908 2462 1005 habet]
2492 917 2612 1012 ju-

474 1020 691 1095 dices.
722 1027 1057 1121 Magnam
1082 1030 1231 1099 vim
1254 1083 1274 1119 ‚
1301 1053 1637 1128 magnam
1669 1031 2173 1101 necessitatem
2193 1022 2250 1117 3,
2275 1048 2610 1123 magnam

475 1132 799 1231 possidet
840 1136 1265 1233 religionem
1309 1154 1658 1238 paternus
1715 1152 2234 1235 maternusque
2275 1136 2608 1233 sanguis:

472 1268 561 1313 ex
604 1267 757 1340 quo
802 1248 862 1317 si
905 1271 1052 1344 qua
1104 1250 1383 1321 macula
1415 1264 1770 1348 concepta
1817 1264 1964 1338 est,
2012 1271 2165 1319 non
2211 1244 2434 1317 modo
2464 1244 2611 1316 elui

472 1376 625 1424 non
652 1369 1193 1453 potest,·verum
1222 1384 1453 1458 usque
1486 1386 1578 1432 eo
1610 1372 1990 1460 permanat
2011 1355 2106 1429 ad
2129 1358 2460 1428 animum
2478 1407 2498 1441 ,
2527 1366 2616 1423 ut

474 1488 804 1537 summus
821 1464 1028 1539 furor
1045 1483 1266 1567 atque
1278 1474 1595 1542 amentia
1611 1466 2398 1567 consequatur.Nolite⁴
2416 1464 2613 1534 enim

474 1590 756 1674 putare,
791 1579 1412 1676 quemadmodum
1444 1584 1522 1652 in
1552 1580 1818 1653 fabulis
1839 1576 1872 1623 ⁵
1895 1598 2393 1677 saepenumero
2419 1569 2618 1641 vide-

477 1689 608 1772 tis,
642 1710 805 1775 eoS‚
835 1692 964 1786 qui
996 1691 1272 1788 aliquid
1306 1694 1530 1791 impie
1563 1691 2051 1786 scelerateque
2079 1684 2578 1759 commiserint
2597 1734 2618 1767 ‚

474 1798 728 1892 agitari
768 1810 842 1867 et
877 1804 1263 1896 perterreri
1304 1804 1682 1873 Furiarum
1739 1798 1938 1871 medis
1983 1794 2428 1868 ardentibus.
2475 1794 2622 1863 Sua

481 1928 853 2001 quemque
879 1904 1107 1995 fraus,
1144 1922 1216 1980 et
1242 1934 1418 1981 suus
1450 1906 1732 1982 teri-01⁰⁶
1769 1910 2078 1981 maxime
2108 1918 2355 1992 vexat3
2399 1926 2618 1973 suum

482 2038 857 2139 que-mque
890 2018 1127 2088 scelus
1158 2022 1413 2115 agitat,
1443 2023 1906 2117 amentiaque
1936 2016 2196 2104 afficit;
2239 2038 2388 2085 suae
2415 2012 2621 2083 malae

484 2128 955 2219 cogitationes
976 2181 996 2215 ,
1028 2132 1678 2226 conscientiaeque⁷
1708 2131 1932 2200 animi
1967 2138 2244 2198 terrent
2265 2150 2281 2192 ε
2304 2122 2416 2193 hae
2447 2134 2624 2193 sunt

484 2235 727 2333 impiis
750 2234 1051 2307 assiduae
1085 2236 1646 2337 domesticaeque
1676 2242 1938 2327 Furiae3
1965 2261 2128 2334 quae
2151 2232 2304 2305 dies
2335 2245 2622 2303 noctes-

482 2368 629 2442 que
668 2362 1053 2445 parentum
1085 2373 1340 2448 poenas
1390 2374 1435 2421 a
1465 2350 2170 2422 consceleratissimis
2209 2344 2375 2417 filiis
2417 2366 2624 2441 repe·

484 2470 659 2528 tant.
688 2463 855 2529 Haec
882 2460 1311 2556 magnitudo
1339 2459 1672 2533 maleficii
1706 2458 1909 2550 facit,
1929 2472 2050 2548 ut,
2073 2459 2211 2529 nisi
2245 2479 2450 2555 paene
2477 2476 2626 2523 ma·

486 2563 827 2637 nifestum
870 2569 1341 2667 parricidium
1385 2568 1800 2670 proferatur
1820 2626 1842 2659 ,
1883 2567 2230 2641 credibile
2269 2590 2421 2637 non
2461 2559 2623 2649 sit⁸;

484 2678 621 2747 nisi
655 2681 885 2776 turpis
914 2678 1435 2771 adolescentia,
1468 2684 1608 2755 nisi
1644 2679 1990 2753 omnibus
2025 2678 2312 2777 flagitiis
2337 2678 2482 2747 vita
2506 2678 2620 2745 in-

494 2900 843 2964 Amphi-raum
882 2904 1133 2968 proditum
1146 2939 1161 2965 ,
1184 2916 1385 2955 narrem
1405 2906 1514 2955 Eri—

488 2978 675 3045 phylen
701 2982 901 3032 occidit.

562 3075 613 3109 a.
640 3060 734 3110 Pii.
762 3064 929 3124 Quum
953 3064 1101 3124 imnis
1136 3063 1340 3113 deorum
1372 3079 1514 3131 pare-

488 3148 629 3203 rat,
648 3152 701 3191 et
723 3154 909 3208 putrem
936 3144 1298 3193 ulciscerentur.

560 3220 614 3271 3.
638 3222 996 3272 Necessitatem.
1010 3227 1073 3274 Η.
1089 3224 1125 3275 1.
1141 3236 1213 3273 eet
1230 3225 1515 3287 conjunctio

490 3302 767 3365 unguinis,
792 3314 843 3352 et
866 3304 1151 3369 parentibus
1170 3304 1389 3353 debitum
1406 3303 1520 3353 offi-

494 3380 641 3440 cinm,
659 3380 803 3431 aliter
816 3383 1139 3434 necessitudo.
1168 3384 1297 3434 Vide
1322 3386 1516 3433 Manut-

492 3458 555 3507 ad
580 3460 691 3509 Div.
714 3462 795 3523 11,
834 3478 913 3527 19.

567 3548 620 3595 4.
650 3542 815 3590 Nolite
835 3542 982 3591 enim.
1006 3543 1088 3591 Sic
1108 3543 1171 3591 de
1196 3546 1313 3608 Leg.
1332 3544 1386 3591 1:
1410 3542 1518 3591 «At

495 3633 613 3666 vem
636 3620 871 3669 scelerum
893 3622 947 3669 in
970 3620 1219 3680 homines,
1255 3634 1402 3687 atque
1426 3622 1518 3669 im-

494 3696 731 3761 pietatum
780 3699 915 3749 nnlla
960 3702 1173 3767 expiatio
1216 3714 1311 3751 est.
1346 3704 1520 3765 Itaque

496 3790 667 3839 poma·
689 3778 831 3827 luunt
858 3796 959 3829 non
986 3790 1083 3829 tam
1108 3781 1335 3844 judiciis,
1356 3790 1413 3829 nt
1434 3794 1520 3827 eos

496 3854 684 3919 agitant
711 3856 1107 3925 insecunturque
1140 3860 1305 3922 suriae,
1324 3876 1425 3909 non
1444 3875 1519 3906 ar·-

497 3932 727 3983 dntibus
756 3936 916 3997 tedis,
948 3938 1077 3986 sicut
1104 3940 1159 3986 in
1193 3938 1394 3997 fabulis,
1431 3936 1518 3985 sed

495 4027 673 4076 angore
697 4015 1007 4065 conscientia
1027 4014 1309 4081 fraudisque
1332 4016 1518 4065 crucia-

496 4103 551 4141 tu
562 4114 605 4143 a.
633 4094 780 4145 eous.
804 4094 899 4143 Pia.
918 4110 1004 4143 ao.

1675 2906 1724 2955 5.
1763 2908 1826 2953 In
1856 2902 2062 2964 fabulis.
2097 2898 2384 2967 Tragoedias.
2417 2894 2626 2945 Fabula·

1601 3001 1710 3035 rmn
1735 2984 1868 3033 enim
1890 2984 2089 3033 nomine
2115 2980 2276 3029 Latini
2303 2994 2440 3043 aque
2462 2987 2512 3025 et
2533 2986 2626 3023 tra-

1603 3063 1788 3130 goedias
1812 3074 1862 3112 et
1887 3060 2153 3112 comoedin
2178 3058 2440 3125 appellant.

1673 3142 1724 3191 6.
1741 3144 1864 3191 Snus
1879 3142 2240 3191 terror-,Terror
2261 3137 2348 3202 qni
2371 3152 2434 3184 ex
2459 3133 2626 3183 an'um

1601 3222 1696 3272 sibi
1721 3222 1914 3271 ecclei-in
1939 3220 2139 3269 eonacio
2164 3216 2511 3284 proficiscitur.
2543 3212 2628 3260 Sic

1604 3306 1638 3352 J
1639 3300 1832 3351 avenni.
1865 3300 1998 3349 «diri
2017 3298 2216 3348 conscia
2237 3296 2352 3345 faeti
2369 3296 2514 3344 Mens
2539 3292 2627 3341 hn-

1605 3382 1690 3431 het
1705 3382 1962 3443 attonitos,
1978 3388 2026 3427 et
2045 3378 2199 3427 surdo
2213 3376 2412 3425 verbm
2425 3371 2572 3421 eadit
2585 3392 2630 3433 ιι,

1605 3476 1752 3525 quem
1771 3460 1904 3509 conf.
1923 3460 2021 3506 Sat.
2039 3458 2184 3505 xm.

1679 3557 1726 3601 7.
1766 3537 2197 3601 conscientiaque.
2231 3534 2388 3583 Cam
2426 3528 2632 3594 pluralis

1605 3618 2021 3669 animadversione
2041 3615 2235 3680 dignus,
2253 3610 2477 3677 quamvis
2493 3606 2632 3672 apud

1607 3700 1892 3748 Ciceronem
1919 3712 2020 3744 non
2047 3693 2196 3743 semel
2225 3690 2520 3740 inveniatur.

1681 3778 1730 3825 8.
1751 3774 1988 3823 Credibile
2011 3790 2112 3821 non
2138 3772 2216 3820 sit.
2250 3772 2409 3819 Pena
2429 3782 2524 3831 pro
2545 3780 2636 3813 no-

1605 3856 1694 3905 tho
1706 3868 1756 3905 et
1769 3856 1940 3920 spurio
1951 3852 2214 3909 habebant,
2222 3852 2264 3898 si
2277 3850 2386 3914 qni·
2399 3844 2534 3912 apud
2547 3860 2632 3893 eo·

1604 3933 1855 4001 parricidii
1867 3931 2209 3990 accusabunt-3
2235 3928 2328 3979 nti
2342 3922 2632 3975 maleficium

1605 4026 1704 4063 tam
1723 4012 1962 4061 nefarium
1989 4013 2040 4059 in
2080 4026 2190 4059 eum
2207 4044 2223 4072 ,
2255 4006 2343 4073 qui
2372 4020 2483 4053 vere
2509 4012 2634 4052 esset

1607 4092 1754 4153 filiun,
1771 4090 1944 4141 endere
1958 4106 2064 4139 non
2079 4104 2237 4155 posse.
2253 4082 2442 4135 Herod.
2455 4084 2501 4149 1,
2519 4081 2632 4143 137.
