2984 4684
721 389 834 460 IN
883 389 1319 460 VERREM
1372 369 1592 458 Act.
1634 389 1747 472 11,
1798 389 1985 460 me.
2036 392 2129 459 11.
2278 333 2283 340 ’
2354 392 2495 477 465

456 514 772 583 XLVIII.
805 517 1078 609 Atque,
1122 507 1635 607 utaliquando
1670 509 1759 580 de
1804 509 2027 582 rebus
2074 511 2165 583 ab
2206 513 2344 585 isto
2377 539 2501 587 co-

358 625 608 720 gnitiS,
639 619 1118 719 judicatisque
1136 675 1156 706 ,
1174 636 1247 692 et
1269 619 1362 691 de
1382 619 1669 716 judiciis
1695 617 1877 691 datis
1900 632 1918 664 ¹
1944 621 2187 695 dicere
2206 623 2501 697 desista-

358 757 562 822 mus·,
591 747 699 820 et,
727 735 1082 830 quoniam
1100 728 1286 802 facta
1317 733 1527 802 istius
1554 733 1633 800 in
1666 729 1781 801 his
1806 731 2197 827 generibus
2222 733 2511 811 infinita

356 858 566 932 sunt,
619 868 755 914 nos
800 841 1106 915 modum
1151 842 1463 942 aliquem
1512 855 1587 912 et
1619 839 1845 912 finem
1886 844 2199 914 orationi
2242 862 2507 920 nostrae

363 952 938 1052 criminibusque
999 951 1352 1024 faciamus
1405 980 1422 1022 z
1477 975 1709 1052 pauca
1762 976 1851 1022 ex
1911 952 2067 1024 aliis
2120 956 2511 1052 generibus

363 1089 728 1136 sumemus
744 1073 792 1134 ².
877 1104 884 1110 ·

457 1173 768 1246 Audistis
791 1173 889 1245 ob
905 1169 1072 1270 jus3
1103 1171 1539 1260 dicundum,
1562 1175 1649 1264 Q.
1668 1174 1965 1243 Varium
1982 1175 2011 1224 ⁴
2034 1171 2306 1264 dicere,
2340 1199 2507 1274 pro-

314 1347 322 1354 .
361 1301 730 1358 curatores
761 1308 932 1356 suos
965 1284 1082 1354 isti
1103 1299 1402 1354 centum
1445 1296 1519 1354 et
1552 1283 1843 1381 triginta
1871 1283 2092 1355 millia
2126 1309 2511 1358 nummum

362 1396 641 1470 dedisse
662 1423 678 1465 z
697 1395 1126 1466 meministis
1143 1395 1436 1484 Q.Varii
1454 1397 1951 1465 testimonium
1968 1450 1987 1484 ,
2001 1421 2305 1494 remque
2323 1398 2517 1470 hanc

361 1521 586 1578 totam
623 1510 700 1578 C.
735 1503 1176 1594 Sacerdotis,
1215 1503 1535 1574 hominis
1574 1506 2055 1596 ornatissimi,
2094 1511 2511 1582 testimonio

361 1616 827 1718 comprobari
855 1642 870 1685 :
903 1616 1121 1704 scitiS,
1151 1618 1280 1686 Cn.
1314 1617 1665 1703 Sertium,
1698 1619 1795 1686 M.
1830 1616 2198 1707 Modium,
2231 1623 2513 1716 equites

359 1751 706 1800 romanos
728 1781 750 1814 ,
808 1741 1180 1798 sexcentos
1237 1739 1585 1824 praeterea
1608 1769 1615 1776 ·
1636 1728 1827 1797 cives
1880 1751 2223 1799 romanos
2245 1784 2264 1817 ,
2322 1729 2511 1800 mul·

359 1855 627 1935 tosque
671 1837 992 1926 SiculoS,
1043 1835 1340 1926 dixisse,
1371 1861 1446 1907 se
1496 1837 1614 1908 isti
1664 1839 2053 1934 pecuniam
2098 1836 2197 1909 ob
2234 1839 2353 1935 jus
2404 1840 2513 1911 di-

363 1948 686 2022 cundum
715 1946 1016 2020 dedisse.
1044 1951 1154 2020 De
1185 1959 1343 2045 ‘quo
1383 1947 1689 2018 crimine
1730 1946 1908 2044 quid
1938 1971 2073 2044 ego
2110 1947 2475 2047 disputem
2494 1997 2517 2042 -,

361 2085 596 2158 quum
633 2057 709 2128 id
753 2072 990 2130 totum
1025 2060 1350 2157 positum
1399 2061 1492 2130 sit
1541 2060 1618 2128 in
1670 2055 2020 2130 testibus?
2058 2057 2238 2156 quid
2287 2086 2513 2158 porro
2615 2133 2621 2138 ,

364 2183 862 2267 argumenter,
911 2192 1058 2265 qua
1116 2166 1207 2238 de
1258 2193 1339 2239 re
1397 2165 1734 2239 dubitare
1787 2193 2009 2240 nemo
2068 2170 2341 2268 possit?
2402 2177 2515 2245 An

363 2281 506 2352 hoc
533 2278 900 2351 dubitabit
933 2280 1319 2376 quisquam
1348 2280 1677 2349 omnium
1696 2333 1715 2366 ,
1747 2272 1932 2375 'quin
1964 2281 2027 2349 is
2060 2282 2393 2353 venalem
2432 2287 2512 2358 iu

362 2388 599 2460 Sicilia
659 2386 1236 2483 jurisdictionem
1304 2386 1681 2473 habuerit,
1744 2389 1873 2484 qui
1950 2393 2201 2481 Romae
2270 2406 2509 2465 totum

366 2497 686 2570 edictum
752 2511 972 2594 atque
1031 2499 1280 2567 omnia
1347 2495 1636 2567 decreta
1695 2496 2143 2570 vendiderit?
2206 2503 2385 2597 quin
2455 2507 2516 2576 is

363 2608 456 2680 ab
492 2606 748 2681 Siculis
785 2605 884 2678 ob
919 2605 1208 2677 decreta
1235 2604 1769 2704 interponenda
1797 2608 2181 2704 pecuniam
2222 2635 2516 2712 accepea

363 2721 492 2809 rit,
543 2715 722 2819 qui⁵
784 2723 884 2788 M.
941 2720 1327 2788 Octavium
1386 2720 1729 2814 Ligurem
1782 2715 1882 2788 ob
1936 2719 2055 2814 jus
2107 2720 2513 2796 dicundum

364 2831 820 2930 poposcerit?
840 2828 1059 2922 Quod
1095 2831 1292 2901 enim
1329 2826 1513 2900 iste⁶
1540 2844 1887 2928 praeterea
1916 2856 2147 2930 genus
2186 2841 2513 2933 pecuniae

367 2943 704 3040 co‘gendae
740 2939 1126 3041 praeteriit?
1155 2937 1358 3038 quod
1394 2965 1547 3010 non
1578 2987 1599 3027 ,
1632 2937 1727 3010 ab
1768 2941 2111 3014 omnibus
2144 2945 2296 3016 aliis
2335 2972 2515 3045 prae-

365 3059 664 3125 teritum
686 3108 705 3142 ,
731 3049 1200 3149 excogitavit?
1215 3057 1494 3148 Ecqua⁷
1532 3075 1647 3130 res
1666 3049 1863 3150 apud
1889 3053 2209 3126 civitates
2240 3058 2513 3132 Siculas

366 3168 751 3265 expetitur,
787 3167 862 3235 in
899 3189 1044 3262 qua
1081 3179 1208 3236 aut
1248 3163 1489 3236 honos
1524 3162 1784 3261 aliquis
1817 3165 1951 3250 sit,
1994 3179 2119 3234 aut
2157 3181 2511 3263 potestaS,

437 3397 670 3444 vam.
702 3409 748 3442 ι.
784 3393 990 3442 Iudiciis
1023 3394 1174 3444 datis.
1196 3395 1395 3443 Jndicia
1483 3392 1552 3443 V.
1576 3397 1632 3443 1..
1672 3421 1743 3432 —
1784 3393 1983 3442 Centum
2010 3405 2061 3441 ee
2084 3405 2153 3444 er.
2183 3395 2398 3460 (26,650
2424 3398 2517 3465 fr.)

369 3476 484 3524 dare
509 3484 614 3521 tum
641 3471 928 3520 dicebantur
950 3483 1214 3536 proetores,
1242 3489 1394 3536 quum
1556 3469 1607 3521 5.
1634 3475 1700 3520 Μ.
1725 3474 1993 3522 Octavium.
2012 3473 2141 3523 Vide
2163 3477 2300 3526 Verr.
2321 3479 2369 3538 1,
2394 3481 2477 3536 48.

361 3554 554 3617 judIces
570 3564 623 3602 et
636 3549 894 3612 iudicandi
917 3551 1174 3599 formulam
1195 3551 1393 3600 dabant.
1556 3553 1611 3600 6.
1654 3551 1811 3602 Abest
1861 3553 1967 3602 iste.
2020 3555 2233 3617 Conjicit
2279 3557 2509 3610 Gulielm.

367 3637 444 3684 De
471 3634 570 3682 hoc
601 3630 974 3695 provincialium
1000 3642 1266 3694 praetorum
1285 3633 1394 3694 jure
1483 3630 1671 3693 -Quod
1696 3634 1825 3680 enim
1848 3633 1943 3682 iste
1968 3645 2153 3698 pretor
2164 3655 2206 3683 ιι.
2232 3639 2282 3688 J.
2302 3639 2365 3687 V.
2396 3642 2451 3689 L.
2596 3629 2601 3636 ¹

369 3714 542 3762 confer
559 3711 625 3760 ad
651 3709 832 3759 calcem
860 3709 1095 3758 orationis
1121 3709 1267 3770 hujus
1290 3713 1392 3760 Ex-
1557 3727 1609 3772 7.
1632 3713 1809 3776 Ecqua
1833 3729 1929 3760 rss.
1950 3713 2097 3762 Nulla
2120 3729 2195 3762 res
2217 3727 2291 3765 est
2314 3717 2371 3766 in
2391 3720 2515 3770 Siei-

369 3808 564 3841 cursum
587 3789 650 3838 de
674 3799 884 3854 praetore
904 3788 1215 3855 provinciali.
1481 3789 1548 3839 15⁸
1566 3825 1581 3850 ι
1616 3807 1724 3854 ‘1¹²2
1761 3792 1929 3856 ⁴²¹²P⁴²⁸=i
1962 3793 2143 3856 P⁰⁸⁸i¹¹
2178 3806 2237 3843 '²‘
2270 3789 2514 3850 “mm-¹⁶5⁸

443 3889 492 3920 α.
518 3865 688 3920 hub.
716 3885 984 3918 mmamus.
1012 3872 1045 3918 J
1051 3870 1137 3916 ·V.
1165 3872 1220 3918 L.
1485 3869 1723 3934 dignitas,
1770 3871 2105 3936 magistratus,
2142 3878 2471 3929 sacerdotium
2493 3919 2508 3944 ,

445 3953 493 3999 3.
528 3950 601 3999 ob
615 3950 719 4015 jus.
753 3951 826 3998 Ut
859 3964 887 3995 a
929 3949 1080 3996 Verre
1114 3948 1398 4013 impetraret
1484 3965 1573 3997 seu
1601 3949 1671 3996 rei
1700 3949 1907 4012 alicujus
1932 3949 2323 4016 administratio,
2360 3975 2511 4023 quam

365 4031 490 4094 iuris
515 4029 592 4078 sui
619 4027 945 4093 persequendi
973 4027 1270 4076 facultatem.
1483 4031 1665 4076 Verres
1702 4043 1805 4076 non
1847 4029 1909 4078 ad
1946 4030 2134 4094 lucrum
2160 4042 2443 4098 apposuerit
2462 4052 2516 4088 et

447 4118 499 4166 4.
528 4109 656 4168 Alii,
683 4109 922 4164 Mar-ium,
947 4109 1024 4157 vel
1051 4107 1320 4158 Valerium.
1347 4111 1396 4158 J.
1487 4106 1779 4156 vendiderit.

571 4197 626 4264 Ῑ.
682 4215 772 4259 Cic.
787 4227 900 4274 pare
919 4206 1136 4260 secunda.
1974 4207 1986 4214 “
2183 4199 2273 4270 3ο
