2984 4684
448 323 591 412 348
1090 328 1187 394 Μ.
1239 328 1317 395 Τ.
1370 327 1942 396 CICERONIS

442 470 581 543 ego
616 442 1071 518 defensorem
1098 449 1174 517 in
1208 467 1371 518 mea
1406 469 1754 544 persona,
1789 469 1944 516 non
1979 459 2472 516 accusatorem
2493 456 2582 533 ¹⁰,

442 558 754 626 maxime
778 553 1047 628 laudari
1073 555 1261 627 volo.
1296 559 1640 628 Rationes
1677 553 1772 626 ad
1801 555 2165 642 aerarium,
2188 567 2582 656 antequam

444 664 821 738 Dolabella
860 665 1387 739 condemnatus
1422 681 1562 756 est,
1595 691 1747 738 non
1777 665 1997 740 audet
2031 662 2303 738 referre
2329 677 2386 710 ¹¹
2409 693 2430 754 ;
2453 667 2582 736 im·

442 789 679 872 petrat
696 801 739 848 a
756 789 1007 848 senatu
1026 830 1048 865 ,
1080 790 1163 846 ut
1183 774 1335 848 dies
1356 775 1494 848 sibi
1514 791 2056 877 prorogaretur,
2077 775 2278 874 quod
2301 775 2584 847 tabulas

440 908 607 957 suas
656 885 748 958 ab
790 885 1323 958 accusatoribus
1360 885 1758 958 Dolabellae
1791 884 2206 984 obsignatas
2255 883 2530 956 diceret
2560 913 2580 956 ε

440 995 748 1093 proinde
802 997 1007 1095 quasi
1059 995 1516 1070 exscribendi
1566 1010 2007 1096 potestatem
2061 1020 2216 1067 non
2253 993 2578 1067 haberet.

443 1105 655 1178 Solus
686 1123 797 1180 est
827 1106 947 1180 hic
966 1160 989 1196 ,
1018 1109 1145 1205 qui
1184 1131 1586 1205 numquam
1611 1109 1930 1178 rationes
1964 1105 2054 1178 ad
2091 1107 2426 1176 aerarium
2461 1129 2578 1176 re-

446 1212 651 1286 ferat.

534 1331 863 1399 XXXIX.
908 1325 1227 1400 Audistis
1260 1329 1724 1427 quaestoriam
1757 1331 2117 1400 rationem
2153 1323 2392 1398 tribus
2423 1351 2579 1399 ver-

432 1438 673 1510 siculis
712 1437 1054 1528 relatam3
1091 1441 1468 1538 legationis
1494 1452 1514 1486 ¹
1565 1465 1754 1528 non,
1797 1441 1936 1512 nisi
1979 1439 2466 1512 condemnato
2503 1453 2578 1512 et

433 1549 669 1646 ejecto
712 1574 839 1636 e0,
886 1551 1014 1649 qui
1058 1567 1301 1650 posset
1342 1549 1880 1649 reprehendere
1920 1577 1938 1621 ε
1993 1575 2192 1622 nunc
2251 1549 2582 1646 denique

430 1675 791 1758 praeturae,
824 1687 1043 1760 quam
1073 1688 1163 1735 ex
1202 1661 1838 1736 senatusconsulto
1877 1663 2118 1732 statim
2149 1656 2421 1734 referre
2451 1659 2578 1732 de·

432 1768 593 1842 buit
623 1825 644 1860 ,
680 1797 916 1871 usque
950 1773 1041 1846 ad
1075 1774 1217 1846 hoc
1248 1789 1544 1873 tempus
1579 1799 1733 1847 non
1767 1773 2038 1845 retulit.
2073 1775 2572 1864 Quaestorem²

430 1905 509 1952 se
547 1882 625 1952 in
660 1899 915 1956 senatu
948 1899 1365 1982 exspectare
1402 1884 1586 1957 dixit
1621 1911 1638 1954 :
1677 1885 1986 1985 perinde
2022 1883 2231 1982 quasi
2263 1907 2416 1954 non
2437 1937 2457 1970 ,
2493 1897 2576 1954 ut

429 2005 746 2089 quaestor
787 1995 945 2066 sine
986 2009 1293 2093 praetore
1313 2049 1333 2082 ,
1386 1992 1671 2093 posset³
1723 1995 2085 2068 rationem
2127 1990 2404 2065 referre
2451 1994 2576 2089 (ut

434 2113 515 2172 tu
534 2155 555 2190 ,
589 2107 959 2190 Hortensi,
997 2119 1081 2177 ut
1114 2103 1411 2199 omnes)
1460 2104 1720 2176 eodem
1755 2104 1978 2176 modo
2015 2106 2171 2175 sine
2215 2117 2574 2201 quaestore

432 2227 719 2309 praetor.
775 2214 1017 2304 Dixit,
1054 2213 1250 2286 idem
1288 2213 1739 2287 Dolabellam
1784 2220 2228 2314 impetrasse.
2287 2218 2570 2287 Omen4

430 2325 655 2420 magis
686 2324 1013 2423 patribus
1042 2327 1504 2426 conscriptis,
1543 2349 1763 2424 quam
1799 2350 2014 2396 causa
2051 2324 2322 2423 placuit
2353 2351 2370 2394 :
2407 2348 2574 2423 pro-

426 2431 805 2507 baverunt.
854 2440 1129 2512 Verum
1172 2452 1568 2537 quaestores
1615 2423 1919 2534 quoq’ue
1963 2432 2398 2533 jampridem
2451 2459 2572 2508 ve-

426 2561 699 2618 nerunt
738 2575 755 2618 z
807 2572 940 2618 cur
978 2573 1131 2620 non
1171 2549 1524 2621 retulisti?
1564 2549 1862 2620 Illarum
1915 2547 2282 2618 rationum
2343 2571 2433 2617 ex
2486 2571 2572 2618 ea

422 2650 635 2727 faece⁵
662 2655 1067 2754 legationis,
1098 2662 1650 2758 quaestoriaeque
1675 2673 1820 2730 tuae
1846 2659 2380 2756 procurationis
2401 2711 2420 2745 ‚
2447 2655 2568 2728 illa

503 2949 584 2983 ιο.
593 2935 957 2988 Accusator-em.
968 2939 1346 2989 Accusatorium
1360 2955 1449 2989 no·

562 3015 631 3062 ita
656 3016 766 3064 viro
790 3017 927 3066 bono
952 3018 1237 3083 fugiendum
1263 3029 1338 3068 eat
1353 3054 1368 3079 ,
1390 3029 1449 3070 ut

426 3103 511 3142 ant
532 3092 633 3142 dici
656 3097 861 3146 omnino
885 3114 939 3147 ae
954 3109 1283 3148 accusatorem
1300 3099 1449 3158 nolit,

426 3183 514 3221 aut
534 3174 655 3223 velit
679 3190 732 3223 ae
756 3191 859 3226 non
887 3178 1003 3226 satia
1026 3191 1359 3228 accusatorem
1378 3179 1449 3226 vi-

420 3252 541 3304 deri.
560 3255 750 3305 Ascon.

498 3349 581 3386 ιτ.
612 3337 821 3404 Referre.
856 3339 987 3403 Quia
1020 3355 1187 3389 earnm
1224 3337 1451 3405 redargui

418 3419 601 3468 falsitas
625 3420 884 3484 potuisset.
1240 3473 1249 3482 ἢ

492 3501 721 3549 xxxlx
750 3515 801 3550 1.
826 3497 1115 3566 negationis.
1136 3501 1314 3549 smnus
1338 3510 1446 3548 eat:

422 3581 643 3630 Audistis
665 3590 923 3644 quaeatnrae
956 3583 1166 3629 rationes
1196 3581 1355 3629 tribus
1387 3579 1447 3628 li-

420 3660 527 3709 neis
566 3661 771 3719 relataa3
811 3659 1016 3708 audistin
1051 3659 1307 3724 legatIonia
1342 3673 1443 3706 non

424 3739 595 3788 relata·
630 3742 866 3799 rationes,
908 3739 1005 3788 nisi
1038 3755 1125 3799 eo,
1168 3749 1265 3788 etc.
1312 3755 1445 3788 nnnc

422 3819 635 3882 deniqne
662 3821 897 3869 rationem
931 3829 1155 3885 praetnrae
1188 3835 1289 3868 non
1320 3828 1447 3867 retu·

424 3899 483 3947 lit
496 3932 510 3956 ‚
540 3909 635 3946 etc.

494 3991 523 4025 a
534 4011 549 4025 .
566 3977 880 4040 ρωποι-οη..
908 3978 1125 4026 Alterum
1148 3995 1177 4026 e
1196 3977 1297 4026 suis
1314 3993 1446 4041 qna:-

418 4057 656 4118 storibus‚
676 4057 765 4122 qni
792 4056 898 4106 bini
918 4069 1055 4108 erant
1068 4093 1083 4118 ,
1112 4060 1445 4122 Syracusanus

1537 2950 1586 2988 et
1606 2937 2138 3006 anbaetanus.nabet
2149 2937 2567 3000 mamm-ind.

1535 3030 1586 3069 et
1605 3021 1718 3070 Sch.
1735 3030 2012 3084 quaestores.

1611 3101 1663 3149 3.
1699 3100 1894 3148 Manat.
1923 3110 1975 3148 et
2005 3101 2212 3148 Hotom.
2257 3108 2464 3162 «ponet
2491 3112 2568 3144 re-

1537 3181 1663 3228 ferre
1676 3201 1724 3228 sn.
1752 3179 1849 3227 Sed
1875 3177 2134 3227 nobiscnm
2163 3177 2351 3225 faciunt
2375 3177 2568 3224 Victor.

1538 3259 1652 3309 Car.
1682 3259 1854 3323 steph.
1891 3258 2118 3306 hubin.
2145 3267 2194 3305 et
2232 3267 2442 3320 uterque
2473 3255 2566 3304 MS

1536 3341 1854 3473 ἣῖοὸηιεη.
1879 3415 2121 3465 Utebatnr
2136 3417 2315 3462 Verres
2337 3411 2568 3461 Dolabel..

1534 3495 1597 3546 lae
1617 3497 1872 3562 exemplo,
1890 3497 1978 3561 qni
2003 3492 2382 3560 repetundarum
2407 3493 2566 3540 fuerat

1535 3575 1814 3636 damnatus3
1837 3576 1954 3625 hinc
1975 3575 2182 3623 ominati
2203 3583 2318 3622 aunt
2341 3571 2564 3621 eumdem

1532 3658 1641 3706 sore
1683 3657 1886 3720 hujusce
1929 3656 2106 3718 judicii
2157 3653 2378 3714 exitnm3
2427 3649 2566 3716 quod

1533 3753 1680 3786 omen
1712 3737 1866 3802 magia
1903 3736 1976 3784 eia
2015 3735 2198 3799 placuit
2232 3749 2380 3797 qnam
2413 3746 2566 3779 excu-

1534 3817 1677 3866 satio.

1609 3897 1658 3947 5.
1680 3898 1834 3945 Foece.
1857 3897 1934 3944 Ex
1953 3892 2160 3942 reciduis
2183 3890 2412 3939 sordibus
2431 3889 2566 3938 illius

1536 3987 1634 4025 ωε
1669 3977 1926 4040 legationis
1965 3973 2126 4037 capita
2161 3971 2414 4019 decumam
2453 3985 2566 4033 quae

1535 4055 1798 4106 Dolabella:
1824 4055 2020 4103 suerunt
2043 4053 2299 4116 imputata.
