2984 4684
721 388 833 457 IN
883 387 1329 479 VERREM
1377 387 1597 458 ACT.
1648 389 1767 475 11,
1815 390 2010 458 LIB.
2059 391 2167 460 II.
2372 387 2503 486 507

385 511 514 607 qui
554 505 844 580 tabulas
885 506 1316 600 confecerit,
1379 533 1669 608 semper
1708 511 1791 582 in
1823 512 2141 582 Verrutii
2178 511 2507 609 nomine²

383 634 584 693 certo
635 643 723 691 ex
768 620 969 708 loco,
1019 619 1412 693 mendosus
1459 635 1669 693 esset.
1718 625 1955 718 Atque
2004 620 2155 694 haec
2191 623 2514 722 postula-

380 727 552 802 bam
572 785 592 822 ‚
647 755 800 802 non
851 755 1004 828 quo
1045 730 1254 802 illum
1303 733 1464 830 cogi
1501 745 1831 829 putarem
1870 745 2244 829 oportere,
2300 747 2386 804 ut
2430 757 2513 804 ea

382 841 564 914 mihi
593 839 1064 940 responderet
1083 842 1352 914 invitus
1371 869 1390 930 ;
1413 841 1539 914 sed
1560 855 1643 912 ut
1660 838 2004 913 omnibus
2026 843 2231 913 istius
2246 839 2281 885 ⁶
2299 840 2511 930 furta.)

380 950 573 1024 illius
604 950 985 1050 flagitium,
1013 953 1400 1050 utriusque-
1425 951 1723 1024 audacia
1748 952 2133 1050 perspicua
2161 975 2314 1024 esse
2346 977 2511 1052 pos·

307 1095 310 1098 ·
377 1078 514 1135 set.
542 1067 799 1160 Itaque
827 1063 1030 1134 illum
1055 1062 1320 1158 injure
1337 1073 1364 1118 ⁷
1395 1075 1600 1133 metu
1624 1061 2211 1157 conscientiaque
2239 1063 2513 1156 peccati

379 1187 664 1244 mutum
683 1227 704 1263 ,
749 1186 968 1270 atque
1007 1173 1536 1262 exanimatum,
1578 1197 1663 1244 ac
1692 1173 1815 1240 vix
1846 1171 2091 1240 vivum
2127 1167 2467 1266 relinquo
2496 1196 2511 1238 ε

383 1281 664 1356 tabulas
685 1286 760 1354 in
783 1282 970 1372 fot-0,
989 1307 1269 1356 summa
1286 1282 1671 1354 hominum
1690 1279 2127 1380 frequentia,
2144 1277 2508 1351 exscribo:

381 1390 822 1464 adhibentur
854 1395 932 1463 in
967 1391 1442 1466 exscribendo
1473 1392 1567 1464 de
1592 1406 1957 1464 conventu
1995 1393 2130 1461 viri
2158 1390 2509 1488 primm-in

381 1503 602 1576 literae
635 1504 1016 1601 lituraeque
1052 1527 1306 1576 omnes
1343 1503 1771 1576 assimulatae
1786 1556 1807 1591 ‚
1850 1523 2195 1601 expressas
2211 1554 2232 1589 ‚
2277 1499 2369 1571 de
2404 1512 2513 1570 ta-

379 1612 575 1686 bulis
606 1617 682 1685 in
717 1612 946 1686 libros
977 1611 1531 1686 transferuntur.
1562 1619 1729 1686 Haec
1752 1611 1997 1682 omnia
2032 1633 2313 1682 summa
2346 1632 2519 1680 cura

383 1740 459 1796 et
497 1725 864 1823 diligentia
887 1725 1260 1823 recognita
1284 1739 1357 1796 et
1384 1722 1643 1796 collata
1665 1778 1684 1812 ,
1720 1737 1793 1796 et
1820 1722 1913 1794 ab
1938 1719 2359 1796 hominibus
2387 1720 2517 1791 ho-

383 1837 802 1908 nestissimis
849 1834 1224 1933 obsignata
1271 1851 1464 1908 sunt.
1517 1836 1589 1907 Si
1634 1835 2085 1933 Carpinatius
2126 1848 2287 1904 tum
2335 1830 2515 1902 mihi

383 1945 826 2044 respondere
872 1946 1150 2036 noluit3
1201 1946 1563 2045 responde
1606 1944 1789 2016 mihi
1830 1969 2027 2016 nunc
2067 1958 2185 2030 tu,
2225 1945 2516 2015 Verres,

385 2081 606 2154 quem
667 2081 820 2130 esse
877 2057 1080 2130 hunc
1125 2071 1338 2130 tuum
1386 2081 1593 2155 paene
1648 2053 1991 2154 gentilem
2011 2049 2043 2100 ⁸
2098 2055 2515 2124 Verrutium

385 2183 618 2266 putes.
656 2171 840 2242 Fieri
869 2194 1022 2241 non
1055 2183 1334 2269 potest,
1371 2183 1490 2255 ut,
1522 2191 1745 2266 quem
1786 2165 2027 2254 video,
2070 2179 2145 2236 te
2172 2177 2517 2262 praetore,

382 2279 458 2350 in
483 2280 714 2352 Sicilia
740 2277 959 2352 fuisse
977 2335 997 2368 ,
1023 2294 1096 2351 et
1131 2303 1354 2378 quem
1392 2303 1482 2350 ex
1514 2279 1669 2376 ipsa
1694 2277 1973 2350 ratione
1990 2285 2024 2336 ⁹
2055 2274 2378 2371 intelligo
2415 2270 2518 2342 lo-

381 2388 747 2487 cupletem
768 2387 1012 2476 fuisse,
1033 2413 1202 2460 eum
1227 2404 1310 2460 tu
1329 2390 1407 2459 in
1435 2402 1562 2460 tua
1582 2389 1954 2486 provincia
1974 2411 2121 2458 non
2152 2386 2510 2483 cognoris.

382 2505 622 2597 Atque
667 2498 884 2586 adeo,
947 2523 1040 2570 ne
1073 2497 1218 2570 hoc
1251 2511 1379 2569 aut
1414 2497 1703 2594 longius
1723 2551 1743 2586 ‚
1786 2511 1913 2568 aut
1946 2494 2327 2568 obscurius
2364 2516 2517 2564 esse

383 2613 653 2710 possit,
688 2607 1057 2709 procedite
1079 2621 1144 2658 ¹⁰
1176 2612 1254 2680 in
1289 2607 1611 2680 medium
1633 2660 1652 2695 ,
1692 2607 2045 2705 explicate
2086 2603 2511 2701 descriptio-

382 2745 555 2791 nem
613 2719 1148 2818 imaginemque
1203 2718 1612 2791 tabularum
1656 2747 1674 2790 ε
1725 2732 1811 2791 ut
1876 2739 2133 2788 omnes
2178 2713 2516 2786 mortales

383 2830 588 2900 istius
623 2829 930 2900 avaritiae
973 2853 1125 2901 non
1160 2829 1309 2925 jam
1354 2831 1685 2926 vestigia,
1730 2827 1857 2902 sed
1899 2827 2055 2926 ipsa
2097 2824 2365 2898 cubilia
2403 2823 2510 2893 vi-

383 2939 556 3012 dere
596 2944 898 3039 possint.

481 3053 864 3124 LXXVIII.
902 3049 1178 3123 Videtis
1195 3050 1665 3124 Verrutium?
1698 3048 1957 3122 videtis
1984 3050 2251 3146 primas
2277 3046 2516 3117 literas

385 3323 690 3373 {illesum-um
703 3357 718 3384 ‚
745 3326 832 3390 qui
848 3325 937 3374 has
954 3325 1144 3374 tabulae
1169 3323 1407 3373 eonfecia-
1491 3326 1693 3372 Verrem
1714 3337 1731 3372 ε
1768 3337 1922 3387 quum
1950 3323 2042 3371 iste
2072 3335 2244 3370 omnes
2272 3321 2326 3367 in
2353 3319 2514 3368 Sicilia

386 3414 462 3452 set
479 3437 496 3464 ,
519 3417 708 3468 semper
727 3406 782 3452 in
800 3404 901 3452 hoc
923 3404 1122 3454 nomine
1147 3416 1198 3453 et
1233 3415 1404 3454 «certo
1487 3403 1759 3469 locupletes
1820 3404 2011 3452 curiose
2076 3401 2387 3464 investigaret
2401 3433 2417 3459 ,
2466 3409 2517 3446 et

385 3499 450 3531 ex
472 3483 588 3532 loco
605 3505 632 3525 a·
644 3516 660 3542 ,
681 3481 736 3530 id
765 3494 837 3531 eet
852 3518 868 3544 ,
905 3495 1020 3548 post
1037 3485 1242 3548 primam
1260 3483 1406 3550 sylla·
1490 3483 1637 3530 etiam
1654 3494 1760 3549 tum
1777 3484 1971 3542 Rome,
1990 3483 2125 3544 «jam
2146 3480 2394 3546 quacient
2410 3495 2513 3526 nou

385 3561 499 3611 ban
522 3563 735 3612 nominis
753 3573 1016 3628 peccasset.
1490 3561 1643 3609 modo
1672 3561 1867 3610 furandi
1894 3576 2067 3626 genera
2084 3595 2099 3622 ‚
2132 3559 2219 3609 aed
2244 3559 2387 3607 etiam
2420 3575 2515 3606 no-

457 3643 510 3692 6.
533 3643 696 3692 Istius.
719 3643 902 3692 Verris.
916 3642 1069 3690 Illius.
1083 3643 1364 3707 Carpinatli.
1491 3641 1621 3689 mina
1636 3663 1689 3702 a,
1708 3653 1762 3690 ut
1776 3654 1888 3706 sup.
1911 3643 1965 3690 6.

459 3735 514 3782 ¹5.
543 3723 604 3768 In
617 3720 747 3788 jum.
771 3724 903 3771 Ante
927 3721 1152 3786 proetoris
1174 3721 1406 3771 tn'bunal.
1570 3737 1644 3769 ιο.
1661 3721 1927 3770 Procedite.
1944 3719 2134 3770 Scribas
2156 3718 2514 3782 alloquitur.—

461 3801 512 3852 8.
535 3800 792 3850 Gentilem.
815 3803 1028 3866 Propter
1046 3800 1258 3849 nominis
1275 3801 1407 3850 simi·
1492 3800 1771 3866 Baeplieaee.
1796 3801 1998 3864 Aperite
2022 3799 2233 3858 librum,
2264 3813 2348 3846 sen
2374 3797 2514 3857 tabu-

387 3879 661 3930 iitadinem.
1490 3879 1578 3938 las,
1596 3897 1717 3944 quas
1734 3879 1787 3928 in
1805 3880 1915 3930 foro
1933 3881 2181 3946 Syracusis
2191 3877 2513 3942 exscripsi„-

463 3975 516 4022 9.
550 3962 630 4008 Ea:
661 3959 768 4024 ipsa
802 3959 1010 4008 racione.
1045 3959 1234 4024 Nempe
1259 3975 1324 4008 ex
1347 3978 1406 4009 ea
1498 3957 1706 4008 calvitio.
1730 3960 2021 4026 metaphora
2046 3975 2075 4006 a
2098 3960 2211 4008 feria
2236 3958 2514 4021 desumpta.

391 4040 698 4102 negotiorum
714 4039 836 4087 serie
857 4053 968 4102 (με
993 4053 1104 4086 cnm
1125 4040 1406 4104 Carpinatio
1491 4039 1557 4088 ad
1581 4037 1747 4087 ‘Verria
1770 4055 1953 4088 nomen
1979 4037 2155 4088 alludit
2176 4039 2350 4087 Cicero
2367 4071 2383 4097 ‚
2404 4053 2514 4086 nee-

392 4115 577 4166 habnit.
593 4143 659 4154 -
675 4119 784 4168 Non
809 4117 1056 4184 cognoris.
1078 4119 1330 4183 ingeniose
1353 4121 1408 4168 in
1493 4135 1598 4168 non
1624 4129 1673 4168 et
1688 4119 1833 4168 initio
1851 4119 2095 4184 sequentia
2112 4118 2303 4184 capitia.
