2984 4684
818 326 1211 397 ORATIO
1261 328 1461 397 PRO
1512 328 1579 395 S.
1625 326 2026 396 ROSCIO.
2359 324 2491 398 113

352 448 573 545 igitur
604 452 682 519 in
718 450 873 518 istis
902 445 1154 535 boniS,
1186 445 1457 543 quibus
1492 459 1773 543 partem
1812 444 2330 542 Chrysogonus
2363 447 2491 519 de-

356 554 576 629 derit?
598 560 769 627 Duo
794 559 1059 627 Roscii.
1095 561 1289 627 Num
1322 559 1658 652 quisnam
1686 556 2074 653 praeterea?
2101 558 2330 627 Nemo
2358 572 2490 641 est..

346 665 653 763 judices.
702 672 896 741 Num
954 691 1128 763 ergo
1184 664 1493 737 dubium
1543 681 1653 738 est
1680 720 1701 755 ‚
1754 669 1935 764 quin
1985 668 2036 737 ii
2089 664 2492 740 obtulerint

300 798 313 807 ·
355 775 543 848 hanc
574 776 895 875 praedam
927 775 1405 874 Chrysogono
1427 829 1447 865 ‚
1505 778 1636 875 qui
1675 774 1767 847 ab
1803 800 1892 847 eo
1923 791 2201 873 partem
2232 778 2490 876 praedae

355 889 727 960 tulerunt?
1961 882 1968 891 ¹

446 1004 596 1095 Age
623 1053 643 1086 ‚
669 1023 871 1070 nunc
902 1023 989 1070 ex
1025 1001 1253 1097 ipsius
1284 998 1739 1095 Chrysogoni
1765 995 2042 1093 judicio
2060 1000 2490 1069 Rosciorum

354 1106 627 1179 sactum
678 1106 1245 1180 consideremus.
1286 1112 1361 1181 Si
1402 1108 1588 1180 nihil
1636 1111 1714 1179 in
1765 1111 1900 1179 ista
1942 1132 2190 1207 pugna
2213 1113 2495 1199 Roscii,

354 1216 558 1315 quod
576 1214 845 1316 operae⁸
872 1221 1191 1316 pretium
1220 1233 1439 1305 esset,
1466 1216 1819 1306 fecerant,
1840 1242 2060 1315 quam
2084 1217 2182 1289 ob
2208 1243 2498 1291 causam

354 1352 399 1398 a
416 1326 891 1425 Chrysogono
912 1329 1129 1398 tantis
1156 1330 1467 1426 praemiis
1491 1326 1996 1399 donabantur?
2013 1330 2084 1400 Si
2101 1328 2283 1399 nihil
2299 1329 2500 1400 aliud

356 1435 720 1533 fecerunt,
752 1438 891 1507 nisi
916 1460 1069 1507 rem
1094 1435 1549 1525 detulerunt,
1577 1461 1825 1509 nonne
1853 1441 2022 1509 satis
2044 1437 2184 1510 fuit
2209 1437 2322 1510 his
2349 1464 2506 1537 gra-

360 1550 491 1617 tias
520 1548 685 1643 agi?
714 1545 1034 1643 denique
1052 1600 1073 1635 ‚
1100 1561 1184 1617 ut
1211 1540 1740 1645 perliberaliter
1763 1562 2125 1644 ageretur,
2150 1549 2502 1621 honoris9

358 1655 633 1755 aliquid
664 1655 959 1728 haberi?
1005 1660 1151 1727 Cur
1185 1660 1321 1727 tria
1349 1654 1619 1755 praedia
1652 1669 1864 1727 tantae
1898 1661 2228 1755 pecuniae
2261 1660 2502 1730 statim

358 1769 693 1864 Capitoni
726 1765 1042 1837 dantur?
1072 1770 1245 1855 Cur,
1283 1790 1446 1864 quae
1477 1767 1756 1864 reliqua
1789 1782 1996 1857 sunt,
2036 1772 2171 1840 iste
2197 1771 2503 1841 Roscius

359 1879 617 1964 omnia¹
638 1901 805 1947 cum
833 1876 1311 1972 Chrysogono
1346 1880 1833 1948 communiter
1861 1876 2500 1976 possidet?Nonne

360 1988 831 2085 perspicuum
862 2000 994 2074 est,
1004 2012 1031 2082 J
1042 1984 1459 2074 udiceS‚has
1488 1985 1869 2057 manubias
1888 1998 1953 2032 ¹⁰
1977 1990 2252 2059 Rosciis
2278 1988 2507 2087 Chry-

360 2120 721 2193 sogonum
741 2150 761 2183 ‚
792 2121 869 2166 re
906 2098 1230 2192 cognita,
1263 2098 1751 2167 concessisse?

454 2210 842 2280 XXXVIII.
894 2209 1113 2279 Venit
1148 2209 1228 2278 in
1262 2205 1800 2305 decemprimis¹
1839 2206 2116 2305 legatus
2150 2209 2229 2277 in
2275 2221 2506 2279 castra

363 2320 643 2415 Capito,
670 2320 924 2388 Totam
952 2320 1173 2387 vitam
1192 2370 1213 2405 ‚
1244 2332 1578 2389 naturam
1599 2370 1618 2406 ,
1651 2316 2037 2415 moresque
2069 2316 2386 2388 hominis
2419 2342 2508 2389 ex

363 2430 519 2527 ipsa
549 2428 906 2527 legatione
941 2430 1375 2526 cognoscite.
1420 2429 1574 2498 Nisi
1614 2428 2143 2514 intellexerim,
2182 2427 2512 2524 judices,-

364 2539 648 2609 nullum
681 2564 835 2609 esse
874 2536 1236 2623 officium,
1266 2538 1550 2608 nullum
1576 2538 1696 2633 jus
1733 2552 1878 2609 tam
1912 2551 2240 2607 sanctum
2285 2552 2505 2632 atque

362 2652 750 2745 integrum,
774 2647 976 2745 quod
1010 2674 1164 2719 non
1198 2650 1355 2744 ejus
1388 2648 1624 2719 scelus
1649 2662 1868 2745 atque
1895 2644 2200 2745 perfidia
2224 2646 2512 2719 violarit

364 2775 436 2830 et
470 2761 921 2830 imminuerit
944 2813 965 2847 ‚
1012 2761 1251 2830 virum
1286 2761 1648 2856 optimum
1692 2782 1845 2828 esse
1878 2782 2048 2827 eum
2078 2754 2501 2852 judicatote.

366 2868 899 2967 Impedimento
932 2882 1075 2957 est,
1119 2892 1269 2964 quo
1311 2871 1560 2937 minus
1599 2865 1691 2938 de
1731 2866 1844 2937 his
1884 2866 2104 2938 rebus
2140 2867 2334 2939 Sulla
2370 2866 2504 2938 do-

368 2996 643 3069 ceatur3
698 2993 1105 3051 ceterorum
1155 2980 1560 3077 legatorum
1607 2980 1907 3050 consilia
1946 2992 2017 3049 et
2053 2978 2503 3050 voluntatem

368 3090 843 3188 Chrysogono
872 3093 1239 3179 enuntiat3
1266 3104 1556 3178 monet,
1588 3104 1673 3161 ut
1707 3088 2116 3191 provideat,'
2147 3116 2241 3161 ne
2269 3091 2506 3188 palam

369 3228 477 3273 res
503 3215 757 3299 agatur
777 3228 797 3289 ;
821 3200 1173 3291 ostendit,
1199 3204 1259 3272 si
1283 3200 1606 3272 sublata²
1635 3204 1728 3272 sit
1751 3199 2078 3273 venditio
2098 3198 2466 3270 bonorum
2483 3252 2506 3283 ‚

372 3310 575 3383 illum
592 3308 621 3354 3
651 3314 1035 3410 pecuniam
1065 3310 1413 3409 grandem
1438 3314 1900 3402 amissurum,
1925 3336 2078 3384 sese
2107 3312 2360 3408 capitis
2381 3333 2505 3407 pe-

370 3520 527 3558 autem
552 3525 647 3574 pro
672 3508 843 3557 indicii
876 3508 1075 3574 pramio
1102 3510 1307 3558 Hotom.
1343 3518 1393 3557 et
1482 3508 1760 3568 dicebatur,
1793 3524 1903 3573 quae
1937 3508 2004 3557 ad
2028 3508 2370 3571 imperatorem
2393 3522 2504 3572 per-

372 3590 556 3638 Ernest.
579 3590 695 3636 Non
722 3590 789 3635 ita
818 3588 958 3637 bene.
1480 3588 1666 3635 tinebat
1689 3605 1701 3635 ε
1745 3587 2079 3636 venustissimo
2126 3584 2342 3635 dictum:
2386 3588 2500 3650 quia

438 3670 484 3716 8.
527 3667 675 3729 Quod
699 3684 878 3731 operte.
921 3666 1071 3730 Quod
1109 3665 1229 3714 utile
1268 3676 1392 3715 esset
1481 3668 1632 3715 duces
1649 3666 1722 3713 illi
1739 3667 1792 3715 in
1819 3666 2031 3713 facinore
2057 3664 2212 3729 suere,
2237 3662 2350 3713 ideo
2372 3680 2502 3730 prae-

368 3746 710 3811 Chrysogono.
1479 3746 1632 3793 mium
1659 3745 1912 3793 manubias
1938 3742 2166 3808 appellnt.

439 3842 491 3887 9.
532 3824 762 3874 Honoris.
792 3825 1009 3888 Praemii,
1045 3827 1392 3875 remuneratio·
1551 3826 1842 3873 xxxvm.
1891 3840 1934 3872 1.
1982 3822 2340 3889 Decemprimis.
2385 3823 2506 3873 Vid.

372 3904 462 3953 nis.
517 3906 597 3955 Sic
648 3906 769 3954 Caes.
817 3904 939 3955 Bell.
985 3908 1080 3953 civ.
1126 3906 1207 3966 11,
1256 3928 1279 3947 u
1298 3906 1393 3953 ho·
1481 3922 1590 3971 sup.
1619 3920 1727 3967 cap.
1757 3919 1808 3966 9.

374 4000 514 4033 nores
537 3984 775 4043 habere»,
795 4000 912 4047 pro,
936 3985 1155 4031 conferre
1179 3984 1393 4048 praemia.
1556 4000 1609 4032 2.
1641 3982 1862 4030 Sublata.
1887 3984 2094 4030 Remota
2117 3992 2164 4031 et
2185 3980 2433 4044 abrogata.

392 4110 401 4121 ,
448 4080 523 4114 10.
552 4064 835 4113 manubias.
864 4064 944 4113 Sic
971 4062 1152 4129 praedae
1194 4080 1307 4129 pars
1341 4080 1397 4113 ca
1560 4066 1614 4117 3,
1638 4062 1804 4114 Illum.
1828 4063 2223 4129 Chrysogonum.
2237 4066 2513 4109 -Acucre.

564 4156 624 4222 Ῑ.
680 4167 773 4215 cic.
792 4182 907 4230 pars
937 4163 1153 4216 secun-ia.
2232 4146 2273 4215 8
