2984 4684
600 415 627 434 =
798 387 1178 456 ORATIO
1227 390 1428 458 PRO
1477 393 1555 475 P,
1603 389 2075 482 QUINTIO.
2232 414 2239 422 ·
2398 385 2486 482 37

259 495 268 500 ⁵
363 515 516 582 Hoc
537 533 678 606 ego
695 563 716 598 ,
741 534 972 607 quum
995 508 1296 582 attendo
1319 535 1466 610 qua
1496 511 1885 610 prudentia
1906 515 2001 582 sit
2024 511 2451 582 Hortensius
2474 564 2494 596 ,

365 621 735 692 dicturum
763 646 920 692 esse
946 649 1114 694 eum
1154 647 1306 692 non
1334 623 1691 712 arbitror3
1739 647 1970 720 quum
2007 635 2253 694 autem
2282 635 2498 691 antea

369 731 628 802 dixisse
655 729 878 816 audio
897 785 916 820 ,
949 747 1022 804 et
1056 756 1344 804 causam
1367 736 1599 831 ipsam
1628 731 2007 804 considero
2026 786 2047 818 ,
2088 729 2269 828 quid
2300 727 2499 800 aliud

369 841 610 914 dicere
646 844 914 940 possit,
952 869 1103 913 non
1137 847 1446 942 reperim,
1473 851 1763 928 Fatetur
1794 846 2028 930 enim,
2065 840 2348 913 libellos
2384 840 2503 911 Al-

369 952 694 1051 phenum
721 953 1065 1050 dejecisse
1082 1008 1103 1043 ,
1139 953 1639 1032 vadimonium
1666 956 2077 1052 promisisse
2095 1006 2116 1041 ,
2137 952 2499 1052 judicium

369 1066 550 1158 quin
583 1066 942 1161 acciperet
975 1067 1052 1134 in
1081 1088 1165 1135 ea
1189 1067 1344 1162 ipsa
1371 1063 1663 1154 verba5,
1701 1089 1862 1161 quae
1890 1066 2177 1136 Naevius
2201 1061 2464 1133 edebat
2483 1117 2503 1149 ,

372 1196 522 1249 non
552 1197 946 1262 recusasse3
977 1177 1076 1248 ita
1105 1189 1346 1258 tamen
1363 1171 1423 1264 ⁶,
1450 1199 1653 1246 more
1681 1189 1755 1246 et
1778 1176 2139 1262 institutO,
2171 1197 2302 1272 per
2336 1197 2504 1244 eum

371 1285 891 1378 magistratum,
914 1287 1045 1381 qui
1068 1285 1312 1356 auxilii
1337 1310 1552 1356 causa
1574 1289 2012 1356 constitutus
2032 1298 2159 1356 est.
2187 1287 2334 1353 Aut
2352 1284 2503 1354 haec

369 1387 556 1462 facta
582 1417 734 1462 non
763 1395 946 1480 sint,
993 1414 1286 1466 necesse
1316 1410 1466 1482 est;
1492 1411 1619 1466 aut
1646 1400 1719 1466 C.
1748 1394 2144 1491 Aquillius,
2176 1394 2335 1465 talis
2361 1395 2506 1478 vir,

369 1502 655 1598 juratus
671 1513 724 1590 7,
748 1500 889 1572 hoc
909 1503 1032 1598 jus
1063 1507 1139 1573 in
1169 1507 1452 1575 civitate
1480 1509 1895 1594 constituat,
1927 1506 2134 1600 cujus
2156 1527 2502 1601 procura-

375 1626 487 1682 tor
534 1637 685 1684 non
735 1608 1124 1692 recusarit⁸
1175 1617 1420 1685 omnia
1452 1614 1726 1710 judicia
1744 1669 1763 1699 ,
1811 1639 1974 1711 quae
2013 1617 2327 1711 quisque
2344 1625 2375 1672 9
2421 1617 2499 1684 in

369 1720 591 1794 verba
621 1722 1038 1820 postulzhit3
1083 1724 1291 1820 eujus
1316 1739 1745 1822 procurator
1776 1749 1817 1794 a
1843 1739 2149 1821 praetore
2172 1721 2508 1794 tribunos

370 1831 731 1931 appellare
757 1857 974 1904 ausus
998 1836 1127 1923 sit,
1161 1860 1332 1905 eum
1363 1857 1517 1904 non
1541 1831 1873 1923 defend13
1912 1835 1973 1930 ej
1984 1859 2069 1904 us
2094 1832 2293 1904 bona
2314 1847 2508 1903 recte

277 2012 287 2022 ,
371 1941 723 2041 possideri
768 1968 1020 2041 posse;
1059 1947 1125 2015 ei
1159 1949 1463 2033 misem,
1492 1943 1775 2016 absenti
1797 1949 2141 2042 ,ignar0,
2172 1947 2419 2015 omnia
2440 1953 2504 1987 ¹⁰

372 2050 832 2123 fortunarum
864 2077 1197 2143 suarum,
1223 2057 1471 2126 omnia
1498 2058 1658 2126 vitae
1683 2070 2108 2130 ornamenta
2137 2078 2270 2182 per
2313 2079 2509 2124 sum-

375 2189 576 2235 mum
592 2161 909 2272 dedecus
933 2179 1004 2235 et
1023 2168 1498 2262 ignominiam
1526 2164 1759 2266 deripi
1778 2177 1834 2209 ¹¹
1862 2168 2272 2237 convenire.
2286 2163 2509 2256 Quod

373 2277 432 2345 si
463 2273 759 2372 probari
789 2277 1061 2358 nemini
1087 2289 1362 2373 potest3
1404 2277 1454 2346 il
1538 2276 1587 2347 d
1620 2291 1813 2348 certe
1838 2276 2129 2374 probari
2160 2275 2507 2347 omnibus

371 2407 668 2456 necesse
683 2397 816 2472 est,
841 2381 1223 2464 defensum
1241 2410 1398 2456 esse
1408 2413 1492 2482 Ju
1547 2390 1687 2458 icio
1706 2385 2080 2458 absentem
2094 2389 2503 2478 Quintium.

369 2491 589 2584 Quod
617 2517 848 2590 quum
871 2496 968 2570 ita
995 2508 1136 2582 est,
1164 2520 1253 2566 ex
1278 2494 1743 2568 edicto-bona
1768 2521 2095 2594 possessa
2122 2521 2275 2567 non
2308 2511 2498 2566 sunt.

370 2607 466 2674 At
494 2604 694 2676 enim
729 2602 1004 2674 tribuni
1034 2602 1269 2702 plebis
1301 2631 1394 2676 ne
1426 2604 1819 2677 audierunt
1853 2605 2174 2702 quidem.
2231 2612 2509 2692 Fateor,

373 2716 433 2785 si
474 2717 576 2784 ita
618 2727 768 2800 est,
809 2729 1354 2810 procuratorem
1387 2713 1681 2788 decreto
1728 2717 2051 2814 praetoris
2082 2717 2509 2812 oportuisse

375 2848 652 2922 parere.
709 2823 941 2914 Quid,
973 2828 1033 2894 si
1068 2829 1164 2896 M.
1208 2830 1555 2896 Brutus¹²
1610 2826 2173 2896 intercessurum
2212 2848 2286 2892 se
2332 2821 2514 2892 dixit

369 2935 639 3034 palam,
665 2935 803 3004 nisi
822 2934 1001 3030 quid
1022 2937 1212 3006 inter
1232 2938 1474 3034 ipsum
1488 2934 1901 3034 Alphenum
1916 2949 1989 3006 et
2001 2936 2325 3006 Naevium
2349 2957 2513 3004 con-

370 3125 493 3158 ver-o
528 3108 772 3171 iudicium
807 3126 896 3173 per
929 3126 1014 3158 eos
1049 3109 1293 3158 declinare
1319 3126 1404 3158 vo-

371 3189 540 3238 luerit.
582 3210 606 3232 e
620 3188 892 3237 Turbnntes
929 3190 1042 3251 jura
1083 3189 1268 3240 tribuni
1282 3212 1308 3233 ι·
1333 3191 1403 3239 ait

373 3270 563 3317 Lumn.
586 3269 637 3326 1,
668 3283 780 3330 177.

451 3349 500 3396 5.
546 3345 728 3394 Verba.
769 3343 1151 3410 concipiebatur
1193 3349 1403 3396 formula

370 3425 550 3487 judicii
575 3425 638 3473 ab
663 3435 856 3486 αιτιοι-ες
893 3426 1197 3490 probabatur
1221 3445 1252 3476 ι
1287 3443 1370 3477 reo
1385 3462 1400 3487 ,

375 3505 456 3554 vel
478 3504 860 3569 improbabatur.

449 3585 500 3632 6.
527 3585 612 3632 Ita
637 3595 818 3632 tamen.
840 3585 1018 3632 Manca
1038 3584 1235 3633 videtur
1258 3583 1404 3648 phra-

373 3665 470 3721 sis,
489 3679 640 3728 quam
663 3663 986 3728 supplendam
1009 3663 1245 3727 proponit
1267 3665 1404 3712 Grae-

377 3742 522 3790 vius:
559 3765 586 3787 c
603 3753 652 3790 at
678 3744 912 3790 recusavit
939 3743 1206 3803 satisdatum
1237 3744 1304 3792 ita
1331 3754 1406 3792 ta-

380 3837 491 3869 men
509 3845 536 3864 a·
550 3857 566 3880 ,
591 3833 646 3870 ut
666 3837 806 3870 more
827 3833 877 3870 et
895 3823 1120 3870 instituto
1137 3823 1405 3887 appellaret

377 3893 494 3949 enin
535 3903 898 3966 mgistratum,
934 3912 1032 3950 ete.
1071 3903 1157 3965 qui
1204 3919 1372 3951 sensus
1388 3935 1404 3962 ,

382 3981 462 4028 vel
505 3981 641 4030 nullo
691 3981 992 4046 interpolato
1046 3981 1228 4038 verbo,
1288 3983 1404 4030 antis

383 4070 535 4122 patet.

458 4153 504 4199 7.
539 4143 755 4188 Iuratus.
779 4141 1076 4190 sacramenti
1095 4137 1194 4190 fide
1219 4143 1283 4192 ad
1303 4142 1409 4191 reli-

1489 3112 1622 3175 giose
1654 3123 1703 3160 et
1734 3123 1899 3160 sancte
1917 3109 2235 3174 judicandum
2252 3107 2512 3172 obligatus.

1561 3193 1613 3240 8.
1646 3191 1779 3239 Olim
1814 3191 2155 3256 «acceperit»,
2196 3200 2367 3237 contra
2394 3205 2508 3236 nen·

1488 3287 1611 3320 sum.
1631 3271 1756 3319 God.
1778 3273 1946 3319 Franc-
1967 3266 2218 3317 recinat-ie.

1561 3365 1611 3411 9.
1632 3350 1753 3412 Qua.-
1772 3341 1987 3413 q‘uisque.
2008 3347 2147 3396 Ordo
2165 3355 2267 3393 est:
2290 3347 2346 3393 In
2370 3345 2516 3394 verbu

1489 3443 1601 3492 quae
1618 3429 1821 3493 quisque
1836 3427 2116 3494 postularit,
2133 3427 2167 3474 i.
2182 3443 2224 3475 e.
2244 3425 2514 3496 seeundum

1491 3509 1753 3556 formulam
1788 3524 1899 3572 qnae
1923 3507 2120 3571 utrique
2154 3505 2315 3555 actori
2344 3516 2393 3554 et
2427 3521 2515 3555 reo

1491 3587 1749 3652 placuerit.

1555 3683 1647 3748 ἕο.
1675 3666 1873 3714 Omnia.
1901 3665 1981 3714 Sic
1999 3661 2208 3716 Hotom.
2226 3667 2343 3716 cod.
2362 3667 2511 3732 Vulg.

1493 3746 1643 3794 abest.

1569 3841 1649 3874 11.
1678 3824 1805 3882 Alii,
1836 3821 2000 3888 diripi.
2024 3823 2077 3872 J.
2094 3827 2157 3873 V.
2180 3825 2237 3874 L.

1570 3919 1651 3954 ια.
1692 3905 1759 3952 Μ.
1792 3905 1982 3952 Brutus.
1997 3902 2241 3952 Tribunus
2264 3905 2445 3969 plebis,
2468 3917 2519 3955 et

1493 3983 1538 4030 is
1572 3984 1704 4046 ipse,
1753 3991 1810 4030 ut
1855 3981 2087 4046 opinatur
2138 3985 2342 4033 Hotom.
2377 4001 2523 4047 quem

1493 4063 1547 4111 in
1608 4061 1853 4126 Cisalpina
1904 4062 2061 4110 Gallia
2122 4063 2212 4112 Cu.
2260 4064 2521 4128 Pompeius

1497 4143 1759 4193 interfecit.
