2984 4684
767 363 877 435 IN
927 365 1360 434 VERREM
1409 365 1621 433 ACT.
1660 365 1775 448 11,
1826 365 2011 432 LIB.
2058 365 2157 432 II.
2380 361 2525 459 459

407 486 524 557 hic
563 491 643 558 C.
675 485 1054 574 Claudius,
1093 501 1247 558 tum
1283 509 1590 583 semper,
1625 500 1781 556 tum
1824 485 1901 555 in
1944 484 2059 556 his
2100 487 2269 584 ipsis
2302 486 2525 557 rebus

408 611 481 668 et
513 595 960 694 temporibus
998 594 1176 667 fuit?
1203 598 1274 666 si
1320 595 1412 668 de
1456 596 1682 668 literis
1732 598 2091 693 corruptis
2126 610 2381 668 contra
2406 622 2529 667 vc·

406 705 600 776 nitu·
623 705 686 776 si
731 719 982 778 contra
1017 707 1220 778 omni
1257 709 1539 779 ratione
1584 708 1973 805 pugnavit?
2012 721 2259 778 utrum
2288 711 2535 806 potius

405 837 544 940 pro
571 811 958 887 Sthenio⁵
939 819 1312 888 mimicum
1333 818 1781 944 cognitorem
1804 839 1960 888 esse
1992 813 2303 902 factum,
2332 843 2427 888 an
2460 835 2533 890 te

406 925 484 994 in
532 924 808 996 Sthenii
845 925 1227 1026 periculo
1209 927 1482 1055 mimici
1520 926 1675 1021 ejus
1716 927 2013 997 nomine
2039 925 2347 998 abusum
2374 953 2531 1000 esse

407 1031 784 1105 credemus
811 1036 842 1105 P

501 1147 750 1216 XLIV.
774 1149 904 1232 Ac,
937 1171 1030 1217 ne
1062 1150 1226 1244 quis
1263 1144 1450 1216 forte
1485 1143 1811 1234 dubitet,
1846 1143 2255 1240 cujusmodi
2296 1158 2535 1216 totum

405 1254 498 1324 sit
537 1257 952 1351 negotium3
997 1258 1275 1327 tametsi
1311 1253 1737 1351 jamdudum
1782 1256 2127 1327 omnibus
2156 1256 2363 1326 istius
2394 1257 2531 1324 im·

405 1363 841 1460 probitatem
887 1369 1341 1464 perspicuam
1385 1391 1540 1438 esse
1586 1363 1877 1437 confido
1898 1419 1918 1454 ‚
1964 1382 2205 1438 tamen
2248 1365 2531 1465 paullu-

405 1473 556 1543 lum
600 1477 814 1572 etiam
857 1474 1224 1548 attendite.
1264 1475 1539 1548 Videtis
1574 1476 1781 1548 illum
1820 1477 2201 1575 subcrispo
2234 1477 2567 1574 capillo,-

402 1583 686 1681 nigrum
707 1639 726 1672 ‚
773 1589 900 1682 qui
937 1609 1028 1657 eo
1061 1586 1271 1657 vultu
1307 1612 1444 1658 nos
1483 1589 1830 1676 intuetur,
1868 1601 1951 1658 ut
1990 1586 2127 1658 sibi
2164 1588 2319 1684 ipse
2364 1609 2529 1684 per-

403 1709 656 1768 acutus
675 1707 696 1740 ¹
737 1719 890 1767 esse
921 1696 1298 1769 videatur?
1341 1699 1470 1798 qui
1500 1695 1779 1770 tabulas
1796 1697 2053 1796 tenet?
2087 1699 2217 1795 qui
2244 1694 2535 1767 scribit?

403 1804 532 1900 qui
563 1809 856 1877 monet?
883 1811 1012 1904 qui
1046 1809 1421 1906 proximus
1449 1809 1607 1880 est?
1640 1812 1710 1879 Is
1738 1824 1847 1880 est
1880 1813 1962 1880 C.
1992 1801 2331 1880 Claudius
2352 1859 2372 1891 ‚
2402 1807 2531 1902 qui

403 1915 480 1983 in
506 1915 740 1986 Sicilia
775 1933 1146 2015 sequester
1183 1920 1388 1991 istius
1407 1971 1428 2004 ‚
1471 1921 1869 2017 interpre5‚
1902 1915 2283 1990 confector
2318 1939 2535 2012 nego·

401 2025 668 2094 tiorum
685 2079 705 2114 ‚
739 2049 970 2125 prope
996 2028 1266 2126 collega
1282 2028 1719 2100 Timarchidi
1746 2025 2302 2100 numerabatur:
2336 2049 2535 2097 nunc

403 2131 686 2205 obtinet
729 2159 906 2207 eum·
935 2137 1174 2209 locum
1199 2193 1219 2226 ‚
1281 2153 1362 2210 ut
1397 2143 1519 2208 vix
1553 2141 1919 2238 Apronio²
1962 2138 2065 2210 illi
2100 2136 2192 2208 de
2232 2135 2532 2208 familia·

361 2335 370 2342 ·
401 2247 607 2314 ritate
641 2245 1034 2318 concedere
1067 2247 1428 2336 videatur3
1457 2245 1569 2320 et³
1601 2251 1728 2346 qui
1765 2274 1841 2320 se
1864 2275 2017 2320 non
2034 2247 2536 2332 Timarchidis‚

403 2351 529 2423 sed
563 2355 788 2452 ipsius
811 2359 1054 2428 Verris
1078 2357 1428 2454 collegam
1463 2373 1537 2428 et
1560 2361 1839 2429 socium
1878 2383 2031 2430 esse
2054 2357 2360 2429 dicebat.
2386 2361 2535 2429 Du·

401 2461 626 2534 bitate
671 2467 880 2536 etiam
903 2520 922 2553 ‚
963 2467 1029 2536 si
1067 2471 1400 2564 potestiS‚
1441 2470 1623 2565 quin
1670 2493 1837 2540 eum
1890 2471 2023 2540 iste
2066 2465 2529 2566 potissimum

399 2597 490 2642 ex
529 2575 727 2645 omni
764 2585 1072 2646 n'umero
1107 2575 1448 2674 delegerit
1473 2631 1493 2666 ‚
1534 2580 1653 2650 cui
1690 2579 1925 2650 hanc⁴
1954 2575 2109 2648 falsi
2143 2577 2533 2672 cognitoris

405 2683 810 2782 improbam
844 2710 1222 2784 personam
1256 2689 1698 2785 imponeret,
1723 2713 1943 2785 quem
1973 2702 2045 2758 et
2081 2687 2255 2758 huic
2296 2682 2535 2754 inimi-

400 2794 804 2883 cissimum,
835 2809 909 2865 et
945 2793 1080 2866 sibi
1129 2799 1440 2867 amicum
1489 2821 1643 2868 esse
1682 2797 2196 2869 arbitraretur?
2239 2799 2371 2866 Hic
2406 2819 2534 2866 vos

401 2897 824 2978 dubitabitis
847 2901 900 2994 ⁵,
935 2903 1238 3000 IudiceS,
1275 2921 1547 2978 tantam
1574 2909 1777 2978 istius
1814 2905 2181 2978 audaciam
2206 2961 2225 2994 ‚
2261 2919 2533 2975 tantam

403 3012 898 3087 crudelitatem
921 3071 939 3104 ‚
979 3031 1247 3088 tantam
1283 3019 1625 3114 injuriam
1669 3013 2537 3111 vindicarei‘cubitabitis

405 3124 816 3224 exemplum
876 3127 1206 3228 judicum
1279 3127 1572 3212 illorum
1646 3133 1893 3228 sequi,
1961 3129 2089 3226 qui
2124 3183 2141 3214 ‚
2198 3125 2541 3196 damnato

479 3371 525 3418 4-
555 3363 734 3411 anu-a
769 3368 926 3416 mit.
963 3371 1014 3417 Si
1053 3373 1336 3420 acerrimum
1371 3391 1420 3421 se
1506 3389 1603 3420 nos
1634 3375 1864 3448 intuens,
1904 3372 2045 3435 quani
2082 3369 2301 3431 abjectos
2340 3379 2390 3416 et
2426 3369 2541 3416 ntul-

401 3445 768 3493 adversarium
749 3463 806 3494 ιιι
833 3447 915 3495 illa
942 3465 1082 3498 causa
1109 3452 1333 3518 prebuit.

477 3525 526 3572 5
549 3529 645 3573 Pro
672 3524 882 3575 Sthenio.
919 3529 989 3575 Ut
1017 3545 1127 3576 oum
1153 3531 1421 3593 adiuvaret.

403 3607 534 3652 -In
552 3603 742 3652 scherzii
747 3605 985 3670 periculo.
998 3609 1056 3654 In
1074 3609 1260 3657 Sthenii
1282 3627 1423 3659 causa

403 3683 614 3749 capitali.
640 3683 802 3732 Multo
828 3683 1054 3734 subtilius
1077 3686 1424 3752 interpretatur

406 3763 592 3811 Ernest.
614 3764 692 3811 cui
711 3763 982 3828 periculum
1000 3765 1129 3813 idem
1147 3765 1197 3814 h.
1217 3768 1253 3816 l.
1281 3780 1422 3816 sontt

404 3841 540 3904 quod
555 3843 878 3891 accusationis
893 3843 1104 3896 libellus.
1125 3861 1210 3893 seu
1230 3847 1422 3895 damna-

403 3921 554 3968 *ionis
579 3923 808 3986 elogium.
855 3925 927 3972 De
963 3941 1104 3972 sensu
1129 3923 1228 3973 boc
1255 3929 1424 3975 confer

407 4000 620 4048 indicem
649 3989 926 4052 verbortim.

478 4081 650 4130 XLIV.
699 4098 741 4130 1.
777 4087 1051 4134 Perae-uem.
1087 4085 1418 4150 contemptim

1510 3461 1624 3508 tos,
1664 3467 1767 3516 prae
1794 3469 1845 3500 se
1876 3454 1963 3516 qni
1997 3451 2121 3499 sibi
2114 3447 2543 3514 ingeniosissimus

1508 3531 1720 3580 videtur.
2322 3539 2331 3548 ·

1584 3625 1633 3658 2.
1672 3611 1908 3674 Apmnio.
1954 3611 2031 3657 De
2068 3612 2166 3656 isto
2206 3607 2359 3656 multa
2403 3607 2532 3670 leges

1510 3691 1651 3738 Vei-r.
1674 3691 1774 3746 111,
1797 3707 1851 3753 9.

1582 3771 1631 3818 3.
1662 3769 1829 3817 Malim
1854 3769 2015 3818 delere
2036 3779 2108 3826 et,
2132 3777 2186 3814 ut
2202 3767 2295 3828 sit,
2330 3787 2357 3806 ιι
2372 3768 2538 3830 Apro-

1514 3849 1600 3895 nio
1620 3848 1713 3896 illi.
1729 3884 1739 3894 .
1756 3850 1865 3912 .qni
1882 3865 1959 3905 se,
1986 3857 2079 3896 etc.
2099 3871 2123 3888 a·
2148 3847 2273 3896 J.V.
2296 3847 2351 3894 1..

1587 3935 1637 3983 4.
1668 3928 1823 3976 Abest
1848 3927 1993 3976 lumc.
2012 3929 2063 3976 J.
2083 3929 2141 3973 V.
2172 3931 2231 3974 L.

1585 4008 1631 4055 5.
1671 4009 1769 4056 Alii
1789 4043 1803 4066 ,

1512 4087 1653 4136 insi-a.

1858 4031 1881 4050 ι·
1901 4007 2140 4056 dubitatis
2160 4029 2213 4066 n,
2264 4016 2318 4053 ut
2360 4003 2531 4069 paullo
