2984 4684
498 382 639 467 284
1174 383 1939 453 ARGUMENTUM.

568 512 792 582 tinuas3
830 510 913 569 ita
957 508 1193 590 quidem
1236 524 1301 569 ut
1340 512 1592 591 primam
1639 509 2004 590 appellarent
2026 550 2046 579 ,
2087 508 2524 569 Divinationem
2589 533 2632 569 n

569 612 644 681 Q.
666 604 990 680 Caecilium,
1020 606 1334 667 secundnm
1370 609 1616 667 actionis
1645 609 1852 687 primae
1877 606 2258 687 prooemium,
2293 621 2404 667 etc.
2425 609 2635 667 Cicero

568 718 759 763 tamen
806 705 931 784 ipse
979 705 1361 765 accusationis
1401 707 1463 765 in
1501 710 1750 766 Verrem
1793 705 2056 785 quinque
2103 703 2290 764 libros
2331 720 2632 779 numerat,

570 806 735 862 Orat.
762 822 889 881 cap.
925 822 1021 880 ²9·
1065 802 1231 862 Idem
1277 802 1498 862 faciunt
1537 804 1636 863 alii
1673 815 1929 876 veteres,
1979 814 2047 862 ut
2090 801 2334 876 Quintil.
2365 806 2488 877 XI,
2538 822 2628 861 ιι.

570 901 643 957 Δ.
664 898 811 959 Gell.
836 903 899 972 1,
928 920 961 973 7
977 922 996 974 3
1025 904 1205 971 XIII,
1238 900 1329 964 13.
1349 904 1522 960 Auct.
1549 900 1686 959 dial.
1716 898 1792 959 de
1819 904 1985 960 Orat.
2013 918 2114 958 no.

646 1096 845 1153 Partes
883 1092 1063 1153 babet
1097 1092 1223 1153 baec
1264 1094 1455 1153 oratio
1490 1096 1788 1151 exordium
1801 1136 1823 1165 ‚
1868 1113 1973 1153 seu
1999 1093 2232 1172 longius
2258 1094 2598 1172 prooemium
2613 1136 2634 1161 ‚

576 1211 746 1263 1-113
766 1193 1211 1268 propositionem
1246 1204 1305 1250 et
1330 1194 1704 1268 partitionem
1741 1192 1805 1249 in
1841 1192 1958 1250 tria
1991 1191 2186 1271 capita
2225 1191 2504 1264 divisam,
2540 1210 2629 1249 η.

569 1291 709 1347 Haec
730 1288 924 1367 capita
946 1288 1173 1367 reliqua
1201 1300 1325 1347 tota
1348 1288 1616 1347 oratione
1649 1300 1991 1357 metantur,
2023 1288 2225 1346 13-61.

646 1388 921 1445 Ceterum
962 1404 1159 1464 operae
1198 1386 1453 1464 pretium
1507 1398 1598 1445 est
1634 1404 1904 1455 monere,
1949 1405 2070 1444 non
2117 1404 2302 1444 unum
2343 1402 2634 1464 quemque

568 1482 813 1542 actionis
866 1482 1137 1543 secundae
1182 1480 1403 1543 librum
1450 1483 1624 1561 justis
1679 1483 1962 1543 orationis
2009 1482 2278 1563 partibus
2329 1496 2630 1558 constare3

568 1600 760 1658 neque
790 1578 849 1639 id
874 1581 1002 1639 fieri
1028 1600 1230 1659 posse,
1258 1601 1443 1659 quum
1462 1582 1728 1642 Verrinae
1749 1583 1864 1641 illae
1887 1583 2148 1662 quinque
2173 1601 2354 1641 unam
2377 1594 2630 1655 tantum,

567 1676 669 1737 sed
724 1677 968 1737 diversis
1021 1678 1313 1758 capitibus
1370 1679 1706 1739 distinctam
1771 1680 2196 1739 accusationem
2253 1680 2632 1751 contineant3

570 1776 939 1854 magnifieum
971 1794 1113 1853 ergo
1138 1796 1207 1835 ac
1230 1790 1583 1856 perpetuum
1621 1797 1770 1855 opus
1807 1791 1924 1850 est,
1951 1777 2114 1855 quod
2143 1776 2277 1835 ideo
2311 1789 2534 1835 tantum
2569 1776 2632 1833 in

568 1884 763 1949 partes
790 1871 1003 1931 dividit
1028 1873 1267 1946 Cicero,
1302 1886 1369 1933 ut
1406 1873 1481 1932 ad
1515 1874 1756 1933 humani
1791 1874 2011 1952 ingenii
2049 1872 2503 1933 imbecillitatem
2531 1891 2634 1930 ac-
2688 1944 2694 1951 .

566 1970 1055 2044 commodaretur,
1086 1990 1193 2029 nee
1224 1970 1427 2029 oculos
1452 1971 1732 2031 immensa
1757 1971 2012 2049 quadam
2041 1972 2192 2029 mole
2221 1982 2486 2029 terreret.

644 2071 715 2125 In
756 2070 992 2125 exordio
1034 2068 1239 2128 Cicero
1274 2070 1630 2128 mentionem
1667 2070 1805 2128 facit
1841 2070 2169 2149 opinionis,
2209 2088 2340 2146 quae
2379 2087 2486 2146 per
2524 2064 2636 2124 bos

568 2161 693 2221 dies
719 2182 986 2222 sermone
1008 2164 1167 2243 vulgi
1191 2164 1658 2244 percrebruerit:
1675 2172 1922 2226 Verrem
1944 2165 2124 2224 altera
2143 2164 2374 2224 actione
2401 2182 2637 2242 respon-

566 2278 767 2318 surum
796 2280 917 2319 non
958 2282 1117 2335 esse,
1158 2282 1349 2341 neque
1386 2262 1461 2322 ad
1485 2262 1778 2342 judicium
1809 2264 2170 2336 affuturum3
2219 2274 2472 2321 attamen
2499 2278 2634 2319 eum

566 2354 715 2415 adeo
741 2357 1137 2435 impudentem
1170 2380 1321 2433 esse,
1356 2373 1421 2419 ut
1449 2373 1664 2439 proesto
1697 2361 1802 2434 sit,
1833 2360 1908 2419 ad
1935 2359 2293 2421 audiendum
2321 2372 2381 2417 et
2401 2376 2636 2438 respon-

568 2452 825 2513 dendum
855 2468 1114 2534 paratus.
1160 2461 1291 2515 Hoc
1325 2457 1534 2516 Cicero
1569 2470 1744 2535 negat
1781 2478 1844 2516 se
1883 2459 2124 2517 moleste
2165 2458 2348 2529 ferre,
2388 2457 2526 2533 quia
2549 2454 2638 2513 sie

570 2551 695 2629 ipse
726 2550 941 2611 laboris
974 2552 1097 2625 sui,
1118 2552 1345 2631 judices
1370 2554 1604 2613 virtutis
1625 2567 1687 2613 et
1713 2555 2038 2614 severitatis
2061 2552 2346 2630 majorem
2373 2552 2636 2611 fructum

571 2648 747 2708 laturi
772 2650 909 2708 sint.
933 2654 1003 2709 Se
1031 2651 1187 2709 enim
1210 2652 1514 2711 necessisse
1533 2651 1606 2710 ad
1623 2651 1905 2711 invidiam
1923 2651 2281 2732 judiciorum
2300 2649 2636 2720 levandam3

568 2745 821 2825 ideoque
844 2766 1009 2807 reum
1036 2748 1510 2807 nocentissimum
1531 2764 1832 2821 accusare,
1857 2749 1962 2827 qui
1987 2749 2036 2808 si
2067 2747 2424 2819 absolvatur,
2458 2766 2634 2805 recu-

572 2844 687 2901 sari
716 2863 837 2901 non
865 2862 1038 2923 posse
1074 2844 1147 2903 de
1182 2844 1417 2922 judiciis
1454 2866 1491 2903 a
1521 2858 1728 2905 senatu
1763 2846 1839 2905 ad
1877 2846 2056 2905 alium
2095 2843 2362 2903 ordinem
2395 2843 2638 2903 transfe-

568 2940 783 3000 rendis.
804 2941 1246 3002 Absolutionem
1264 2962 1407 3003 vero
1428 2943 1554 3023 ejus
1581 2964 1689 3003 nec
1711 2944 1906 3024 ipsum
1927 2962 2164 3022 sperare
2177 2986 2196 3016 ‚
2215 2960 2325 3001 nec
2349 2940 2639 3020 populum

574 3058 877 3097 romanum
918 3054 1212 3115 metuere;
1248 3064 1371 3103 esse
1402 3056 1598 3103 tamen
1629 3044 1732 3122 qui
1775 3041 1851 3101 de
1893 3040 2258 3121 impudentia
2291 3039 2448 3132 ejus,
2475 3038 2636 3117 quod

569 3129 751 3204 adsit,
778 3132 941 3209 quod
967 3134 1349 3210 respondeat,
1374 3137 1680 3196 mirentur.
1704 3140 1834 3196 Hoc
1855 3148 2048 3194 autem
2073 3135 2202 3194 fieri
2217 3178 2234 3207 ,
2264 3131 2422 3211 quod
2451 3132 2638 3189 scele-

570 3250 701 3289 rum
740 3250 979 3290 suorum
1015 3234 1203 3311 poenis
1238 3235 1509 3313 agitetur,
1535 3247 1596 3293 et
1619 3256 1657 3293 a
1683 3248 1878 3293 mente
1905 3232 2270 3311 consilioque
2294 3228 2640 3297 deducatur,

576 3326 705 3385 1-3.
746 3328 975 3387 Etenim
1011 3329 1060 3387 si
1089 3330 1185 3388 vel
1206 3350 1280 3388 ex
1300 3330 1415 3389 hoe
1430 3330 1655 3409 judicio
1687 3329 2148 3410 repetundarum
2175 3328 2507 3397 emerserit,
2525 3327 2640 3385 alin

570 3438 763 3484 tamen
795 3426 851 3485 ei
888 3426 1148 3505 pericula
1186 3427 1556 3507 impendere,
1601 3448 1783 3507 quum
1817 3428 2150 3508 peculatus,
2187 3441 2286 3487 aut
2325 3424 2640 3503 majestatis

570 3536 871 3582 accusatus
899 3524 1110 3595 fuerit,
1144 3534 1204 3595 4,
1248 3526 1302 3584 5.
1344 3530 1497 3585 Tum
1525 3526 1772 3605 exponit
1806 3538 2028 3599 orator,
2056 3524 2199 3605 quid
2231 3522 2424 3583 adhuc
2453 3522 2512 3581 in
2545 3541 2640 3580 ac-

568 3618 827 3679 cusando
841 3623 1027 3680 Verre
1048 3621 1263 3698 egerit,
1285 3622 1427 3699 quid
1454 3643 1489 3680 a
1508 3620 1807 3700 judicibus
1823 3634 2046 3701 speret,
2065 3634 2126 3679 et
2147 3640 2322 3699 quam
2352 3619 2638 3678 rationem

574 3715 885 3776 accusandi
914 3716 977 3774 in
1002 3718 1113 3776 hac
1139 3718 1321 3777 altera
1348 3720 1577 3779 acu'one
1603 3734 1958 3798 sequntur-us
1991 3720 2098 3792 sit,
2129 3718 2307 3776 6-11.

652 3814 857 3872 Totius
881 3826 1073 3874 autem
1106 3835 1294 3874 causae
1308 3818 1678 3892 partitionem
1708 3816 1862 3875 hanc
1883 3815 2052 3889 facit,
2095 3828 2164 3873 ut
2192 3812 2418 3873 omissis
2441 3812 2642 3891 pueri—

579 3911 673 3969 tiae
693 3923 751 3969 et
774 3910 1177 3971 adolescentiae
1205 3914 1406 3973 Verris
1428 3912 1688 3992 flagitiis,
1721 3914 1978 3993 primum
2005 3932 2068 3971 se
2092 3912 2167 3971 de
2195 3912 2318 3990 ejus
2348 3920 2640 3987 questura

576 4006 637 4064 in
660 4008 847 4067 Gallia
864 4050 883 4081 ,
924 4008 1137 4067 deinde
1165 4008 1241 4067 de
1274 4010 1564 4090 legatione
1601 4010 1886 4085 Asiatica,
1921 4023 2044 4069 tum
2071 4008 2146 4067 de
2173 4020 2428 4087 praetura
2454 4004 2642 4063 urba-

576 4123 651 4163 na
668 4146 687 4179 ,
718 4117 1015 4183 postremo
1032 4106 1109 4165 de
1135 4120 1387 4185 praetura
1416 4106 1698 4169 Siciliensi
1725 4121 1995 4169 acturum
2023 4106 2354 4177 denuntiet,
2384 4122 2475 4162 η.
