2984 4684
778 389 892 461 IN
937 388 1367 460 VERREM
1414 388 2508 475 ACT.11‚LIB.1.3==
2619 394 2625 400 ’

322 492 331 514 ’
387 520 487 587 Μ.
520 514 685 587 Piso
704 524 790 584 ¹⁰.
822 516 1159 604 Quaestor
1193 534 1421 639 quum
1470 516 1551 583 L.
1592 512 1912 610 Scipioni
1931 524 1988 559 ¹¹
2025 514 2304 587 consuli
2339 514 2526 587 obti-

386 626 639 721 gisset,
676 648 829 696 non
866 624 1098 722 attigit
1130 626 1559 722 pecuniam,
1591 648 1746 694 non
1789 623 1879 695 ad
1915 629 2314 698 exercitum
2354 651 2529 726 pro-

388 734 623 807 fectus
671 748 835 807 est.
890 734 1093 833 quod
1132 734 1225 807 de
1280 733 1654 834 republica
1692 736 1951 823 sensit,
1993 738 2094 807 ita
2137 738 2398 825 sensit,
2445 753 2530 809 ut

386 870 526 919 nec
560 844 782 917 fidem
819 870 1024 918 suam
1048 858 1137 936 ¹²,
1170 870 1309 919 nec
1340 870 1624 917 morem
1663 846 2061 943 majorum,
2099 871 2236 920 nec
2271 874 2525 923 neces-

388 956 782 1029 situdinem
816 959 1034 1029 sortis
1067 954 1379 1029 laederet.

484 1070 639 1139 XV.
686 1068 1013 1139 Etenim¹
1048 1068 1109 1139 si
1154 1066 1309 1139 haec
1358 1066 1788 1165 perturbare
1835 1068 2118 1156 omnia,
2159 1082 2233 1139 et
2267 1072 2530 1167 permi-

388 1198 589 1247 scere
616 1176 993 1263 volumus;
1028 1190 1259 1249 totam
1294 1178 1519 1249 vitam
1551 1176 2059 1275 periculosam,
2077 1173 2532 1269 invidiosam,

386 1283 871 1385 infestamque
904 1286 1334 1377 reddemus3
1368 1288 1429 1358 si
1456 1286 1735 1358 nullam
1763 1287 2188 1385 religionem
2227 1312 2385 1361 sors
2415 1289 2536 1361 ha-

384 1395 632 1486 bebit,
684 1397 965 1469 nullam
1016 1398 1514 1470 sanctitatem²
1553 1398 1979 1495 conjunctio
2015 1398 2351 1471 s'ecundae
2389 1398 2530 1471 du·

384 1506 673 1605 biaeque
732 1505 1065 1597 formare,
1114 1507 1391 1581 nullam
1441 1510 1947 1581 auctoritatem
2007 1533 2249 1582 mores
2310 1526 2533 1609 atque

380 1620 717 1689 instituta
750 1618 1133 1715 majorum.
1174 1620 1526 1691 Omnium
1569 1634 1679 1691 est
1712 1620 2119 1692 communis
2155 1621 2533 1708 inimicuS,

384 1720 518 1827 qiii
563 1727 702 1801 fuit
737 1731 967 1802 hostis
1000 1754 1321 1830 snorum.
1372 1732 1607 1802 Nemo
1643 1753 1998 1828 umquam
2036 1732 2320 1829 sapiens
2361 1756 2532 1830 pro-

387 1838 607 1913 ditori
636 1838 1082 1912 eredendum
1118 1840 1398 1939 putavit
1425 1837 1481 1910 ³.
1538 1845 1702 1939 Ipse
1735 1841 1932 1912 Sulla
1953 1895 1973 1929 ,
2024 1844 2142 1912 cui
2180 1840 2531 1913 adventus

386 1950 591 2022 istius
623 1953 1067 2049 gratissimus
1102 1976 1257 2023 esse
1289 1949 1551 2023 debuit
1571 2006 1591 2040 ‚
1625 1950 1722 2023 ab
1755 1976 1832 2023 se
1863 1950 2236 2023 hominem
2259 2006 2279 2040 ‚
2308 1964 2532 2049 atque

384 2058 479 2131 ab
515 2063 837 2134 exercitu
876 2078 1015 2133 suo
1056 2066 1364 2136 removit
1402 2090 1418 2133 z
1462 2064 1858 2135 Beneventi
1903 2086 2056 2134 esse
2087 2058 2298 2157 jussit
2334 2060 2532 2161 apud

387 2193 510 2241 eos
530 2224 551 2259 ‚
583 2193 771 2268 quos
798 2172 946 2243 suis
982 2171 1313 2270 partibus
1348 2175 1818 2245 amicissimos
1851 2196 2006 2245 esse
2041 2171 2531 2271 intelligebat3

383 2277 516 2351 ubi
548 2281 683 2351 iste
720 2304 1017 2353 summae
1060 2285 1166 2353 rei
1202 2306 1580 2379 causaeque
1617 2307 1884 2355 nocere
1927 2282 2106 2355 nihil
2143 2297 2411 2382 posset.
2446 2282 2532 2353 Ei

387 2405 643 2488 postea
689 2394 980 2489 praemia
1024 2405 1267 2464 tamen
1302 2392 1698 2464 liberaliter
1731 2392 1991 2465 tribuit
2029 2422 2046 2465 ε
2084 2392 2282 2465 bona
2329 2418 2527 2491 quae-

386 2500 553 2573 dam
587 2504 1167 2602 proscriptorum
1209 2504 1286 2573 in
1330 2526 1504 2599 agro
1555 2508 2068 2575 Beneventano
2119 2502 2530 2602 diripienda

385 2614 739 2686 concessit
758 2640 779 2699 3
800 2612 1055 2685 habuit
1083 2613 1437 2685 honorem
1457 2616 1487 2665 ⁴
1510 2627 1592 2684 ut
1610 2614 1967 2713 proditori
1983 2667 2003 2701 ,
2025 2636 2178 2684 non
2199 2624 2280 2683 ut
2295 2612 2530 2683 amico

385 2721 627 2795 fidem.
677 2726 933 2810 Nunc,
988 2724 1317 2821 quamvis
1368 2726 1513 2795 sint
1563 2723 1934 2812 homines,
1974 2723 2105 2821 qui
2155 2737 2531 2795 mortuum

388 2835 517 2903 Cn.
547 2832 961 2906 Carbonem
992 2832 1318 2921 oderint;
1360 2848 1604 2907 tamen
1641 2832 1718 2903 hi
1753 2832 2062 2922 debent,
2108 2857 2262 2905 non
2283 2888 2304 2922 ‚
2353 2832 2533 2930 quid

387 3105 557 3163 sectus,
573 3103 849 3170 improbior
866 3121 1012 3154 nemo
1027 3140 1041 3167 ,
1066 3121 1177 3153 meo
1200 3104 1415 3168 jndicio,
1505 3114 1769 3169 praetorem
1797 3098 2032 3169 quoeetori
2063 3118 2154 3151 eno
2179 3103 2399 3169 parentis
2431 3116 2536 3151 ente

386 3182 483 3232 snit
498 3204 541 3233 ιο.
1503 3182 1618 3232 loco
1672 3183 1950 3232 voluerunt.
1991 3208 2061 3221 --
2101 3180 2536 3233 Necessieudinem.

465 3278 544 3311 xo.
565 3262 636 3311 Μ.
654 3260 787 3311 Piso.
804 3262 977 3329 Fmgi:
998 3262 1152 3312 bomo
1168 3260 1415 3310 nobiliaci·
1503 3262 1678 3325 Qualis
1700 3273 1775 3311 est
1801 3261 2018 3329 parentis
2040 3276 2152 3309 cnm
2176 3258 2299 3310 filio.

387 3358 523 3403 mne,
548 3341 977 3391 innocentiseimue
999 3352 1047 3390 et
1073 3340 1417 3407 eloquentissi-
1581 3342 1696 3391 XV.
1730 3357 1776 3393 x.
1801 3340 2017 3390 Etenim.
2042 3338 2182 3388 Ordo
2217 3351 2306 3389 est.
2342 3338 2537 3387 Etenim

388 3438 499 3470 mus
516 3455 533 3479 ‚
584 3430 640 3468 nt
684 3436 797 3468 enm
845 3420 1058 3485 appellat
1102 3422 1277 3473 Cicero
1314 3435 1415 3486 .pro
1507 3421 1549 3469 si
1575 3420 2065 3487 hec-..permiscere
2082 3418 2340 3477 volumm3
2361 3417 2404 3465 ti
2425 3417 2538 3465 nul·

388 3500 557 3550 Plane.
580 3498 627 3549 3.
646 3497 768 3548 vid.
788 3499 899 3548 lnd.
918 3500 1110 3549 Hister.
1503 3500 1601 3549 lam
1619 3500 1923 3565 religionem,
1943 3510 2042 3548 eto.
2065 3508 2220 3547 totam
2237 3500 2388 3545 vitam
2413 3496 2538 3545 infe-

467 3596 547 3631 ιι.
578 3582 635 3629 L.
667 3577 903 3643 Scipioni.
935 3578 1038 3642 Qui
1076 3578 1250 3626 consul
1284 3594 1415 3629 anno
1503 3579 1992 3629 eumn-reddemus.

388 3662 495 3723 670
540 3658 773 3707 adversus
819 3656 1001 3705 Sullam
1047 3658 1317 3722 profectus,
1354 3658 1416 3705 ab
1581 3675 1631 3709 α.
1681 3658 1849 3723 ‘Vulgo
1900 3658 2196 3707 societatem.
2246 3656 2541 3720 Recepimus

390 3742 606 3789 exercitu
631 3754 723 3787 sno
752 3736 970 3785 desertus
996 3754 1051 3785 ae
1074 3736 1300 3801 proditus
1320 3747 1418 3795 ατς
1509 3736 1898 3787 emendationem
1915 3739 1963 3787 J.
1985 3740 2038 3785 F.
2058 3736 2315 3785 Gronovii.
2336 3736 2464 3786 LV.
2481 3737 2539 3783 1..

386 3818 655 3869 inviolatus
681 3832 799 3865 vero
817 3833 845 3866 a
870 3816 1002 3866 Sulla
1022 3816 1269 3875 dimissus,
1292 3818 1421 3865 Maa-
1585 3817 1634 3867 3.
1648 3816 1861 3867 Putavit.
1881 3820 2021 3867 Hanc
2039 3818 2093 3863 in
2109 3816 2397 3864 sententiam
2415 3830 2541 3880 prae-

392 3898 552 3947 silinm
575 3898 695 3947 abiit
722 3897 776 3945 in
811 3896 1056 3945 exsilium.
1078 3896 1206 3945 vell.
1236 3897 1419 3944 Patere.
1511 3897 1772 3946 clarissime
1823 3910 1930 3944 non
1969 3896 2119 3944 semel
2162 3894 2540 3951 Demosthenen,

398 3978 475 4039 11,
497 3978 581 4027 25.
1512 3994 1658 4042 quem
1685 3975 1767 4025 ndi
1793 3974 1855 4025 de
1882 3976 2068 4025 Coron-
2091 3975 2292 4040 panim.

473 4071 557 4104 ια.
571 4056 739 4105 Fidem
756 4072 916 4105 suam.
939 4056 1101 4117 Quam
1123 4071 1215 4103 nee
1233 4056 1423 4103 consuli
1587 4062 1640 4110 4.
1686 4055 1945 4105 Honorem.
1987 4052 2266 4105 Mercedem
2313 4067 2370 4100 ιο
2419 4065 2544 4115 proe·

400 4149 495 4182 sno
534 4135 685 4187 dedit.
709 4164 780 4175 -
806 4137 997 4185 Morem
1034 4135 1293 4201 majorum.
1325 4136 1425 4199 Qui
1514 4134 1688 4184 minm-
