<?xml version="1.0" encoding="UTF-8"?>
<!DOCTYPE html PUBLIC "-//W3C//DTD XHTML 1.0 Transitional//EN"
    "http://www.w3.org/TR/xhtml1/DTD/xhtml1-transitional.dtd">
<html xmlns="http://www.w3.org/1999/xhtml" xml:lang="en" lang="en">
 <head>
  <title>
</title>
<meta http-equiv="Content-Type" content="text/html;charset=utf-8" />
  <meta name='ocr-system' content='tesseract 3.04.00' />
  <meta name='ocr-capabilities' content='ocr_page ocr_carea ocr_par ocr_line ocrx_word'/>
</head>
<body>
  <div class='ocr_page' id='page_1' title='image "./mtciceronisquae03lemagoog_0527.png"; bbox 0 0 2984 4684; ppageno 0'>
   <div class='ocr_carea' id='block_1_1' title="bbox 765 283 2522 450">
    <p class='ocr_par' dir='ltr' id='par_1_1' title="bbox 765 283 2522 450">
     <span class='ocr_line' id='line_1_1' title="bbox 765 283 2522 450; baseline 0.007 -41"><span class='ocrx_word' id='word_1_1' title='bbox 765 339 872 412; x_wconf 80' lang='lat' dir='ltr'><strong>IN</strong></span> <span class='ocrx_word' id='word_1_2' title='bbox 922 313 1347 438; x_wconf 66' lang='lat' dir='ltr'>VERREM</span> <span class='ocrx_word' id='word_1_3' title='bbox 1397 346 1615 417; x_wconf 70' lang='lat' dir='ltr'><strong>Ac‘r.</strong></span> <span class='ocrx_word' id='word_1_4' title='bbox 1668 349 1775 433; x_wconf 89' lang='lat'><strong>11,</strong></span> <span class='ocrx_word' id='word_1_5' title='bbox 1826 350 2011 420; x_wconf 76' lang='lat' dir='ltr'><strong>Lm.</strong></span> <span class='ocrx_word' id='word_1_6' title='bbox 2064 283 2183 421; x_wconf 71' lang='lat'><strong>11.⁸</strong></span> <span class='ocrx_word' id='word_1_7' title='bbox 2384 326 2522 450; x_wconf 76' lang='lat'><strong>‘487</strong></span> 
     </span>
    </p>
   </div>
   <div class='ocr_carea' id='block_1_2' title="bbox 400 461 2527 1012">
    <p class='ocr_par' dir='ltr' id='par_1_2' title="bbox 400 461 2527 1012">
     <span class='ocr_line' id='line_1_2' title="bbox 405 461 2525 567; baseline 0.006 -36"><span class='ocrx_word' id='word_1_8' title='bbox 405 485 568 558; x_wconf 83' lang='lat' dir='ltr'><strong>quae</strong></span> <span class='ocrx_word' id='word_1_9' title='bbox 631 461 770 534; x_wconf 90' lang='lat' dir='ltr'><strong>hoc</strong></span> <span class='ocrx_word' id='word_1_10' title='bbox 823 462 1318 542; x_wconf 82' lang='lat' dir='ltr'><strong>demonstrare</strong></span> <span class='ocrx_word' id='word_1_11' title='bbox 1372 467 1726 555; x_wconf 77' lang='lat' dir='ltr'><strong>videntur,</strong></span> <span class='ocrx_word' id='word_1_12' title='bbox 1774 469 2306 567; x_wconf 85' lang='lat' dir='ltr'>propemodum</span> <span class='ocrx_word' id='word_1_13' title='bbox 2373 497 2525 544; x_wconf 85' lang='lat' dir='ltr'><strong>non</strong></span> 
     </span>
     <span class='ocr_line' id='line_1_3' title="bbox 401 573 2523 678; baseline 0.005 -36"><span class='ocrx_word' id='word_1_14' title='bbox 401 576 642 644; x_wconf 86' lang='lat' dir='ltr'><strong>minus</strong></span> <span class='ocrx_word' id='word_1_15' title='bbox 677 573 936 646; x_wconf 87' lang='lat' dir='ltr'><strong>multas</strong></span> <span class='ocrx_word' id='word_1_16' title='bbox 968 589 1234 647; x_wconf 86' lang='lat' dir='ltr'><strong>statuas</strong></span> <span class='ocrx_word' id='word_1_17' title='bbox 1265 578 1482 650; x_wconf 83' lang='lat' dir='ltr'><strong>istum</strong></span> <span class='ocrx_word' id='word_1_18' title='bbox 1521 580 1845 676; x_wconf 86' lang='lat' dir='ltr'>posuisse</span> <span class='ocrx_word' id='word_1_19' title='bbox 1880 581 2237 676; x_wconf 84' lang='lat' dir='ltr'><strong>Syracusis</strong></span> <span class='ocrx_word' id='word_1_20' title='bbox 2257 634 2279 669; x_wconf 89' lang='lat'>‚</span> <span class='ocrx_word' id='word_1_21' title='bbox 2305 605 2523 678; x_wconf 86' lang='lat' dir='ltr'><strong>quam</strong></span> 
     </span>
     <span class='ocr_line' id='line_1_4' title="bbox 405 682 2527 765; baseline 0.005 -10"><span class='ocrx_word' id='word_1_22' title='bbox 405 682 804 756; x_wconf 83' lang='lat' dir='ltr'><strong>abstulisse.</strong></span> <span class='ocrx_word' id='word_1_23' title='bbox 853 688 1039 757; x_wconf 89' lang='lat' dir='ltr'><strong>Huic</strong></span> <span class='ocrx_word' id='word_1_24' title='bbox 1071 691 1289 759; x_wconf 85' lang='lat' dir='ltr'><strong>etiam</strong></span> <span class='ocrx_word' id='word_1_25' title='bbox 1326 693 1571 761; x_wconf 85' lang='lat' dir='ltr'><strong>Romae</strong></span> <span class='ocrx_word' id='word_1_26' title='bbox 1608 689 1937 762; x_wconf 85' lang='lat' dir='ltr'><strong>videmus</strong></span> <span class='ocrx_word' id='word_1_27' title='bbox 1970 693 2048 761; x_wconf 89' lang='lat' dir='ltr'><strong>in</strong></span> <span class='ocrx_word' id='word_1_28' title='bbox 2080 691 2235 763; x_wconf 87' lang='lat' dir='ltr'><strong>basi</strong></span> <span class='ocrx_word' id='word_1_29' title='bbox 2266 707 2527 765; x_wconf 87' lang='lat' dir='ltr'><strong>statua·</strong></span> 
     </span>
     <span class='ocr_line' id='line_1_5' title="bbox 401 796 2523 888; baseline 0.005 -22"><span class='ocrx_word' id='word_1_30' title='bbox 401 819 588 882; x_wconf 85' lang='lat' dir='ltr'><strong>rum,</strong></span> <span class='ocrx_word' id='word_1_31' title='bbox 611 798 938 868; x_wconf 86' lang='lat' dir='ltr'><strong>maximis</strong></span> <span class='ocrx_word' id='word_1_32' title='bbox 961 796 1184 870; x_wconf 87' lang='lat' dir='ltr'><strong>literis</strong></span> <span class='ocrx_word' id='word_1_33' title='bbox 1209 800 1541 888; x_wconf 89' lang='lat' dir='ltr'><strong>incisum,</strong></span> <span class='ocrx_word' id='word_1_34' title='bbox 1558 827 1605 872; x_wconf 71' lang='lat' dir='ltr'>A</span> <span class='ocrx_word' id='word_1_35' title='bbox 1623 823 1967 873; x_wconf 69' lang='lat' dir='ltr'><strong>commum</strong></span> <span class='ocrx_word' id='word_1_36' title='bbox 1996 805 2275 875; x_wconf 74' lang='lat' dir='ltr'><strong>SlclLIAE</strong></span> <span class='ocrx_word' id='word_1_37' title='bbox 2300 803 2523 878; x_wconf 83' lang='lat' dir='ltr'><strong>datas.</strong></span> 
     </span>
     <span class='ocr_line' id='line_1_6' title="bbox 400 905 2525 1012; baseline 0.006 -37"><span class='ocrx_word' id='word_1_38' title='bbox 400 905 940 994; x_wconf 80' lang='lat' dir='ltr'><strong>Quamobrem?</strong></span> <span class='ocrx_word' id='word_1_39' title='bbox 966 911 1092 1006; x_wconf 88' lang='lat' dir='ltr'><strong>qui</strong></span> <span class='ocrx_word' id='word_1_40' title='bbox 1114 908 1258 982; x_wconf 90' lang='lat' dir='ltr'><strong>hoc</strong></span> <span class='ocrx_word' id='word_1_41' title='bbox 1288 909 1583 1008; x_wconf 87' lang='lat' dir='ltr'><strong>probari</strong></span> <span class='ocrx_word' id='word_1_42' title='bbox 1608 926 1851 1012; x_wconf 87' lang='lat' dir='ltr'><strong>potest</strong></span> <span class='ocrx_word' id='word_1_43' title='bbox 1879 914 2256 1012; x_wconf 83' lang='lat' dir='ltr'><strong>cuiquam,</strong></span> <span class='ocrx_word' id='word_1_44' title='bbox 2288 929 2525 988; x_wconf 88' lang='lat' dir='ltr'><strong>tantos</strong></span> 
     </span>
    </p>
   </div>
   <div class='ocr_carea' id='block_1_3' title="bbox 193 1013 1685 1092">
    <p class='ocr_par' dir='ltr' id='par_1_3' title="bbox 193 1013 1685 1092">
     <span class='ocr_line' id='line_1_7' title="bbox 193 1013 1685 1092; baseline 0.005 -8"><span class='ocrx_word' id='word_1_45' title='bbox 193 1038 200 1054; x_wconf 73' lang='lat'>¹</span> <span class='ocrx_word' id='word_1_46' title='bbox 295 1063 299 1066; x_wconf 92' lang='lat'><em>-</em></span> <span class='ocrx_word' id='word_1_47' title='bbox 398 1013 718 1088; x_wconf 82' lang='lat' dir='ltr'><strong>honores</strong></span> <span class='ocrx_word' id='word_1_48' title='bbox 751 1017 1036 1090; x_wconf 89' lang='lat' dir='ltr'><strong>habitos</strong></span> <span class='ocrx_word' id='word_1_49' title='bbox 1072 1043 1226 1092; x_wconf 89' lang='lat' dir='ltr'><strong>esse</strong></span> <span class='ocrx_word' id='word_1_50' title='bbox 1263 1019 1356 1091; x_wconf 87' lang='lat' dir='ltr'><strong>ab</strong></span> <span class='ocrx_word' id='word_1_51' title='bbox 1397 1022 1685 1092; x_wconf 81' lang='lat' dir='ltr'><strong>invitis?</strong></span> 
     </span>
    </p>
   </div>
   <div class='ocr_carea' id='block_1_4' title="bbox 395 1126 2585 3104">
    <p class='ocr_par' dir='ltr' id='par_1_4' title="bbox 395 1126 2585 3104">
     <span class='ocr_line' id='line_1_8' title="bbox 493 1126 2523 1229; baseline 0.005 -33"><span class='ocrx_word' id='word_1_52' title='bbox 493 1129 741 1198; x_wconf 89' lang='lat' dir='ltr'><strong>LXIV.</strong></span> <span class='ocrx_word' id='word_1_53' title='bbox 777 1129 910 1198; x_wconf 87' lang='lat' dir='ltr'><strong>Hic</strong></span> <span class='ocrx_word' id='word_1_54' title='bbox 944 1126 1078 1200; x_wconf 91' lang='lat' dir='ltr'><strong>tibi</strong></span> <span class='ocrx_word' id='word_1_55' title='bbox 1113 1134 1329 1200; x_wconf 88' lang='lat' dir='ltr'><strong>etiam</strong></span> <span class='ocrx_word' id='word_1_56' title='bbox 1369 1131 1602 1202; x_wconf 87' lang='lat' dir='ltr'><strong>multo</strong></span> <span class='ocrx_word' id='word_1_57' title='bbox 1640 1132 1902 1228; x_wconf 84' lang='lat' dir='ltr'><strong>magis,</strong></span> <span class='ocrx_word' id='word_1_58' title='bbox 1941 1157 2159 1229; x_wconf 87' lang='lat' dir='ltr'><strong>quam</strong></span> <span class='ocrx_word' id='word_1_59' title='bbox 2202 1145 2407 1206; x_wconf 84' lang='lat' dir='ltr'><strong>ante¹</strong></span> <span class='ocrx_word' id='word_1_60' title='bbox 2444 1139 2523 1217; x_wconf 80' lang='lat' dir='ltr'><strong>iu</strong></span> 
     </span>
     <span class='ocr_line' id='line_1_9' title="bbox 396 1234 2526 1343; baseline 0.006 -38"><span class='ocrx_word' id='word_1_61' title='bbox 396 1234 806 1308; x_wconf 80' lang='lat' dir='ltr'><strong>aratoribus</strong></span> <span class='ocrx_word' id='word_1_62' title='bbox 823 1290 842 1324; x_wconf 94' lang='lat'><strong>,</strong></span> <span class='ocrx_word' id='word_1_63' title='bbox 873 1236 1265 1310; x_wconf 87' lang='lat' dir='ltr'><strong>videndum</strong></span> <span class='ocrx_word' id='word_1_64' title='bbox 1293 1255 1366 1311; x_wconf 91' lang='lat' dir='ltr'><strong>et</strong></span> <span class='ocrx_word' id='word_1_65' title='bbox 1395 1240 1994 1312; x_wconf 72' lang='lat' dir='ltr'><strong>considerandum</strong></span> <span class='ocrx_word' id='word_1_66' title='bbox 2027 1258 2133 1315; x_wconf 92' lang='lat' dir='ltr'><strong>est</strong></span> <span class='ocrx_word' id='word_1_67' title='bbox 2156 1297 2175 1331; x_wconf 93' lang='lat'><strong>,</strong></span> <span class='ocrx_word' id='word_1_68' title='bbox 2202 1245 2381 1343; x_wconf 89' lang='lat' dir='ltr'><strong>quid</strong></span> <span class='ocrx_word' id='word_1_69' title='bbox 2412 1271 2526 1317; x_wconf 81' lang='lat' dir='ltr'><strong>ve-</strong></span> 
     </span>
     <span class='ocr_line' id='line_1_10' title="bbox 399 1343 2519 1452; baseline 0.005 -37"><span class='ocrx_word' id='word_1_70' title='bbox 399 1343 486 1416; x_wconf 84' lang='lat' dir='ltr'><strong>lis</strong></span> <span class='ocrx_word' id='word_1_71' title='bbox 516 1365 828 1444; x_wconf 81' lang='lat' dir='ltr'><strong>:·magna</strong></span> <span class='ocrx_word' id='word_1_72' title='bbox 851 1371 968 1420; x_wconf 85' lang='lat' dir='ltr'><strong>res</strong></span> <span class='ocrx_word' id='word_1_73' title='bbox 996 1363 1120 1420; x_wconf 88' lang='lat' dir='ltr'><strong>est.</strong></span> <span class='ocrx_word' id='word_1_74' title='bbox 1173 1351 1434 1422; x_wconf 84' lang='lat' dir='ltr'><strong>Utrum</strong></span> <span class='ocrx_word' id='word_1_75' title='bbox 1466 1349 1599 1421; x_wconf 89' lang='lat' dir='ltr'><strong>tibi</strong></span> <span class='ocrx_word' id='word_1_76' title='bbox 1635 1350 1914 1436; x_wconf 87' lang='lat' dir='ltr'><strong>Siculos</strong></span> <span class='ocrx_word' id='word_1_77' title='bbox 1954 1351 2248 1449; x_wconf 89' lang='lat' dir='ltr'><strong>publice</strong></span> <span class='ocrx_word' id='word_1_78' title='bbox 2286 1360 2519 1452; x_wconf 72' lang='lat' dir='ltr'><strong>priva-</strong></span> 
     </span>
     <span class='ocr_line' id='line_1_11' title="bbox 397 1457 2520 1553; baseline 0.003 -26"><span class='ocrx_word' id='word_1_79' title='bbox 397 1457 674 1553; x_wconf 88' lang='lat' dir='ltr'><strong>timque</strong></span> <span class='ocrx_word' id='word_1_80' title='bbox 700 1458 998 1546; x_wconf 80' lang='lat' dir='ltr'><strong>amicOS,</strong></span> <span class='ocrx_word' id='word_1_81' title='bbox 1015 1483 1108 1530; x_wconf 87' lang='lat' dir='ltr'><strong>an</strong></span> <span class='ocrx_word' id='word_1_82' title='bbox 1128 1459 1456 1531; x_wconf 90' lang='lat' dir='ltr'><strong>inimicos</strong></span> <span class='ocrx_word' id='word_1_83' title='bbox 1489 1460 1876 1531; x_wconf 80' lang='lat' dir='ltr'><strong>existimari</strong></span> <span class='ocrx_word' id='word_1_84' title='bbox 1906 1460 2057 1531; x_wconf 80' lang='lat' dir='ltr'><strong>vis?</strong></span> <span class='ocrx_word' id='word_1_85' title='bbox 2080 1461 2139 1532; x_wconf 88' lang='lat' dir='ltr'><strong>si</strong></span> <span class='ocrx_word' id='word_1_86' title='bbox 2166 1461 2520 1552; x_wconf 83' lang='lat' dir='ltr'><strong>inimicos,</strong></span> 
     </span>
     <span class='ocr_line' id='line_1_12' title="bbox 395 1566 2525 1670; baseline 0.004 -33"><span class='ocrx_word' id='word_1_87' title='bbox 395 1567 578 1664; x_wconf 88' lang='lat' dir='ltr'><strong>quid</strong></span> <span class='ocrx_word' id='word_1_88' title='bbox 603 1581 674 1638; x_wconf 89' lang='lat' dir='ltr'><strong>te</strong></span> <span class='ocrx_word' id='word_1_89' title='bbox 689 1578 719 1610; x_wconf 79' lang='lat'>²</span> <span class='ocrx_word' id='word_1_90' title='bbox 744 1566 1072 1640; x_wconf 88' lang='lat' dir='ltr'><strong>futurum</strong></span> <span class='ocrx_word' id='word_1_91' title='bbox 1089 1572 1238 1670; x_wconf 88' lang='lat' dir='ltr'><strong>est?</strong></span> <span class='ocrx_word' id='word_1_92' title='bbox 1261 1593 1411 1666; x_wconf 91' lang='lat' dir='ltr'><strong>quo</strong></span> <span class='ocrx_word' id='word_1_93' title='bbox 1433 1569 1849 1667; x_wconf 81' lang='lat' dir='ltr'><strong>confugies?</strong></span> <span class='ocrx_word' id='word_1_94' title='bbox 1870 1569 1998 1642; x_wconf 90' lang='lat' dir='ltr'><strong>ubi</strong></span> <span class='ocrx_word' id='word_1_95' title='bbox 2017 1572 2525 1646; x_wconf 83' lang='lat' dir='ltr'><strong>nitere?Modo</strong></span> 
     </span>
     <span class='ocr_line' id='line_1_13' title="bbox 397 1675 2585 1780; baseline 0.004 -34"><span class='ocrx_word' id='word_1_96' title='bbox 397 1691 764 1748; x_wconf 89' lang='lat' dir='ltr'><strong>aratorum</strong></span> <span class='ocrx_word' id='word_1_97' title='bbox 801 1677 1472 1752; x_wconf 87' lang='lat' dir='ltr'><strong>honestissimorum</strong></span> <span class='ocrx_word' id='word_1_98' title='bbox 1509 1681 1889 1752; x_wconf 88' lang='lat' dir='ltr'><strong>hominum</strong></span> <span class='ocrx_word' id='word_1_99' title='bbox 1921 1704 2005 1752; x_wconf 90' lang='lat' dir='ltr'><strong>ac</strong></span> <span class='ocrx_word' id='word_1_100' title='bbox 2044 1682 2519 1780; x_wconf 82' lang='lat' dir='ltr'><strong>locupletissi-</strong></span> <span class='ocrx_word' id='word_1_101' title='bbox 2580 1675 2585 1682; x_wconf 68' lang='grc'><strong>’</strong></span> 
     </span>
     <span class='ocr_line' id='line_1_14' title="bbox 399 1779 2520 1890; baseline 0.003 -32"><span class='ocrx_word' id='word_1_102' title='bbox 399 1812 685 1859; x_wconf 89' lang='lat' dir='ltr'><strong>morum</strong></span> <span class='ocrx_word' id='word_1_103' title='bbox 707 1843 729 1878; x_wconf 90' lang='lat'>‚</span> <span class='ocrx_word' id='word_1_104' title='bbox 782 1803 856 1861; x_wconf 92' lang='lat' dir='ltr'><strong>et</strong></span> <span class='ocrx_word' id='word_1_105' title='bbox 889 1791 1324 1877; x_wconf 88' lang='lat' dir='ltr'><strong>Siculorum,</strong></span> <span class='ocrx_word' id='word_1_106' title='bbox 1377 1805 1450 1862; x_wconf 89' lang='lat' dir='ltr'><strong>et</strong></span> <span class='ocrx_word' id='word_1_107' title='bbox 1484 1793 1750 1863; x_wconf 87' lang='lat' dir='ltr'><strong>civium</strong></span> <span class='ocrx_word' id='word_1_108' title='bbox 1786 1779 2253 1890; x_wconf 82' lang='lat' dir='ltr'><strong>romanorum</strong></span> <span class='ocrx_word' id='word_1_109' title='bbox 2292 1796 2520 1864; x_wconf 80' lang='lat' dir='ltr'><strong>maxi-</strong></span> 
     </span>
     <span class='ocr_line' id='line_1_15' title="bbox 401 1895 2522 1976; baseline 0.003 -8"><span class='ocrx_word' id='word_1_110' title='bbox 401 1895 648 1972; x_wconf 76' lang='lat' dir='ltr'><strong>mum-²¹</strong></span> <span class='ocrx_word' id='word_1_111' title='bbox 694 1925 1082 1974; x_wconf 88' lang='lat' dir='ltr'><strong>numerum</strong></span> <span class='ocrx_word' id='word_1_112' title='bbox 1123 1900 1251 1973; x_wconf 90' lang='lat' dir='ltr'><strong>abs</strong></span> <span class='ocrx_word' id='word_1_113' title='bbox 1287 1916 1358 1973; x_wconf 89' lang='lat' dir='ltr'><strong>te</strong></span> <span class='ocrx_word' id='word_1_114' title='bbox 1407 1901 1824 1974; x_wconf 82' lang='lat' dir='ltr'><strong>abalienasti</strong></span> <span class='ocrx_word' id='word_1_115' title='bbox 1863 1931 1879 1973; x_wconf 73' lang='grc' dir='ltr'><strong>ι</strong></span> <span class='ocrx_word' id='word_1_116' title='bbox 1925 1926 2122 1975; x_wconf 89' lang='lat' dir='ltr'><strong>nunc</strong></span> <span class='ocrx_word' id='word_1_117' title='bbox 2157 1902 2249 1975; x_wconf 91' lang='lat' dir='ltr'><strong>de</strong></span> <span class='ocrx_word' id='word_1_118' title='bbox 2284 1903 2522 1976; x_wconf 86' lang='lat' dir='ltr'><strong>siculis</strong></span> 
     </span>
     <span class='ocr_line' id='line_1_16' title="bbox 397 2008 2529 2109; baseline 0.002 -31"><span class='ocrx_word' id='word_1_119' title='bbox 397 2008 806 2082; x_wconf 82' lang='lat' dir='ltr'><strong>civitatibus</strong></span> <span class='ocrx_word' id='word_1_120' title='bbox 835 2011 1013 2108; x_wconf 90' lang='lat' dir='ltr'><strong>quid</strong></span> <span class='ocrx_word' id='word_1_121' title='bbox 1034 2013 1248 2109; x_wconf 82' lang='lat' dir='ltr'><strong>ages?</strong></span> <span class='ocrx_word' id='word_1_122' title='bbox 1273 2011 1484 2084; x_wconf 85' lang='lat' dir='ltr'><strong>Dices</strong></span> <span class='ocrx_word' id='word_1_123' title='bbox 1506 2069 1527 2102; x_wconf 97' lang='lat'><strong>,</strong></span> <span class='ocrx_word' id='word_1_124' title='bbox 1574 2011 1700 2083; x_wconf 87' lang='lat' dir='ltr'><strong>tibi</strong></span> <span class='ocrx_word' id='word_1_125' title='bbox 1730 2013 2189 2085; x_wconf 82' lang='lat' dir='ltr'><strong>Siculos-esse</strong></span> <span class='ocrx_word' id='word_1_126' title='bbox 2218 2014 2529 2086; x_wconf 80' lang='lat' dir='ltr'><strong>amicos?</strong></span> 
     </span>
     <span class='ocr_line' id='line_1_17' title="bbox 399 2120 2525 2220; baseline 0.003 -31"><span class='ocrx_word' id='word_1_127' title='bbox 399 2120 527 2216; x_wconf 90' lang='lat' dir='ltr'><strong>qui</strong></span> <span class='ocrx_word' id='word_1_128' title='bbox 569 2123 890 2218; x_wconf 76' lang='lat' dir='ltr'><strong>poteris?</strong></span> <span class='ocrx_word' id='word_1_129' title='bbox 924 2125 1094 2219; x_wconf 89' lang='lat' dir='ltr'><strong>qui,</strong></span> <span class='ocrx_word' id='word_1_130' title='bbox 1139 2122 1341 2220; x_wconf 91' lang='lat' dir='ltr'><strong>quod</strong></span> <span class='ocrx_word' id='word_1_131' title='bbox 1375 2122 1579 2195; x_wconf 87' lang='lat' dir='ltr'><strong>nullo</strong></span> <span class='ocrx_word' id='word_1_132' title='bbox 1626 2124 1702 2194; x_wconf 90' lang='lat' dir='ltr'><strong>in</strong></span> <span class='ocrx_word' id='word_1_133' title='bbox 1744 2123 2042 2196; x_wconf 89' lang='lat' dir='ltr'><strong>homine</strong></span> <span class='ocrx_word' id='word_1_134' title='bbox 2088 2139 2297 2196; x_wconf 80' lang='lat' dir='ltr'><strong>antea</strong></span> <span class='ocrx_word' id='word_1_135' title='bbox 2329 2122 2525 2196; x_wconf 86' lang='lat' dir='ltr'><strong>fece-</strong></span> 
     </span>
     <span class='ocr_line' id='line_1_18' title="bbox 397 2232 2521 2332; baseline 0.003 -33"><span class='ocrx_word' id='word_1_136' title='bbox 397 2243 570 2300; x_wconf 84' lang='lat' dir='ltr'><strong>runt</strong></span> <span class='ocrx_word' id='word_1_137' title='bbox 589 2234 644 2319; x_wconf 73' lang='lat'><strong>4,</strong></span> <span class='ocrx_word' id='word_1_138' title='bbox 673 2245 751 2302; x_wconf 92' lang='lat' dir='ltr'><strong>ut</strong></span> <span class='ocrx_word' id='word_1_139' title='bbox 783 2232 858 2302; x_wconf 91' lang='lat' dir='ltr'><strong>in</strong></span> <span class='ocrx_word' id='word_1_140' title='bbox 877 2257 1043 2303; x_wconf 89' lang='lat' dir='ltr'><strong>eum</strong></span> <span class='ocrx_word' id='word_1_141' title='bbox 1068 2233 1360 2330; x_wconf 88' lang='lat' dir='ltr'><strong>publice</strong></span> <span class='ocrx_word' id='word_1_142' title='bbox 1391 2234 1887 2306; x_wconf 86' lang='lat' dir='ltr'><strong>testimonium</strong></span> <span class='ocrx_word' id='word_1_143' title='bbox 1924 2233 2268 2322; x_wconf 84' lang='lat' dir='ltr'><strong>dicerent,</strong></span> <span class='ocrx_word' id='word_1_144' title='bbox 2292 2259 2521 2332; x_wconf 85' lang='lat' dir='ltr'><strong>quum</strong></span> 
     </span>
     <span class='ocr_line' id='line_1_19' title="bbox 397 2339 2517 2441; baseline 0.002 -31"><span class='ocrx_word' id='word_1_145' title='bbox 397 2345 791 2438; x_wconf 82' lang='lat' dir='ltr'><strong>praesertim</strong></span> <span class='ocrx_word' id='word_1_146' title='bbox 829 2365 916 2412; x_wconf 82' lang='lat' dir='ltr'><strong>ex</strong></span> <span class='ocrx_word' id='word_1_147' title='bbox 947 2365 1030 2412; x_wconf 90' lang='lat' dir='ltr'><strong>ea</strong></span> <span class='ocrx_word' id='word_1_148' title='bbox 1059 2344 1426 2438; x_wconf 83' lang='lat' dir='ltr'><strong>provincia</strong></span> <span class='ocrx_word' id='word_1_149' title='bbox 1465 2339 1977 2414; x_wconf 82' lang='lat' dir='ltr'><strong>condemnati⁵</strong></span> <span class='ocrx_word' id='word_1_150' title='bbox 2011 2344 2155 2414; x_wconf 87' lang='lat' dir='ltr'><strong>sint</strong></span> <span class='ocrx_word' id='word_1_151' title='bbox 2190 2343 2517 2441; x_wconf 73' lang='lat' dir='ltr'><strong>compiu-</strong></span> 
     </span>
     <span class='ocr_line' id='line_1_20' title="bbox 397 2448 2523 2548; baseline 0.002 -28"><span class='ocrx_word' id='word_1_152' title='bbox 397 2473 552 2538; x_wconf 85' lang='lat' dir='ltr'><strong>res,</strong></span> <span class='ocrx_word' id='word_1_153' title='bbox 581 2451 709 2547; x_wconf 80' lang='lat' dir='ltr'><strong>qui</strong></span> <span class='ocrx_word' id='word_1_154' title='bbox 746 2448 851 2520; x_wconf 90' lang='lat' dir='ltr'><strong>ibi</strong></span> <span class='ocrx_word' id='word_1_155' title='bbox 883 2465 1224 2548; x_wconf 81' lang='lat' dir='ltr'><strong>praetores</strong></span> <span class='ocrx_word' id='word_1_156' title='bbox 1267 2449 1565 2523; x_wconf 82' lang='lat' dir='ltr'><strong>fuerunt</strong></span> <span class='ocrx_word' id='word_1_157' title='bbox 1584 2505 1604 2539; x_wconf 97' lang='lat'><strong>,</strong></span> <span class='ocrx_word' id='word_1_158' title='bbox 1634 2451 1785 2522; x_wconf 91' lang='lat' dir='ltr'><strong>duo</strong></span> <span class='ocrx_word' id='word_1_159' title='bbox 1824 2453 1957 2524; x_wconf 88' lang='lat' dir='ltr'><strong>soli</strong></span> <span class='ocrx_word' id='word_1_160' title='bbox 1996 2451 2341 2541; x_wconf 88' lang='lat' dir='ltr'><strong>absoluti;</strong></span> <span class='ocrx_word' id='word_1_161' title='bbox 2376 2453 2523 2525; x_wconf 90' lang='lat' dir='ltr'><strong>huc</strong></span> 
     </span>
     <span class='ocr_line' id='line_1_21' title="bbox 403 2555 2521 2649; baseline 0.002 -19"><span class='ocrx_word' id='word_1_162' title='bbox 403 2555 888 2632; x_wconf 79' lang='lat' dir='ltr'><strong>conveniunt⁶</strong></span> <span class='ocrx_word' id='word_1_163' title='bbox 934 2583 1103 2631; x_wconf 91' lang='lat' dir='ltr'><strong>cum</strong></span> <span class='ocrx_word' id='word_1_164' title='bbox 1137 2561 1397 2648; x_wconf 87' lang='lat' dir='ltr'><strong>literis,</strong></span> <span class='ocrx_word' id='word_1_165' title='bbox 1429 2561 1738 2631; x_wconf 86' lang='lat' dir='ltr'><strong>veniunt</strong></span> <span class='ocrx_word' id='word_1_166' title='bbox 1772 2585 1941 2632; x_wconf 89' lang='lat' dir='ltr'><strong>cum</strong></span> <span class='ocrx_word' id='word_1_167' title='bbox 1982 2559 2374 2649; x_wconf 85' lang='lat' dir='ltr'><strong>mandatis,</strong></span> <span class='ocrx_word' id='word_1_168' title='bbox 2401 2585 2521 2634; x_wconf 59' lang='lat' dir='ltr'><strong>ve*</strong></span> 
     </span>
     <span class='ocr_line' id='line_1_22' title="bbox 399 2659 2523 2767; baseline 0 -27"><span class='ocrx_word' id='word_1_169' title='bbox 399 2672 616 2741; x_wconf 87' lang='lat' dir='ltr'><strong>niunt</strong></span> <span class='ocrx_word' id='word_1_170' title='bbox 655 2695 825 2742; x_wconf 89' lang='lat' dir='ltr'><strong>cum</strong></span> <span class='ocrx_word' id='word_1_171' title='bbox 869 2670 1300 2742; x_wconf 84' lang='lat' dir='ltr'><strong>testimoniis</strong></span> <span class='ocrx_word' id='word_1_172' title='bbox 1347 2659 1659 2767; x_wconf 87' lang='lat' dir='ltr'><strong>publicis</strong></span> <span class='ocrx_word' id='word_1_173' title='bbox 1694 2696 1708 2740; x_wconf 91' lang='lat'><strong>:</strong></span> <span class='ocrx_word' id='word_1_174' title='bbox 1756 2671 1926 2767; x_wconf 90' lang='lat' dir='ltr'><strong>qui,</strong></span> <span class='ocrx_word' id='word_1_175' title='bbox 1974 2669 2032 2744; x_wconf 86' lang='lat' dir='ltr'><strong>si</strong></span> <span class='ocrx_word' id='word_1_176' title='bbox 2072 2685 2144 2741; x_wconf 91' lang='lat' dir='ltr'><strong>te</strong></span> <span class='ocrx_word' id='word_1_177' title='bbox 2189 2668 2475 2766; x_wconf 90' lang='lat' dir='ltr'><strong>publice</strong></span> <span class='ocrx_word' id='word_1_178' title='bbox 2497 2683 2523 2727; x_wconf 80' lang='lat'>⁷</span> 
     </span>
     <span class='ocr_line' id='line_1_23' title="bbox 399 2778 2523 2877; baseline 0 -26"><span class='ocrx_word' id='word_1_179' title='bbox 399 2778 816 2867; x_wconf 85' lang='lat' dir='ltr'><strong>laudarent,</strong></span> <span class='ocrx_word' id='word_1_180' title='bbox 853 2795 1094 2851; x_wconf 85' lang='lat' dir='ltr'><strong>tamen</strong></span> <span class='ocrx_word' id='word_1_181' title='bbox 1137 2778 1210 2850; x_wconf 92' lang='lat' dir='ltr'><strong>id</strong></span> <span class='ocrx_word' id='word_1_182' title='bbox 1252 2803 1453 2851; x_wconf 92' lang='lat' dir='ltr'><strong>more</strong></span> <span class='ocrx_word' id='word_1_183' title='bbox 1491 2779 1736 2877; x_wconf 87' lang='lat' dir='ltr'><strong>potius</strong></span> <span class='ocrx_word' id='word_1_184' title='bbox 1779 2803 1911 2851; x_wconf 90' lang='lat' dir='ltr'><strong>suo</strong></span> <span class='ocrx_word' id='word_1_185' title='bbox 1934 2834 1953 2864; x_wconf 93' lang='lat'><strong>,</strong></span> <span class='ocrx_word' id='word_1_186' title='bbox 2004 2803 2225 2876; x_wconf 87' lang='lat' dir='ltr'><strong>quam</strong></span> <span class='ocrx_word' id='word_1_187' title='bbox 2260 2781 2523 2852; x_wconf 84' lang='lat' dir='ltr'><strong>merito</strong></span> 
     </span>
     <span class='ocr_line' id='line_1_24' title="bbox 402 2887 2523 2988; baseline 0.001 -28"><span class='ocrx_word' id='word_1_188' title='bbox 402 2903 562 2978; x_wconf 85' lang='lat' dir='ltr'><strong>tuo,</strong></span> <span class='ocrx_word' id='word_1_189' title='bbox 593 2887 826 2962; x_wconf 85' lang='lat' dir='ltr'><strong>facere</strong></span> <span class='ocrx_word' id='word_1_190' title='bbox 853 2887 1288 2966; x_wconf 85' lang='lat' dir='ltr'><strong>viderentur.</strong></span> <span class='ocrx_word' id='word_1_191' title='bbox 1322 2891 1412 2960; x_wconf 90' lang='lat' dir='ltr'><strong>Hi</strong></span> <span class='ocrx_word' id='word_1_192' title='bbox 1440 2913 1671 2988; x_wconf 87' lang='lat' dir='ltr'><strong>quum</strong></span> <span class='ocrx_word' id='word_1_193' title='bbox 1700 2888 1792 2962; x_wconf 91' lang='lat' dir='ltr'><strong>de</strong></span> <span class='ocrx_word' id='word_1_194' title='bbox 1824 2890 1965 2962; x_wconf 87' lang='lat' dir='ltr'><strong>tuis</strong></span> <span class='ocrx_word' id='word_1_195' title='bbox 1984 2887 2199 2961; x_wconf 82' lang='lat' dir='ltr'><strong>factis</strong></span> <span class='ocrx_word' id='word_1_196' title='bbox 2232 2890 2523 2988; x_wconf 88' lang='lat' dir='ltr'><strong>publice</strong></span> 
     </span>
     <span class='ocr_line' id='line_1_25' title="bbox 404 2997 2525 3104; baseline -0 -31"><span class='ocrx_word' id='word_1_197' title='bbox 404 3017 972 3104; x_wconf 82' lang='lat' dir='ltr'><strong>conqueruntur,</strong></span> <span class='ocrx_word' id='word_1_198' title='bbox 1011 3025 1258 3074; x_wconf 88' lang='lat' dir='ltr'><strong>nonne</strong></span> <span class='ocrx_word' id='word_1_199' title='bbox 1303 3001 1443 3073; x_wconf 90' lang='lat' dir='ltr'><strong>hoc</strong></span> <span class='ocrx_word' id='word_1_200' title='bbox 1479 2999 1835 3089; x_wconf 83' lang='lat' dir='ltr'><strong>indicant,</strong></span> <span class='ocrx_word' id='word_1_201' title='bbox 1871 3015 2103 3072; x_wconf 85' lang='lat' dir='ltr'><strong>tantas</strong></span> <span class='ocrx_word' id='word_1_202' title='bbox 2140 2997 2293 3072; x_wconf 76' lang='lat' dir='ltr'><strong>esse</strong></span> <span class='ocrx_word' id='word_1_203' title='bbox 2338 3001 2525 3095; x_wconf 90' lang='lat' dir='ltr'><strong>inju-</strong></span> 
     </span>
    </p>
   </div>
   <div class='ocr_carea' id='block_1_5' title="bbox 401 3197 2583 4134">
    <p class='ocr_par' dir='ltr' id='par_1_5' title="bbox 401 3197 2583 4134">
     <span class='ocr_line' id='line_1_26' title="bbox 473 3197 2527 3252; baseline -0.001 -3"><span class='ocrx_word' id='word_1_204' title='bbox 473 3203 652 3250; x_wconf 76' lang='lat' dir='ltr'><strong>Lm.</strong></span> <span class='ocrx_word' id='word_1_205' title='bbox 686 3217 735 3250; x_wconf 77' lang='grc' dir='ltr'><strong>ι.</strong></span> <span class='ocrx_word' id='word_1_206' title='bbox 773 3201 994 3250; x_wconf 63' lang='lat' dir='ltr'><strong>Graviu-</strong></span> <span class='ocrx_word' id='word_1_207' title='bbox 1031 3217 1060 3247; x_wconf 80' lang='grc' dir='ltr'><strong>ο</strong></span> <span class='ocrx_word' id='word_1_208' title='bbox 1103 3199 1218 3250; x_wconf 82' lang='lat' dir='ltr'><strong>cod.</strong></span> <span class='ocrx_word' id='word_1_209' title='bbox 1253 3200 1418 3252; x_wconf 67' lang='lat' dir='ltr'><strong>Naum.</strong></span> <span class='ocrx_word' id='word_1_210' title='bbox 1581 3201 1632 3249; x_wconf 82' lang='lat'><strong>6.</strong></span> <span class='ocrx_word' id='word_1_211' title='bbox 1669 3202 1775 3250; x_wconf 72' lang='lat' dir='ltr'><strong>Huc</strong></span> <span class='ocrx_word' id='word_1_212' title='bbox 1808 3199 2108 3250; x_wconf 67' lang='lat' dir='ltr'><strong>conveniunt.</strong></span> <span class='ocrx_word' id='word_1_213' title='bbox 2160 3197 2403 3248; x_wconf 79' lang='lat' dir='ltr'><strong>Nonnulli</strong></span> <span class='ocrx_word' id='word_1_214' title='bbox 2441 3203 2527 3246; x_wconf 80' lang='lat' dir='ltr'><strong>co·</strong></span> 
     </span>
     <span class='ocr_line' id='line_1_27' title="bbox 401 3276 2526 3346; baseline -0.002 -18"><span class='ocrx_word' id='word_1_215' title='bbox 401 3305 428 3325; x_wconf 68' lang='lat' dir='ltr'><strong>u</strong></span> <span class='ocrx_word' id='word_1_216' title='bbox 443 3280 608 3346; x_wconf 65' lang='lat' dir='ltr'><strong>patulo</strong></span> <span class='ocrx_word' id='word_1_217' title='bbox 629 3291 742 3329; x_wconf 72' lang='lat' dir='ltr'><strong>ante</strong></span> <span class='ocrx_word' id='word_1_218' title='bbox 755 3301 800 3329; x_wconf 77' lang='grc' dir='ltr'><strong>ιι.</strong></span> <span class='ocrx_word' id='word_1_219' title='bbox 823 3281 954 3329; x_wconf 67' lang='lat' dir='ltr'><strong>LV.</strong></span> <span class='ocrx_word' id='word_1_220' title='bbox 979 3281 1034 3329; x_wconf 81' lang='lat' dir='ltr'><strong>L.</strong></span> <span class='ocrx_word' id='word_1_221' title='bbox 1510 3281 1645 3330; x_wconf 72' lang='lat' dir='ltr'><strong>dices</strong></span> <span class='ocrx_word' id='word_1_222' title='bbox 1664 3315 1680 3340; x_wconf 87' lang='lat'><strong>,</strong></span> <span class='ocrx_word' id='word_1_223' title='bbox 1730 3302 1753 3324; x_wconf 74' lang='grc' dir='ltr'>ι</span> <span class='ocrx_word' id='word_1_224' title='bbox 1777 3279 1829 3328; x_wconf 80' lang='lat' dir='ltr'><strong>hi</strong></span> <span class='ocrx_word' id='word_1_225' title='bbox 1882 3296 2013 3329; x_wconf 81' lang='lat' dir='ltr'><strong>nunc</strong></span> <span class='ocrx_word' id='word_1_226' title='bbox 2062 3281 2266 3328; x_wconf 78' lang='lat' dir='ltr'><strong>veniunt</strong></span> <span class='ocrx_word' id='word_1_227' title='bbox 2288 3289 2342 3338; x_wconf 65' lang='grc' dir='ltr'><strong>»ς</strong></span> <span class='ocrx_word' id='word_1_228' title='bbox 2389 3276 2526 3342; x_wconf 86' lang='lat' dir='ltr'><strong>quod</strong></span> 
     </span>
     <span class='ocr_line' id='line_1_28' title="bbox 477 3355 2583 3424; baseline -0.003 -16"><span class='ocrx_word' id='word_1_229' title='bbox 477 3377 526 3409; x_wconf 71' lang='lat' dir='ltr'><strong>a.</strong></span> <span class='ocrx_word' id='word_1_230' title='bbox 555 3359 690 3423; x_wconf 69' lang='lat' dir='ltr'><strong>Quid</strong></span> <span class='ocrx_word' id='word_1_231' title='bbox 726 3369 788 3406; x_wconf 74' lang='grc' dir='ltr'><strong>ω.</strong></span> <span class='ocrx_word' id='word_1_232' title='bbox 831 3358 967 3422; x_wconf 84' lang='lat' dir='ltr'><strong>Quid</strong></span> <span class='ocrx_word' id='word_1_233' title='bbox 1009 3358 1070 3406; x_wconf 78' lang='lat' dir='ltr'><strong>de</strong></span> <span class='ocrx_word' id='word_1_234' title='bbox 1115 3369 1197 3419; x_wconf 61' lang='grc' dir='ltr'><strong>τος</strong></span> <span class='ocrx_word' id='word_1_235' title='bbox 1234 3359 1418 3418; x_wconf 81' lang='lat' dir='ltr'><strong>veteri,</strong></span> <span class='ocrx_word' id='word_1_236' title='bbox 1508 3360 1665 3409; x_wconf 78' lang='lat' dir='ltr'><strong>libens</strong></span> <span class='ocrx_word' id='word_1_237' title='bbox 1688 3360 1973 3424; x_wconf 65' lang='lat' dir='ltr'><strong>acceperim.</strong></span> <span class='ocrx_word' id='word_1_238' title='bbox 2004 3359 2293 3410; x_wconf 76' lang='lat' dir='ltr'><strong>Gamtouius</strong></span> <span class='ocrx_word' id='word_1_239' title='bbox 2318 3355 2527 3421; x_wconf 79' lang='lat' dir='ltr'><strong>protulit</strong></span> <span class='ocrx_word' id='word_1_240' title='bbox 2578 3371 2583 3379; x_wconf 93' lang='lat'>·</span> 
     </span>
     <span class='ocr_line' id='line_1_29' title="bbox 403 3437 2525 3507; baseline -0.003 -19"><span class='ocrx_word' id='word_1_241' title='bbox 403 3455 548 3507; x_wconf 76' lang='lat' dir='ltr'><strong>qm</strong></span> <span class='ocrx_word' id='word_1_242' title='bbox 561 3439 738 3503; x_wconf 67' lang='lat' dir='ltr'><strong>sepius</strong></span> <span class='ocrx_word' id='word_1_243' title='bbox 749 3437 1136 3496; x_wconf 63' lang='lat' dir='ltr'><strong>observavimus,</strong></span> <span class='ocrx_word' id='word_1_244' title='bbox 1157 3438 1421 3488; x_wconf 79' lang='lat' dir='ltr'><strong>locutione·</strong></span> <span class='ocrx_word' id='word_1_245' title='bbox 1508 3455 1573 3490; x_wconf 76' lang='lat' dir='ltr'><strong>ex</strong></span> <span class='ocrx_word' id='word_1_246' title='bbox 1592 3449 1695 3488; x_wconf 79' lang='lat' dir='ltr'><strong>uno</strong></span> <span class='ocrx_word' id='word_1_247' title='bbox 1714 3439 2069 3502; x_wconf 73' lang='lat' dir='ltr'><strong>manuscripto,</strong></span> <span class='ocrx_word' id='word_1_248' title='bbox 2088 3460 2113 3480; x_wconf 71' lang='grc' dir='ltr'><strong>α</strong></span> <span class='ocrx_word' id='word_1_249' title='bbox 2128 3451 2261 3484; x_wconf 79' lang='lat' dir='ltr'><strong>nunc</strong></span> <span class='ocrx_word' id='word_1_250' title='bbox 2282 3445 2453 3484; x_wconf 77' lang='lat' dir='ltr'><strong>contra</strong></span> <span class='ocrx_word' id='word_1_251' title='bbox 2475 3445 2525 3482; x_wconf 77' lang='lat' dir='ltr'><strong>te</strong></span> 
     </span>
     <span class='ocr_line' id='line_1_30' title="bbox 473 3514 2523 3582; baseline -0.003 -12"><span class='ocrx_word' id='word_1_252' title='bbox 473 3522 529 3570; x_wconf 79' lang='lat'><strong>3.</strong></span> <span class='ocrx_word' id='word_1_253' title='bbox 547 3518 702 3569; x_wconf 63' lang='lat' dir='ltr'><strong>Aha-t</strong></span> <span class='ocrx_word' id='word_1_254' title='bbox 727 3514 1009 3565; x_wconf 69' lang='lat' dir='ltr'><strong>maximum.</strong></span> <span class='ocrx_word' id='word_1_255' title='bbox 1029 3519 1064 3567; x_wconf 83' lang='lat' dir='ltr'><strong>J</strong></span> <span class='ocrx_word' id='word_1_256' title='bbox 1070 3517 1155 3566; x_wconf 82' lang='lat' dir='ltr'><strong>.V.</strong></span> <span class='ocrx_word' id='word_1_257' title='bbox 1173 3521 1229 3566; x_wconf 89' lang='lat' dir='ltr'><strong>L.</strong></span> <span class='ocrx_word' id='word_1_258' title='bbox 1510 3520 1713 3568; x_wconf 80' lang='lat' dir='ltr'><strong>veniunt</strong></span> <span class='ocrx_word' id='word_1_259' title='bbox 1734 3539 1776 3566; x_wconf 73' lang='lat' dir='ltr'><strong>n.</strong></span> <span class='ocrx_word' id='word_1_260' title='bbox 1819 3519 2019 3568; x_wconf 67' lang='lat' dir='ltr'><strong>Rectius</strong></span> <span class='ocrx_word' id='word_1_261' title='bbox 2069 3530 2267 3582; x_wconf 81' lang='lat' dir='ltr'><strong>quoque</strong></span> <span class='ocrx_word' id='word_1_262' title='bbox 2309 3514 2523 3580; x_wconf 70' lang='lat' dir='ltr'><strong>vulgato.</strong></span> 
     </span>
     <span class='ocr_line' id='line_1_31' title="bbox 478 3596 1732 3660; baseline -0.001 -12"><span class='ocrx_word' id='word_1_263' title='bbox 478 3607 526 3655; x_wconf 75' lang='grc'><strong>4.</strong></span> <span class='ocrx_word' id='word_1_264' title='bbox 549 3597 630 3646; x_wconf 83' lang='lat' dir='ltr'><strong>Sic</strong></span> <span class='ocrx_word' id='word_1_265' title='bbox 647 3597 838 3644; x_wconf 79' lang='lat' dir='ltr'><strong>Ernest.</strong></span> <span class='ocrx_word' id='word_1_266' title='bbox 857 3604 972 3660; x_wconf 71' lang='lat' dir='ltr'><strong>post</strong></span> <span class='ocrx_word' id='word_1_267' title='bbox 989 3597 1268 3646; x_wconf 74' lang='lat' dir='ltr'><strong>Gruterum.</strong></span> <span class='ocrx_word' id='word_1_268' title='bbox 1284 3596 1418 3646; x_wconf 81' lang='lat' dir='ltr'><strong>miv.</strong></span> <span class='ocrx_word' id='word_1_269' title='bbox 1506 3599 1540 3647; x_wconf 84' lang='lat' dir='ltr'><strong>J</strong></span> <span class='ocrx_word' id='word_1_270' title='bbox 1543 3635 1556 3647; x_wconf 90' lang='lat'><strong><em>.</em></strong></span> <span class='ocrx_word' id='word_1_271' title='bbox 1574 3601 1640 3648; x_wconf 85' lang='lat' dir='ltr'><strong>V.</strong></span> <span class='ocrx_word' id='word_1_272' title='bbox 1674 3601 1732 3647; x_wconf 80' lang='lat'><strong>1..</strong></span> 
     </span>
     <span class='ocr_line' id='line_1_32' title="bbox 405 3673 2524 3743; baseline -0.002 -17"><span class='ocrx_word' id='word_1_273' title='bbox 405 3677 586 3743; x_wconf 67' lang='lat' dir='ltr'><strong>aliique</strong></span> <span class='ocrx_word' id='word_1_274' title='bbox 611 3675 784 3735; x_wconf 81' lang='lat' dir='ltr'><strong>multi,</strong></span> <span class='ocrx_word' id='word_1_275' title='bbox 796 3673 1039 3741; x_wconf 75' lang='lat' dir='ltr'><strong>fecerant.</strong></span> <span class='ocrx_word' id='word_1_276' title='bbox 1067 3677 1117 3724; x_wconf 85' lang='lat' dir='ltr'><strong>J.</strong></span> <span class='ocrx_word' id='word_1_277' title='bbox 1131 3677 1194 3726; x_wconf 81' lang='lat' dir='ltr'><strong>V.</strong></span> <span class='ocrx_word' id='word_1_278' title='bbox 1223 3679 1276 3726; x_wconf 83' lang='lat' dir='ltr'><strong>L.</strong></span> <span class='ocrx_word' id='word_1_279' title='bbox 1580 3695 1631 3739; x_wconf 83' lang='lat'><strong>7.</strong></span> <span class='ocrx_word' id='word_1_280' title='bbox 1652 3679 1841 3727; x_wconf 74' lang='lat' dir='ltr'><strong>Emest.</strong></span> <span class='ocrx_word' id='word_1_281' title='bbox 1865 3676 1995 3725; x_wconf 84' lang='lat' dir='ltr'><strong>delet</strong></span> <span class='ocrx_word' id='word_1_282' title='bbox 2008 3675 2222 3741; x_wconf 74' lang='lat' dir='ltr'><strong>publice.</strong></span> <span class='ocrx_word' id='word_1_283' title='bbox 2248 3674 2375 3725; x_wconf 62' lang='lat' dir='ltr'><strong>LV.</strong></span> <span class='ocrx_word' id='word_1_284' title='bbox 2404 3674 2524 3722; x_wconf 75' lang='lat' dir='ltr'><strong>L.—</strong></span> 
     </span>
     <span class='ocr_line' id='line_1_33' title="bbox 479 3753 2525 3822; baseline -0.004 -16"><span class='ocrx_word' id='word_1_285' title='bbox 479 3758 526 3806; x_wconf 82' lang='lat'><strong>5.</strong></span> <span class='ocrx_word' id='word_1_286' title='bbox 568 3754 904 3804; x_wconf 72' lang='lat' dir='ltr'><strong>condornnaei.</strong></span> <span class='ocrx_word' id='word_1_287' title='bbox 933 3756 1122 3819; x_wconf 75' lang='lat' dir='ltr'><strong>Nempe</strong></span> <span class='ocrx_word' id='word_1_288' title='bbox 1155 3771 1184 3802; x_wconf 76' lang='lat' dir='ltr'><strong>a</strong></span> <span class='ocrx_word' id='word_1_289' title='bbox 1221 3757 1421 3820; x_wconf 67' lang='lat' dir='ltr'><strong>privatis</strong></span> <span class='ocrx_word' id='word_1_290' title='bbox 1507 3759 1733 3808; x_wconf 79' lang='lat' dir='ltr'><strong>Ceterum</strong></span> <span class='ocrx_word' id='word_1_291' title='bbox 1756 3757 1979 3822; x_wconf 71' lang='lat' dir='ltr'><strong>quamvis</strong></span> <span class='ocrx_word' id='word_1_292' title='bbox 1998 3756 2049 3803; x_wconf 86' lang='lat' dir='ltr'><strong>in</strong></span> <span class='ocrx_word' id='word_1_293' title='bbox 2074 3757 2238 3802; x_wconf 73' lang='lat' dir='ltr'><strong>Frauc.</strong></span> <span class='ocrx_word' id='word_1_294' title='bbox 2254 3753 2403 3812; x_wconf 68' lang='lat' dir='ltr'><strong>absit,</strong></span> <span class='ocrx_word' id='word_1_295' title='bbox 2422 3766 2525 3799; x_wconf 85' lang='lat' dir='ltr'><strong>uon</strong></span> 
     </span>
     <span class='ocr_line' id='line_1_34' title="bbox 403 3831 2524 3902; baseline -0.002 -18"><span class='ocrx_word' id='word_1_296' title='bbox 403 3834 788 3902; x_wconf 68' lang='lat' dir='ltr'><strong>provincialibus</strong></span> <span class='ocrx_word' id='word_1_297' title='bbox 800 3869 816 3894; x_wconf 88' lang='lat'><strong>,</strong></span> <span class='ocrx_word' id='word_1_298' title='bbox 833 3833 919 3882; x_wconf 77' lang='lat' dir='ltr'><strong>sed</strong></span> <span class='ocrx_word' id='word_1_299' title='bbox 945 3849 1049 3882; x_wconf 81' lang='lat' dir='ltr'><strong>non</strong></span> <span class='ocrx_word' id='word_1_300' title='bbox 1073 3835 1226 3884; x_wconf 71' lang='lat' dir='ltr'><strong>totins</strong></span> <span class='ocrx_word' id='word_1_301' title='bbox 1243 3835 1420 3884; x_wconf 71' lang='lat' dir='ltr'><strong>Siciliae</strong></span> <span class='ocrx_word' id='word_1_302' title='bbox 1506 3836 1651 3894; x_wconf 73' lang='lat' dir='ltr'><strong>video</strong></span> <span class='ocrx_word' id='word_1_303' title='bbox 1670 3851 1759 3884; x_wconf 80' lang='lat' dir='ltr'><strong>cur</strong></span> <span class='ocrx_word' id='word_1_304' title='bbox 1776 3847 2047 3885; x_wconf 81' lang='lat' dir='ltr'><strong>ceterorum</strong></span> <span class='ocrx_word' id='word_1_305' title='bbox 2064 3837 2281 3882; x_wconf 78' lang='lat' dir='ltr'><strong>omnium</strong></span> <span class='ocrx_word' id='word_1_306' title='bbox 2298 3831 2524 3881; x_wconf 68' lang='lat' dir='ltr'><strong>codicum</strong></span> 
     </span>
     <span class='ocr_line' id='line_1_35' title="bbox 407 3913 2525 3982; baseline -0.002 -20"><span class='ocrx_word' id='word_1_307' title='bbox 407 3929 646 3964; x_wconf 71' lang='lat' dir='ltr'><strong>connenm</strong></span> <span class='ocrx_word' id='word_1_308' title='bbox 681 3915 870 3964; x_wconf 76' lang='lat' dir='ltr'><strong>sueram</strong></span> <span class='ocrx_word' id='word_1_309' title='bbox 903 3914 1140 3982; x_wconf 57' lang='lat' dir='ltr'><strong>acen-ath</strong></span> <span class='ocrx_word' id='word_1_310' title='bbox 1183 3915 1269 3980; x_wconf 84' lang='lat' dir='ltr'><strong>qui</strong></span> <span class='ocrx_word' id='word_1_311' title='bbox 1303 3931 1422 3964; x_wconf 76' lang='lat' dir='ltr'><strong>vcro</strong></span> <span class='ocrx_word' id='word_1_312' title='bbox 1508 3915 1787 3965; x_wconf 74' lang='lat' dir='ltr'><strong>auctoritati</strong></span> <span class='ocrx_word' id='word_1_313' title='bbox 1813 3913 2200 3973; x_wconf 67' lang='lat' dir='ltr'><strong>contradicatur,</strong></span> <span class='ocrx_word' id='word_1_314' title='bbox 2232 3929 2323 3960; x_wconf 80' lang='lat' dir='ltr'><strong>nec</strong></span> <span class='ocrx_word' id='word_1_315' title='bbox 2348 3929 2405 3960; x_wconf 79' lang='lat' dir='ltr'><strong>ea</strong></span> <span class='ocrx_word' id='word_1_316' title='bbox 2430 3926 2525 3958; x_wconf 68' lang='lat' dir='ltr'><strong>ser-</strong></span> 
     </span>
     <span class='ocr_line' id='line_1_36' title="bbox 409 3985 2529 4060; baseline -0.002 -18"><span class='ocrx_word' id='word_1_317' title='bbox 409 3994 586 4042; x_wconf 70' lang='lat' dir='ltr'><strong>tuerint</strong></span> <span class='ocrx_word' id='word_1_318' title='bbox 606 3993 706 4046; x_wconf 84' lang='lat' dir='ltr'><strong>duo</strong></span> <span class='ocrx_word' id='word_1_319' title='bbox 733 3994 804 4043; x_wconf 85' lang='lat' dir='ltr'><strong>illi</strong></span> <span class='ocrx_word' id='word_1_320' title='bbox 823 3994 1032 4042; x_wconf 69' lang='lat' dir='ltr'><strong>absoluti</strong></span> <span class='ocrx_word' id='word_1_321' title='bbox 1053 3985 1300 4058; x_wconf 57' lang='lat' dir='ltr'><strong>praetores,</strong></span> <span class='ocrx_word' id='word_1_322' title='bbox 1320 4011 1421 4044; x_wconf 84' lang='lat' dir='ltr'><strong>non</strong></span> <span class='ocrx_word' id='word_1_323' title='bbox 1511 4005 1653 4047; x_wconf 74' lang='lat' dir='ltr'><strong>vetur</strong></span> <span class='ocrx_word' id='word_1_324' title='bbox 1670 4009 1791 4053; x_wconf 81' lang='lat' dir='ltr'><strong>vox,</strong></span> <span class='ocrx_word' id='word_1_325' title='bbox 1810 4011 1917 4060; x_wconf 73' lang='lat' dir='ltr'><strong>qua</strong></span> <span class='ocrx_word' id='word_1_326' title='bbox 1936 4009 2114 4043; x_wconf 79' lang='lat' dir='ltr'><strong>novam</strong></span> <span class='ocrx_word' id='word_1_327' title='bbox 2138 3995 2233 4043; x_wconf 77' lang='lat' dir='ltr'><strong>vim</strong></span> <span class='ocrx_word' id='word_1_328' title='bbox 2255 4003 2365 4042; x_wconf 76' lang='lat' dir='ltr'><strong>aute</strong></span> <span class='ocrx_word' id='word_1_329' title='bbox 2384 3987 2529 4040; x_wconf 68' lang='lat' dir='ltr'><strong>dictis</strong></span> 
     </span>
     <span class='ocr_line' id='line_1_37' title="bbox 407 4071 1668 4134; baseline 0.004 -16"><span class='ocrx_word' id='word_1_330' title='bbox 407 4071 578 4134; x_wconf 80' lang='lat' dir='ltr'><strong>liquet.</strong></span> <span class='ocrx_word' id='word_1_331' title='bbox 1502 4074 1668 4124; x_wconf 69' lang='lat' dir='ltr'><strong>addit.</strong></span> 
     </span>
    </p>
   </div>
  </div>
 </body>
</html>
