2984 4684
515 369 648 441 186
1009 313 1020 335 ⁸
1187 370 1953 451 ARGUMENTUM.

583 490 986 561 instituantur,
1027 489 1124 548 hic
1147 490 1376 568 judices
1401 510 1524 549 non
1558 491 1632 551 de
1662 490 1995 570 praeterito,
2034 489 2137 549 sed
2166 488 2243 549 de
2278 491 2477 549 futuro
2514 506 2641 552 sta·-

584 600 776 660 tuunt,
798 599 928 645 mer
951 585 1030 645 sit
1055 586 1272 645 rectius
1296 600 1671 647 accusaturus
1690 610 1707 645 t
1734 586 1893 667 quod
1924 598 2113 647 totum
2136 586 2281 664 qnia
2304 586 2643 665 eonjeetura

577 684 799 753 nititur,
823 684 1079 739 divinare
1109 682 1404 752 dicuntur,
1435 704 1757 762 eorumque
1776 682 2063 762 judicium
2092 684 2363 740 divinatio
2382 684 2641 763 appella-

587 792 698 837 tur.
729 778 974 851 Quintil.
989 782 1137 849 Vn,
1165 780 1224 838 3.
1257 784 1330 839 A.
1365 781 1516 839 Gell.
1540 788 1629 851 11,
1663 790 1718 851 l..
1754 784 1992 839 Hotom.
2026 780 2258 859 Proleg.
2286 779 2360 839 ad
2398 780 2457 838 h.
2492 786 2638 839 orat.
2668 781 2675 805 ⁸

585 878 866 953 Hermog.
891 876 1112 955 Digest.
1137 878 1276 943 XL,
1313 877 1404 933 16.
1486 896 1492 901 ·

655 970 876 1031 Forsan
907 973 1152 1030 miretur
1179 972 1328 1050 quis,
1361 974 1549 1051 quod,
1578 994 1761 1052 quum
1787 972 2119 1033 Siculorum
2155 984 2361 1049 rogatu
2392 972 2465 1031 ad
2496 992 2640 1031 cau-

576 1088 697 1128 sam
725 1068 1000 1127 accedere
1027 1068 1364 1131 Ciceronem
1400 1084 1626 1131 constet
1646 1115 1663 1144 ,
1702 1071 1849 1130 alius
1880 1092 2012 1131 cum
2046 1090 2119 1130 eo
2150 1071 2225 1129 de
2254 1071 2365 1128 hae
2394 1090 2461 1128 re
2489 1090 2637 1128 con-

575 1166 791 1224 tendat.
815 1165 973 1240 Quid
993 1164 1188 1244 igitur,
1207 1186 1400 1226 nonne
1421 1168 1631 1227 Siculis
1658 1166 1906 1227 liberum
1928 1166 2056 1241 suit,
2086 1188 2296 1246 parare
2326 1167 2435 1227 sibi
2464 1188 2639 1246 quem

575 1262 820 1334 vellent,
853 1263 955 1341 qui
981 1266 1227 1323 Verrem
1254 1264 1550 1324 inimicum
1580 1268 1921 1325 accusaret?
1942 1266 2206 1324 Minime.
2238 1268 2443 1323 Romae
2486 1266 2639 1325 enim

576 1361 638 1419 in
657 1358 894 1438 judiciis
918 1359 1198 1437 publicis,
1241 1362 1412 1439 quale
1439 1374 1567 1421 erat
1598 1362 1752 1421 istud
1776 1362 1981 1422 Verris
2002 1361 2293 1440 judicium
2311 1404 2329 1431 ‚
2374 1362 2562 1421 cuivis
2606 1384 2642 1420 e

573 1459 799 1539 populo
827 1457 1068 1525 licebat,
1099 1458 1194 1531 ,vel
1217 1460 1556 1521 inconsultis
1580 1461 1649 1519 iis
1670 1504 1685 1529 ‚
1715 1480 1967 1540 quorum
1998 1462 2306 1533 intererat,
2346 1480 2639 1519 accusare.

575 1563 772 1635 Atque
811 1555 948 1615 inde
981 1556 1202 1633 judicia
1243 1557 1342 1616 illa
1379 1558 1613 1635 publica
1656 1558 1814 1618 dicta
1850 1573 2003 1619 sunt.
2050 1558 2262 1619 sustin.
2306 1558 2493 1619 Instit.
2536 1561 2642 1625 tv,

587 1654 659 1712 18
680 1696 697 1725 ‚
737 1658 770 1724 S
801 1674 849 1711 1.

657 1752 825 1809 Hanc
856 1751 1182 1809 orationem
1209 1752 1444 1825 Cicero,
1485 1754 1700 1811 annum
1743 1753 1927 1813 aetatis
1967 1772 2145 1831 agens
2182 1751 2279 1824 37,
2310 1751 2643 1829 designatus

579 1846 789 1921 aedilis,
823 1845 1030 1906 habuit
1053 1847 1114 1905 in
1140 1848 1301 1919 foro,
1341 1840 1425 1908 Μ.
1459 1850 1687 1909 Licinio
1720 1852 1927 1909 Crasso
1959 1862 2019 1908 et
2054 1852 2161 1909 Cn.
2185 1848 2467 1927 Pompeio
2494 1866 2644 1905 coss.

577 1949 648 2005 A.
667 1944 744 2006 U.
765 1948 826 2002 C.
857 1944 972 2003 683
987 1987 1004 2016 ,
1047 1944 1202 2003 circa
1225 1964 1479 2005 mensem
1503 1946 1746 2025 aprilem
1761 1990 1777 2020 ,
1809 1959 1927 2005 tres
1950 1966 2174 2006 menses
2196 1946 2448 2024 amplius
2474 1956 2643 2003 ante—

577 2062 752 2121 quam
780 2042 955 2120 coepit
977 2046 1194 2101 Verres
1217 2046 1498 2103 accusari.

651 2138 948 2217 opinatur
975 2142 1377 2199 Hotomannus
1399 2140 1661 2218 judicem
1686 2141 2020 2220 quaestionis
2048 2141 2366 2213 duntaxat,
2403 2140 2460 2197 ei
2494 2154 2647 2216 prae-

581 2230 756 2295 fuisse
799 2236 1176 2295 contentioni.
1225 2238 1294 2296 Ei
1336 2238 1577 2297 aderant
1620 2239 1683 2296 in
1729 2238 1973 2299 consilio
2003 2239 2335 2316 complures
2364 2235 2641 2295 senatorii

579 2332 826 2404 ordinis,
847 2354 922 2392 ex
942 2354 1014 2392 eo
1041 2354 1287 2393 numero
1305 2334 1589 2413 judicum,
1602 2336 1705 2415 qui
1729 2348 1931 2414 postea
1951 2337 2054 2393 Μ’.
2076 2334 2383 2395 Glabrioni
2405 2336 2648 2413 praetori

583 2428 884 2508 injudicio
911 2430 1245 2491 adfuerunt.

657 2528 912 2586 Eventus
945 2526 1055 2586 fuit
1085 2528 1243 2587 felix.
1272 2528 1488 2588 Caecilii
1530 2529 1793 2588 Fraudem
1820 2528 1988 2588 facile
2020 2526 2277 2589 ostendit
2306 2527 2547 2595 Cicero,
2584 2536 2647 2583 et

579 2626 811 2683 tenuem
833 2623 956 2701 ejus
980 2624 1042 2682 in
1069 2624 1318 2684 dicendo
1343 2627 1458 2684 vim
1481 2627 1565 2685 ita
1586 2626 1787 2698 elusit,
1830 2640 1888 2685 et
1915 2646 2025 2704 per
2047 2626 2248 2704 jocum
2274 2622 2554 2694 elevavit,
2581 2634 2648 2680 ut

579 2742 713 2781 eum
734 2741 854 2780 non
884 2722 1072 2782 solum
1095 2744 1214 2782 nou
1239 2725 1453 2802 primas
1480 2724 1541 2782 in
1564 2724 1892 2783 accusando
1914 2738 2129 2805 partes,
2150 2722 2341 2783 sedne
2362 2719 2651 2781 secundas

575 2818 808 2897 quidem
839 2832 939 2877 aut
963 2820 1160 2879 tertias
1187 2840 1359 2898 agere
1382 2839 1554 2901 posse
1580 2822 2021 2881 demonstraret.

1295 2990 1833 3058 SYNOP'SIS.

566 3166 791 3231 Quanto
818 3167 965 3224 estin
987 3181 1160 3231 genere
1187 3166 1507 3219 deliberativo
1518 3203 1532 3226 ‚
1550 3184 1619 3217 an
1645 3168 1813 3219 Cicero
1829 3166 1895 3215 sic
1912 3165 2160 3233 eligendus
2179 3176 2441 3215 aecusator
2459 3165 2649 3223 Venis,

494 3274 562 3307 an
591 3256 846 3307 Coecilius:
873 3254 960 3308 ned
979 3257 1207 3307 misectur
1233 3256 1665 3307 demonstrativum
1680 3292 1695 3315 ‚
1720 3256 1837 3322 quia
1857 3254 2083 3307 Caeeilius
2101 3255 2424 3320 vituperatur.

568 3349 733 3395 Partes
748 3345 894 3407 hujus
911 3346 1145 3394 orationis
1158 3358 1295 3395 sunt:
1312 3348 1581 3397 Exordium
1596 3348 1814 3411 adusque
1831 3346 1961 3394 tertii
1979 3345 2154 3409 capitis
2173 3344 2425 3393 dimidiam
2438 3354 2648 3407 partem.

495 3435 798 3487 Constitutio
815 3448 992 3491 causat,
1030 3433 1093 3481 ad
1116 3434 1244 3481 tertii
1269 3435 1442 3499 eapitis
1468 3434 1633 3484 finem.
1658 3436 1923 3485 Contentio
1939 3472 1954 3498 ‚
1982 3450 2091 3499 quae
2118 3432 2555 3483 Confirmationem
2582 3433 2647 3483 ad

498 3542 607 3591 cap.
627 3526 723 3584 16,
758 3534 807 3572 et
824 3522 1224 3572 Coni'utationem
1249 3523 1313 3571 ad
1341 3538 1369 3571 2
1385 3540 1404 3571 1
1433 3523 1807 3587 eompleetituu
1844 3532 1893 3571 et
1918 3523 2185 3571 Peroratio.

566 3616 625 3660 In
659 3614 898 3660 Exonmo
933 3610 1231 3660 invidiosum
1266 3612 1564 3660 actmsatoris
1603 3626 1785 3659 nomen
1821 3627 1848 3660 a
1890 3628 1941 3660 se
1984 3608 2179 3659 amoliri
2226 3610 2401 3676 querit
2432 3608 2645 3669 Cicero,

499 3698 810 3763 ostenditque
845 3716 924 3757 se,
968 3698 1052 3765 qui
1081 3710 1160 3749 tot
1200 3713 1356 3748 annos
1383 3698 1434 3747 in
1462 3698 1620 3748 causis
1648 3699 1945 3764 iudiciisque
1979 3698 2196 3764 publicis
2219 3709 2441 3746 venatus
2462 3698 2553 3755 sit,
2588 3708 2645 3745 ut

499 3788 771 3838 defenderit
794 3788 1004 3845 multos,
1029 3788 1210 3839 ten-eru
1237 3790 1507 3849 neminem,
1538 3801 1798 3853 propterea
1825 3801 1959 3837 nune
1988 3788 2057 3836 nd-
2088 3786 2415 3836 accusandum
2440 3790 2643 3837 venem

500 3876 816 3935 aescendere,
841 3877 978 3939 qnod
1002 3878 1094 3927 hao
1119 3879 1430 3927 mutatione
1453 3878 1782 3927 seelestinlmi
1808 3892 1867 3925 ae
1892 3876 2201 3927 mdaeiuini
2226 3876 2467 3937 hminis,
2490 3874 2645 3923 totius

497 3964 766 4029 provincia
803 3963 979 4013 sieilia
1009 3966 1228 4017 defendo
1257 3968 1591 4029 eontinentur,
1622 3967 1865 4031 &mulque
1906 3966 1959 4015 in
1992 3982 2049 4017 ea
2080 3975 2301 4015 versetur
2334 3964 2641 4025 judiciorum

499 4052 819 4111 existimato,
854 4068 900 4111 ι,
931 4068 981 4111 2,
1009 4054 1056 4103 3.
