2984 4684
2444 265 2459 300 l

779 415 888 487 IN
936 416 1362 486 VERREM
1413 417 1784 506 ACT.11‚
1832 419 2017 488 Lm.
2060 418 2113 486 1.
2372 415 2509 514 357

373 537 610 610 edicto
633 537 777 610 hoc
803 538 1192 610 sustulisti:
1221 537 1551 628 voluisti,
1577 535 1669 611 ex
1691 533 2089 638 improviso
2116 541 2175 612 si
2202 564 2363 637 quae
2394 565 2511 614 res

373 660 556 718 natae
587 661 853 736 essent,
881 672 974 720 ex
999 646 1283 719 urbano
1308 648 1551 721 edicto
1571 650 1984 722 decernere.
2008 653 2241 741 Quam
2264 666 2515 748 postea

371 770 454 828 tu
482 756 618 828 tibi
647 755 1144 830 defensionem
1177 757 1641 857 relinquebas
1659 812 1679 847 ,
1714 761 1789 831 in
1817 785 1903 833 ea
1933 763 2239 832 maxime
2270 759 2505 834 offen-

371 867 574 957 disti,
615 893 847 966 quum
885 881 1087 939 tuam
1129 873 1633 942 auctoritatem
1676 884 1832 942 tute
1869 873 2025 969 ipse
2061 869 2303 944 edicto
2338 896 2511 970 pro-

371 978 660 1050 vinciali
697 977 1152 1076 repudiabas.

466 1091 718 1160 XLIV.
761 1092 1000 1186 Atque
1043 1113 1181 1186 ego
1219 1075 1378 1162 non
1419 1091 1681 1163 dubito
1702 1145 1721 1178 ,
1758 1093 1980 1189 quin,
2017 1105 2099 1163 ut
2132 1091 2353 1181 mihi,
2392 1097 2513 1164 cui

369 1197 520 1270 filia
541 1209 564 1240 ¹
601 1201 914 1272 maxime
947 1198 1150 1272 cordi
1174 1210 1203 1242 ²
1244 1215 1389 1289 est,
1425 1203 1529 1275 sic
1563 1202 1963 1299 unicuique
1990 1216 2345 1288 vestrum,
2383 1205 2512 1299 qui

370 1306 587 1378 simili
603 1331 820 1380 sensu
835 1363 855 1395 ,
875 1324 1098 1407 atque
1115 1309 1569 1409 indulgentia
1595 1309 1907 1383 filiarum
1926 1315 2514 1400 commovemini,

369 1441 484 1493 res
519 1417 672 1489 haec
699 1416 957 1490 acerba
989 1417 1320 1492 videatur
1341 1435 1560 1519 atque
1591 1418 1907 1518 indigna.
1940 1419 2134 1512 Quid
2162 1423 2359 1492 enim
2382 1446 2511 1493 na-

370 1541 536 1602 tura
566 1528 780 1600 nobis
808 1528 1235 1625 jucundius»,
1257 1529 1436 1627 quid
1455 1532 1689 1602 carius
1716 1555 1870 1603 esse
1895 1531 2175 1602 voluit?
2208 1529 2388 1629 quid
2406 1545 2517 1603 est

370 1635 688 1735 digniuS,
714 1638 791 1709 in
813 1663 965 1736 quo
991 1640 1234 1711 omnis
1251 1655 1497 1712 nostra
1516 1639 1882 1739 diligentia
1908 1640 2513 1739 indulgentiaque

371 1749 884 1830 consumatur?
923 1754 1162 1822 Homo
1205 1753 1861 1856 importunissime,
1904 1777 2039 1824 cur
2076 1766 2351 1823 tantam
2400 1755 2513 1822 in-

361 1858 627 1955 juriam
672 1862 750 1929 P.
794 1861 1040 1931 Annio
1081 1877 1378 1934 mortuo
1413 1859 1692 1934 fecisti?
1749 1887 1881 1934 cur
1923 1863 2123 1934 huno
2180 1861 2513 1936 dolorem

369 1970 594 2042 cineri
625 1969 784 2067 ejus
813 1985 1034 2069 atque
1053 1970 1336 2045 ossibus
1353 1974 1675 2044 inussisti
1693 2028 1713 2063 ,
1742 1988 1827 2046 ut
1850 1971 2099 2045 liberis
2130 1974 2289 2069 ejus
2313 1971 2514 2045 bona

367 2081 623 2177 patria,
650 2081 1022 2154 voluntate
1041 2088 1294 2182 patris,
1314 2084 1507 2180 jure,
1533 2082 1815 2182 legibus
1846 2082 2130 2172 tradita,
2162 2086 2510 2183 eriperes,

369 2204 480 2276 et,
530 2193 648 2262 cui
691 2190 826 2263 tibi
861 2208 1048 2268 esset
1091 2191 1596 2284 commodum,
1634 2195 2140 2270 condonares?
2184 2194 2509 2286 Quibus·

369 2323 540 2371 cum
579 2301 720 2371 vivi
763 2299 961 2375 bona
1015 2318 1259 2379 nostra
1301 2306 1681 2402 partimur,
1720 2306 1807 2377 iis
1840 2320 2110 2405 praetor
2151 2303 2471 2378 adimere
2490 2360 2509 2392 ,

371 2411 586 2486 nobis
621 2414 959 2499 mortuiS‚
1002 2411 1202 2483 bona
1239 2412 1717 2511 fortunasque
1764 2417 2083 2513 poterit?
2122 2420 2273 2488 Nnc
2314 2441 2510 2488 Pim-

370 2518 714 2611 T10NEM3,
747 2524 1166 2617 inquitfflssc
1194 2545 1705 2596 rossnsstount
1738 2547 1949 2595 nano.
1982 2524 2260 2621 Eripies
2290 2527 2515 2622 igitur

371 2631 667 2731 pupillae
705 2645 948 2730 togam
986 2630 1497 2729 praetextam43
1525 2629 1861 2704 detrahes
1896 2646 2324 2703 ornamenta
2362 2657 2509 2704 non

369 2859 559 2908 urbano
583 2859 747 2909 edicto
782 2860 1068 2922 decernere,
1107 2861 1148 2908 ai
1179 2860 1310 2909 forte
1341 2860 1398 2908 in
1483 2860 1785 2910 Dolabellam
1830 2877 1897 2910 ex
1936 2870 2083 2926 partu
2122 2857 2327 2907 decessit
2354 2859 2417 2906 A.
2441 2861 2511 2907 U.

369 2937 531 2988 Sicilia
552 2939 648 2989 boc
673 2940 765 2988 tibi
791 2950 916 2989 esset
945 2939 1144 3002 utilius3
1186 2938 1278 2987 hac
1304 2939 1396 2986 aci-
1487 2942 1605 3003 708.
1624 2943 1873 3004 Quantum
1908 2955 2015 2988 eam
2050 2937 2275 2988 dilexerit
2312 2937 2485 2988 Cicero
2498 2971 2514 2996 .

369 3017 485 3066 licet
525 3019 715 3068 ratione
754 3031 813 3068 ut
851 3021 956 3082 eius
999 3018 1206 3080 decreti,
1242 3033 1393 3082 quum

369 3097 830 3161 reprehenderetur,
881 3097 1010 3148 banc
1062 3093 1394 3146 defensionem

369 3186 428 3224 tn
457 3175 549 3224 tibi
577 3175 872 3241 relinqueres
889 3212 904 3236 ,
941 3182 1118 3242 nempe
1144 3177 1198 3223 in
1229 3174 1392 3224 edicto

367 3254 458 3304 illo
475 3265 565 3303 tuo
582 3255 721 3319 quod
739 3257 794 3303 in
817 3255 938 3304 urbe
963 3255 1271 3322 propositum
1289 3253 1394 3302 fue·

369 3344 460 3391 rat,
483 3333 550 3381 ita
569 3336 804 3398 seriptum
827 3335 992 3386 fuisse.
1012 3335 1110 3386 Sed
1127 3350 1231 3384 non
1248 3334 1397 3382 anim·

369 3411 655 3460 advertebat
673 3423 808 3460 tuam
828 3415 1137 3464 calliditatem
1156 3423 1324 3463 contra
1349 3423 1397 3460 te

369 3491 554 3553 facere,
579 3501 629 3540 et
651 3501 787 3539 tuam
807 3507 834 3539 a
861 3502 908 3540 te
928 3495 1039 3558 ipso
1062 3493 1399 3543 auctoritatem

368 3569 649 3636 repudiat-ig
678 3585 832 3634 quum
850 3570 1008 3630 enim,
1037 3573 1079 3618 si
1105 3573 1157 3619 iu
1187 3571 1390 3636 provin-

367 3649 492 3699 ciale
508 3649 722 3697 edictum
741 3648 982 3697 retulisses
997 3683 1012 3708 ,
1045 3659 1215 3712 postea
1231 3649 1395 3697 dicere

366 3729 612 3796 potuisses
629 3743 643 3778 ε
665 3727 902 3776 urbanum
924 3727 1190 3790 decretum,
1205 3729 1258 3775 in
1278 3743 1394 3792 pro-

365 3805 530 3858 vincia
555 3823 661 3857 snm
682 3817 942 3871 sequutum
965 3807 1093 3854 hanc
1112 3818 1166 3855 tn
1191 3806 1284 3854 tibi
1308 3807 1394 3856 de-

365 3889 636 3937 fensionem
661 3885 910 3947 ademisti,
939 3897 989 3935 et
1013 3886 1068 3934 in
1092 3884 1392 3950 provinciale

367 3967 580 4016 edietum
601 3967 716 4015 ideo
743 3965 998 4016 transferre
1025 3963 1240 4013 noluisse
1257 3963 1394 4013 vide-

369 4047 462 4107 ris,
482 4047 622 4111 qnod
640 4045 730 4095 tibi
751 4046 849 4110 ipsi
872 4045 1097 4110 iniquum
1123 4041 1389 4092 videretur.

441 4127 620 4176 XLIV.
645 4143 664 4173 1
681 4161 692 4174 .
721 4125 863 4175 Filia.
878 4124 1114 4184 Tulliola,
1133 4139 1244 4188 que
1261 4124 1393 4188 apud

1483 3019 1696 3069 declarat
1732 3016 1879 3069 dolor
1892 3053 1908 3080 ,
1940 3035 2087 3085 quem
2117 3018 2250 3082 cepit
2280 3033 2343 3066 ex
2375 3015 2511 3063 illius

1480 3099 1699 3147 interitu.
1716 3102 1823 3148 Att.
1840 3101 1973 3162 ΧΠ,
2007 3099 2166 3158 1111,
2192 3112 2318 3161 pau.

1555 3193 1607 3226 τι.
1636 3177 1785 3226 Cordi
1812 3188 1913 3235 est,
1940 3193 2017 3224 res
2038 3176 2145 3225 Itaec
2164 3207 2237 3224 ...
2272 3173 2509 3239 indigna,

1481 3254 1577 3306 εἰσ.
1590 3290 1603 3304 .
1616 3289 1631 3303 .
1652 3255 2033 3304 οοηιηιονσηιίηἰ.
2054 3255 2116 3319 Q.
2137 3271 2182 3304 e.
2204 3254 2369 3305 Nimia
2390 3253 2515 3300 forte

1483 3335 1789 3399 indulgentia
1825 3347 1877 3386 et
1908 3336 2022 3395 hic,
2058 3346 2108 3383 et
2135 3335 2190 3382 in
2222 3333 2331 3382 aliis
2361 3332 2517 3392 locis,

1486 3431 1733 3464 servamus
1756 3414 1866 3462 illas
1900 3413 2090 3463 ordinis
2124 3415 2419 3462 mutationes
2452 3410 2515 3458 ab

1488 3495 1715 3542 Ernestio
1741 3493 1955 3558 primum
1974 3494 2222 3552 invectas;
2260 3505 2369 3554 quae
2394 3489 2437 3536 si
2459 3489 2515 3538 in

1480 3571 1867 3622 controversiam
1900 3581 2048 3636 atque
2085 3570 2211 3618 adeo
2240 3569 2294 3615 in
2317 3566 2515 3615 damna·

1479 3653 1665 3701 tionem
1687 3660 1945 3708 vocentur,
1971 3665 2023 3697 se
2050 3647 2315 3697 defendant
2339 3656 2510 3694 aucto-

1481 3733 1624 3780 ritate
1643 3729 1893 3780 clarissimi
1912 3729 2027 3779 viri.
2048 3730 2081 3777 J
2087 3731 2177 3780 N.
2197 3729 2253 3777 L.

1554 3811 1604 3858 3.
1652 3808 1955 3858 Peticionem.
1999 3804 2257 3868 Actionem
2272 3842 2287 3866 ,
2332 3823 2429 3872 qua
2483 3823 2511 3856 a

1482 3901 1693 3955 praetore
1721 3889 1997 3952 postulatur
2018 3899 2075 3937 ut
2096 3889 2178 3949 jus
2206 3886 2460 3936 concedat.

1555 3976 1604 4024 4.
1636 3969 1821 4032 Togam
1830 3979 1978 4032 praet.
1999 3968 2205 4015 Feminae
2222 4003 2237 4028 ,
2252 3977 2512 4029 antequam

1480 4046 1724 4095 nuberent
1741 4081 1756 4105 ,
1797 4056 2032 4111 praetexta
2062 4044 2340 4096 utebantur.
2376 4046 2511 4092 Bene

1481 4110 1733 4174 E'rnestius
1757 4125 1976 4188 monuit,
2000 4136 2171 4192 erepto
2190 4139 2365 4182 censu,
2386 4122 2514 4190 eripi
