2984 4684
442 341 580 412 312
1086 341 1184 408 Μ.
1235 341 1314 408 Τ.
1366 339 1947 410 CICERONIS

441 463 546 535 illi
599 458 921 534 accidere
960 459 1324 533 voluerint
1345 514 1364 544 ‚
1403 458 1531 536 sed
1574 458 1753 558 quid
1808 460 1983 558 ipsis
2022 461 2100 529 in
2144 457 2269 530 tali
2308 481 2389 528 re
2428 481 2585 530 me·-
2650 444 2657 450 .

441 570 800 644 tuendum
864 573 991 668 sit,
1049 571 1391 668 cogitare.
1451 573 1859 642 Commune
1913 582 2023 642 est
2084 568 2229 640 hoc
2268 567 2586 655 malum,

441 684 850 762 communis
888 695 1165 769 metm,
1206 703 1599 760 commune
1634 674 2587 778 periculum.Nu11ae⁵sunt

441 791 876 868 occultiores
934 788 1246 878 insidiae,
1269 813 1522 887 ,quam
1566 815 1723 862 eae
1688 814 1909 887 ‚quae
1969 789 2201 860 latent
2245 791 2324 859 in
2366 789 2585 861 simu-

441 903 712 974 latione
762 898 1020 989 officii,
1070 915 1198 971 aut
1231 895 1308 970 i'n
1350 900 1597 998 aliquo
1640 899 2193 973 necessitudinis
2236 900 2585 973 nomine:

445 1036 614 1084 narn
653 1036 858 1096 eum,
904 1014 1033 1108 qui
1065 1011 1302 1110 palam
1341 1025 1452 1084 est
1491 1009 1975 1099 adversarius,
2012 1007 2221 1082 facile
2261 1007 2585 1086 cavendo

439 1125 667 1195 vitare
703 1121 982 1220 possis-‚3
1028 1120 1172 1192 hoc
1195 1145 1371 1192 vero
1407 1119 1819 1208 occultum,
1861 1121 2287 1191 intestinum
2330 1142 2415 1189 ac
2458 1117 2589 1191 do.-

443 1237 827 1312 mesticum
875 1231 1186 1320 malum,
1233 1256 1384 1303 non
1437 1230 1665 1303 modo
1730 1255 1882 1302 non
1942 1231 2213 1301 exsistit
2226 1225 2285 1318 ⁶,
2332 1251 2585 1302 verum

444 1345 660 1416 etiam
686 1343 1070 1440 opprimit,
1097 1357 1492 1440 antequam
1521 1342 1937 1441 prospicere
1954 1354 2175 1438 atque
2210 1339 2589 1437 explorare

444 1453 793 1552 potueris,
829 1457 1034 1524 Itane
1065 1453 1282 1523 vero?
1311 1467 1394 1524 tu
1415 1507 1435 1542 ‚
1467 1477 1697 1551 quum
1728 1464 2045 1548 quaestor
2071 1449 2163 1522 ad
2192 1453 2587 1523 exercitum

445 1566 703 1642 missus
727 1565 855 1651 εἰς,
893 1577 1137 1636 custos
1163 1589 1314 1637 non
1342 1562 1583 1636 solum
1620 1562 1947 1662 pecuniae
1964 1615 1984 1650 ,
2012 1559 2145 1634 sed
2170 1565 2387 1632 etiam
2416 1583 2591 1631 con-

445 1675 618 1746 sulis
641 1676 1004 1773 particeps
1029 1679 1362 1746 omnium
1392 1697 1637 1746 rerum
1652 1726 1673 1762 ‚
1698 1671 2320 1768 consiliorumque
2345 1669 2587 1758 fueris;

444 1779 738 1854 habitus
775 1786 872 1854 sis
921 1785 1000 1854 in
1035 1782 1350 1856 liberum
1385 1785 1551 1855 loco
1573 1793 1626 1872 ⁷,
1658 1787 1850 1857 ‘sicut
1892 1805 2051 1854 mos
2094 1781 2455 1876 majorum
2488 1778 2591 1852 fe·

443 1879 654 1970 rebat
703 1919 720 1962 ε
769 1907 1071 1990 repente
1127 1893 1553 1991 relinquas?
1602 1891 1944 1965 deseras?
2002 1890 2095 1963 ad
2138 1890 2591 1964 adversarios

445 2002 801 2079 transeas?
838 2007 902 2074 O
938 2001 1206 2075 scelus!
1248 2029 1295 2074 o
1331 2017 1757 2101 portentum
1782 2006 1861 2074 in
1888 2002 2181 2078 ultimas
2217 2017 2443 2074 terras
2472 2027 2592 2074 ex-

446 2108 928 2208 portandum!
965 2116 1135 2186 Non
1167 2113 1364 2184 enim
1399 2127 1641 2211 potest
1676 2136 1761 2186 ea
1788 2126 2084 2201 natura,
2112 2137 2273 2210 quae
2308 2125 2593 2191 tantum

445 2217 725 2292 facinus
778 2222 1218 2306 commiserit
1237 2277 1258 2312 ‚
1307 2222 1452 2294 hoc
1489 2248 1641 2294 uno
1679 2221 1949 2295 scel‘ere
1996 2247 2152 2294 esse
2198 2236 2589 2294 contenta:

443 2355 737 2403 necesse
765 2347 873 2404 est
891 2357 1180 2431 semper
1205 2333 1479 2432 aliquid
1509 2331 1875 2430 ejusmodi
1900 2333 2278 2422 moliatur;
2300 2357 2593 2407 necesse

445 2454 556 2512 est
585 2442 662 2510 in
695 2442 905 2514 simili
940 2442 1238 2516 audacia
1265 2443 1715 2543 perfidiaque
1740 2458 2087 2516 versetur.
2123 2448 2379 2541 Itaque
2400 2444 2595 2515 idem

449 2553 608 2641 iste,
644 2577 864 2650 quem
894 2557 1026 2625 Cn.
1055 2549 1482 2627 Dolabella⁸
1516 2568 1791 2653 postea,
1818 2552 2254 2626 C.Malleolo
2272 2565 2304 2617 9
2332 2553 2593 2640 occiso,

448 2685 584 2760 pro
619 2677 976 2760 quaestore
1014 2662 1271 2735 habuit
1311 2664 1549 2762 (haud
1586 2666 1773 2752 scio,
1814 2689 1907 2734 an
1933 2661 2168 2758 major
2194 2665 2411 2734 etiam
2443 2660 2598 2732 haec

452 2773 910 2845 necessitudo
952 2771 1210 2866 fuerit,
1239 2801 1462 2874 quam
1502 2773 1619 2847 illa
1653 2772 2007 2848 Carbonis
2027 2827 2048 2863 ‚
2092 2798 2177 2845 ac
2213 2773 2377 2871 plus
2410 2771 2599 2868 judi-

521 2946 572 2997 5.
589 2947 754 2996 Nulla·
769 2961 895 2998 sunt.
913 2953 1032 2999 Eam
1053 2951 1341 3002 seutentiam
1366 2969 1481 3018 ope-

449 3042 516 3074 rae
541 3027 754 3090 pretinm
789 3029 884 3077 erit
914 3030 1138 3079 conferre
1165 3047 1276 3079 cnm
1301 3032 1448 3080 simili
1463 3066 1478 3091 ‚

445 3108 595 3155 Rosc.
617 3108 734 3156 Am.
757 3113 822 3162 ko
836 3141 850 3166 ‚
879 3119 926 3162 et
949 3109 1207 3158 observare
1225 3111 1479 3178 quomodo

445 3185 610 3233 verbis
645 3201 747 3232 eam
782 3187 1040 3238 variaverit
1079 3199 1258 3236 orator.
1294 3189 1478 3239 Confer

446 3264 594 3313 etiarn
614 3264 850 3330 Xenoph.
864 3266 1048 3315 Rerum
1075 3269 1355 3320 Graec-mm
1383 3267 1475 3317 lib.

449 3346 533 3405 11,
567 3345 648 3394 15.

520 3423 574 3472 6.
598 3425 716 3472 Non
738 3423 941 3474 exsistit.
959 3423 1077 3474 Non
1096 3442 1148 3473 se
1165 3427 1353 3492 aperit:
1376 3442 1480 3475 non

450 3501 552 3566 agit
577 3502 1103 3568 extra0—Prosp1'cere.
1129 3507 1217 3554 Est
1246 3522 1275 3552 a
1297 3505 1481 3554 Pali-et

449 3581 620 3642 Cuiac.
661 3581 1002 3646 placueratque
1047 3583 1163 3632 item
1205 3583 1476 3645 lambin03

455 3671 574 3708 vett.
592 3661 710 3709 edd.
731 3662 1020 3726 perspicere.

529 3757 578 3799 7.
611 3742 672 3786 In
707 3740 911 3788 liberum
943 3741 1075 3792 Ioco.
1096 3742 1223 3792 vide
1258 3742 1478 3792 Divinat.

457 3832 569 3880 cap.
598 3831 676 3880 ¹9·

523 3895 575 3942 8.
613 3895 700 3944 Cn.
733 3897 1016 3946 Dolabella.
1045 3885 1232 3948 Praetor
1264 3902 1480 3949 urbanus

367 3997 372 4000 ·
451 3989 584 4020 anno
601 3975 724 4034 672,
741 3973 801 4022 de
828 3979 966 4038 cujus
987 3978 1162 4038 injuria
1185 3981 1238 4027 in
1255 3982 1310 4029 P.
1325 3981 1480 4042 Quiu-

452 4051 578 4098 tinm
613 4067 780 4116 graves
812 4064 929 4102 sunt
949 4057 1199 4104 Ciceronis
1234 4059 1480 4121 querimo-

1567 2953 1664 3000 nia
1700 2967 1795 3017 pro
1836 2950 2013 3015 Quint.
2039 2951 2237 3017 passim.
2272 2953 2347 3000 Ex
2388 2961 2601 3016 praetnra

1569 3031 1795 3082 Ciliciam
1819 3046 1952 3079 anno
1972 3030 2195 3094 sequenti
2218 3029 2600 3088 administravit;

1567 3126 1629 3160 cx
1678 3126 1775 3174 qua
1818 3125 1929 3158 reus
1976 3111 2131 3158 factus
2181 3109 2246 3158 ab
2292 3107 2601 3157 adolescente

1566 3189 1640 3238 Μ.
1691 3189 1889 3238 AEmilio
1944 3189 2129 3238 Scauro
2188 3186 2597 3254 repetundarum,

1568 3267 1823 3318 damnatus
1850 3280 1925 3317 est
1949 3271 2013 3318 A.
2034 3267 2097 3315 U.
2117 3267 2249 3328 675,
2277 3268 2488 3315 maxime
2511 3265 2600 3314 ad-

1566 3347 1755 3396 nitente
1774 3350 1944 3397 Verre.
1962 3347 2079 3396 vid.
2102 3347 2192 3395 inf.
2216 3347 2310 3409 30,
2330 3347 2418 3395 38.

1639 3441 1690 3489 9.
1708 3425 2295 3493 C.Malleolo.Qnaest01-e
2310 3424 2599 3474 Dolabella.

1566 3531 1639 3542 —·-
1660 3503 1847 3554 Occiso.
1866 3505 2205 3570 Suspiciosum
2222 3502 2447 3564 verbum,
2459 3507 2599 3568 quasi

1567 3583 1853 3632 Malleolnm
1874 3585 2083 3644 Verres,
2110 3587 2191 3633 cni
2216 3601 2347 3632 mors
2372 3584 2503 3631 illins
2527 3583 2601 3630 ln-

1568 3679 1657 3711 cro
1690 3664 1807 3722 fuit,
1843 3663 2097 3712 occiderit.
2117 3663 2251 3712 Illud
2274 3665 2417 3710 etiam
2442 3663 2597 3710 anim-

1568 3741 1921 3790 advertendum
1939 3759 2085 3806 qnam
2105 3739 2367 3790 artificiose
2386 3741 2449 3790 ad
2474 3739 2600 3788 illud

1570 3821 1935 3882 conjiciendum
1956 3821 2173 3882 judices,
2202 3831 2447 3884 tamquam
2464 3818 2599 3868 aliud

1568 3915 1716 3965 agens
1732 3935 1747 3960 ‚
1786 3900 2065 3966 impulerit,
2098 3917 2251 3964 quum
2282 3899 2471 3948 nullum
2497 3914 2599 3946 non

1570 3978 1729 4027 scelus
1754 3979 1807 4027 in
1834 3979 2141 4046 proditorem
2170 3979 2341 4028 cadere
2382 3976 2597 4026 declara-

1570 4068 1711 4107 verit.
