2984 4684
768 373 1160 443 ORATIO
1209 375 1412 442 PRo
1460 377 1536 444 P.
1588 377 2064 466 QUINTIO.
2379 379 2473 452 35

351 491 742 590 possideri¹
783 492 988 566 nullo
1012 494 1234 567 modo
1268 500 1611 593 potuisse.
1658 501 1903 572 Recita
1934 500 2252 572 edictum
2282 527 2299 572 ε
2334 505 2480 595 Qm

352 613 920 674 ιηωῑηηιϊιοιπῐε)1
954 629 1184 676 causa
1227 630 1631 678 LA'rrrAnrr.
1666 612 1833 682 Non
1866 624 1973 682 est
2002 614 2065 682 is
2096 615 2484 710 Quintius3

353 716 482 784 nisi
517 717 578 784 si
610 707 930 800 latitant,
955 717 1085 812 qui
1111 713 1205 786 ad
1237 719 1614 812 negotium
1644 741 1899 808 suum«,
1930 722 2183 792 relicto
2214 747 2483 822 procu-

351 838 582 894 ratore
603 822 1236 926 [proficiscuntur.
1281 831 1416 899 Cut
1451 851 1678 898 anans
1706 852 1853 918 Nou
1884 857 2245 904 Exs'umr.
2281 838 2388 908 Ne
2416 839 2477 908 is

348 934 668 1031 quidem.
716 936 862 1026 Qm
910 959 1182 1008 Exsum
1234 961 1463 1008 emsa
1516 962 1759 1010 soum
1803 963 2173 1012 VERTERIT.
2218 939 2481 1040 [Dici3

349 1042 421 1113 id
497 1068 649 1114 non
700 1058 963 1143 potest.
1025 1048 1172 1137 Qm
1245 1070 1503 1118 Aestus
1580 1072 1861 1120 summo
1920 1074 2274 1124 nnrssnsus
2330 1079 2479 1128 non

349 1184 619 1230 ruem‘r.
659 1161 768 1231 Ne
799 1163 860 1230 is
893 1159 1214 1257 quidem.
1236 1159 1262 1258 ]
1286 1164 1453 1253 Quo
1504 1176 1833 1261 tempore
1869 1168 2233 1239 existimas
2265 1193 2482 1268 opor-

348 1273 564 1340 tuisse
593 1325 612 1357 ,
645 1274 877 1359 Naevi,
922 1269 1298 1343 absentem
1339 1275 1729 1364 Quintium
1776 1273 2113 1364 defendi,
2154 1293 2282 1348 aut
2330 1307 2482 1378 quo

347 1378 613 1451 modo?
643 1385 829 1452 Tum
856 1435 875 1469 ,
907 1407 1139 1479 quum
1182 1382 1600 1481 postulabas
1622 1438 1641 1472 ‚
1683 1399 1765 1455 ut
1798 1377 1995 1456 bona
2026 1387 2478 1484 possideres?

345 1495 576 1561 Nemo
631 1489 841 1562 affuit
897 1518 912 1560 ε
967 1517 1209 1589 neque
1268 1495 1466 1565 enim
1518 1497 1908 1591 quisquam
1960 1494 2286 1584 divinare
2344 1521 2479 1596 po-

347 1615 562 1688 terat,
615 1615 686 1672 te
751 1603 1288 1700 postulaturum
1307 1629 1336 1691 3·
1401 1628 1643 1701 neque
1711 1629 2155 1703 quemquam
2226 1612 2484 1680 attine-

345 1710 470 1782 bat
521 1709 594 1781 id
655 1737 1020 1800 recusare,
1085 1713 1289 1810 quod
1342 1729 1645 1812 praetor,
1708 1741 1859 1788 non
1916 1716 2144 1807 fieri4,
2200 1719 2329 1790 sed
2388 1746 2479 1792 ex

344 1822 578 1894 edicto
612 1848 746 1894 suo
777 1822 932 1894 fieri
962 1822 1290 1922 jubebat.
1323 1828 1468 1916 Qui
1505 1821 1707 1898 locus
1739 1830 1962 1924 igitur
1990 1828 2309 1900 absentis
2344 1830 2472 1904 de.-

343 1932 690 2004 fendendi
748 1939 1204 2032 procuratori
1243 1939 1523 2034 primus
1575 1935 1784 2009 datus
1831 1941 1982 2010 est?
2021 1944 2269 2031 Quum
2312 1955 2491 2040 proi

343 2043 754 2116 scribebas?
778 2050 968 2141 Ergo
995 2044 1240 2132 affuit3
1269 2070 1419 2116 non
1447 2071 1699 2144 passus
1728 2062 1874 2137 est;
1900 2047 2183 2120 libellos
2217 2041 2480 2146 dejecit

341 2159 504 2226 Sex.
524 2154 930 2254 Alphenus;
951 2161 1081 2254 qui
1105 2159 1382 2255 primus
1411 2172 1564 2228 erat
1590 2155 1813 2228 officii
1839 2157 2128 2254 gradus,
2152 2175 2475 2232 servatus

341 2280 449 2336 est
487 2291 531 2336 a
572 2282 1042 2364 procuratore
1086 2291 1368 2338 summa
1409 2292 1577 2338 cum
1617 2267 2005 2366 diligentia.
2050 2270 2481 2362 Videamus,

341 2402 505 2472 quae
558 2375 826 2448 deinde
871 2381 1018 2448 sint
1062 2393 1535 2476 consequuta.
1602 2377 2035 2450 Hominem⁵
2086 2385 2158 2452 P.
2197 2369 2482 2470 Quintii

341 2485 826 2584 deprehendis
851 2491 928 2556 in
948 2487 1278 2585 public03
1299 2493 1583 2561 conaris
1605 2489 2004 2562 abducere:
2028 2515 2177 2560 non
2207 2494 2481 2586 patitur

339 2595 750 2692 Alphenus3
781 2599 853 2666 vi
891 2595 1022 2668 tibi
1049 2597 1336 2686 adimit;
1367 2613 1604 2688 curat,
1634 2614 1719 2671 ut
1751 2599 2053 2670 domum
2091 2599 2480 2670 reducatur

339 2705 433 2775 ad
447 2709 858 2794 Quintium.
886 2711 1019 2778 Hic
1042 2733 1340 2805 quoque
1369 2734 1651 2780 summe
1679 2725 1963 2780 constat
1988 2714 2477 2805 procuratoris

339 2815 706 2914 diligentis
729 2815 1372 2891 officium.Debere
1400 2818 1534 2890 tibi
1560 2817 1737 2890 dicis
1762 2821 2148 2910 Quintium
2173 2845 2188 2887 z
2217 2844 2482 2917 procu-

337 3004 625 3052 lacerandus
705 3005 1030 3068 permittatur.
1104 3031 1174 3041 —
1235 3003 1366 3050 Olim

336 3083 494 3132 abfuit
517 3101 661 3132 nse».
685 3081 836 3132 Dedit
855 3081 967 3132 cod.
990 3089 1156 3131 Franc.
1171 3083 1288 3132 J.v.
1312 3083 1366 3129 L·

409 3165 614 3214 XXIX.
652 3180 697 3210 1.
721 3163 850 3224 Alii,
873 3162 1136 3226 possidere.
1159 3165 1192 3212 J
1198 3165 1282 3211 .V.
1305 3165 1362 3210 L.

412 3260 463 3293 2.
498 3227 596 3304 Qui
603 3241 960 3306 fraudationis.
999 3244 1093 3290 Hic
1119 3253 1168 3290 et
1204 3241 1256 3290 in
1289 3257 1366 3288 se-

337 3321 628 3384 quentibus,
667 3319 1054 3369 subaudiendum
1083 3333 1188 3368 est:
1217 3342 1243 3362 α
1262 3320 1366 3384 ejus

336 3401 471 3449 bona
499 3401 740 3466 possideri
755 3435 770 3460 ‚
789 3401 1030 3464 vendique
1047 3399 1232 3461 jubebo
1253 3421 1294 3448 1·-

415 3482 462 3528 3.
491 3481 622 3530 Dici.
654 3481 812 3528 Verba
846 3481 950 3527 haec
976 3481 1116 3528 uncie
1150 3479 1363 3538 inclusa,

335 3560 404 3608 ad
429 3577 626 3610 sensum
649 3575 765 3607 vero
790 3561 1052 3610 necessaria
1069 3595 1084 3617 ‚
1110 3574 1168 3606 ex
1191 3556 1365 3633 Lamb.

337 3641 562 3702 Desjard.
591 3637 772 3686 Schfitz
807 3649 856 3687 et
883 3641 974 3688 MS
1002 3637 1202 3688 Hotom.
1225 3655 1366 3702 repo-

337 3720 541 3768 suimus.
571 3718 770 3767 Absunt
800 3735 828 3766 a
867 3721 915 3768 J.
939 3722 1005 3768 V.
1029 3723 1086 3769 L.
1117 3730 1162 3766 et
1198 3721 1365 3768 Garat.

335 3800 558 3860 quamvis
600 3799 654 3847 in
698 3799 860 3858 notis,
898 3799 974 3846 illi
1014 3797 1120 3846 haec
1164 3798 1366 3845 omnino

339 3877 620 3942 recipienda
642 3878 936 3926 censuerint.

409 3966 460 4013 4.
496 3957 766 4025 Nonfien'.
797 3957 924 4006 Mire
947 3957 1002 4004 in
1027 3956 1082 4004 h.
1111 3954 1149 4004 l.
1189 3955 1368 4004 haesere

333 4038 494 4086 multi.
536 4038 744 4102 Optime
778 4047 938 4084 tamen
973 4035 1186 4102 explicat
1221 4035 1366 4095 Cuja-

328 4118 462 4180 cius‚
501 4133 684 4183 nempe
711 4115 1024 4172 creditorem,
1057 4113 1243 4163 etiamsi
1281 4115 1364 4164 de-

1455 3013 1592 3052 creto
1620 3006 1843 3068 praetoris
1879 3021 1981 3052 non
2014 3004 2258 3068 indigeat,
2288 3017 2345 3054 ut
2369 3009 2479 3055 mit·

1453 3093 1585 3132 tatur
1621 3083 1677 3131 in
1716 3085 2098 3147 possessionem,
2138 3087 2277 3145 jussu
2316 3097 2477 3134 tamen

1453 3163 1787 3226 permissuque
1832 3164 2055 3227 praetoris
2099 3163 2319 3228 indigere
2337 3199 2353 3224 ,
2392 3165 2477 3228 qui

1452 3243 1618 3290 nullus
1642 3245 1739 3304 eit,
1773 3245 1868 3292 nisi
1904 3246 2189 3290 nominatim
2226 3245 2477 3308 concipia-

1453 3332 1551 3369 tur.
1584 3322 1737 3385 Atqui
1772 3322 1961 3370 nullum
1994 3333 2095 3370 erat
2130 3322 2351 3385 praetoris
2383 3324 2475 3371 hac

1454 3399 1515 3448 de
1541 3418 1594 3448 re
1620 3400 1868 3449 decretum
1907 3401 2116 3466 speciale
2136 3434 2151 3459 ,
2188 3401 2331 3466 ,quod
2364 3419 2475 3465 pei·-

1451 3482 1666 3529 mitteret
1717 3481 1891 3528 Naevio
1942 3482 2231 3528 nominatim
2285 3482 2477 3545 Quintii

1451 3559 1583 3608 bona
1622 3560 1897 3624 possidere:
1950 3576 2065 3624 ergo
2098 3561 2331 3622 Quintius
2373 3577 2476 3609 non

1452 3638 1622 3687 debuit
1648 3639 1827 3695 adesse,
1852 3649 1905 3686 ut
1922 3651 2165 3687 recusaret
2183 3637 2234 3686 id
2260 3641 2399 3703 quod
2416 3641 2481 3688 ad

1453 3735 1506 3767 se
1538 3719 1829 3766 nominatim
1867 3733 1967 3764 non
2002 3717 2289 3780 pertinebat.
2323 3721 2479 3768 Nemo

1455 3797 1647 3862 putavit
1668 3795 1987 3846 recusandum
2013 3796 2149 3858 quod
2174 3811 2355 3862 praetor
2374 3799 2481 3846 {ieri

1451 3876 1679 3938 jubebat,
1714 3891 1817 3923 non
1842 3873 2152 3938 simpliciter,
2181 3878 2265 3926 sed
2298 3895 2357 3926 ex
2383 3878 2484 3926 edi-

1456 3966 1539 4004 cto
1560 3971 1671 4003 suo.
1699 3953 1773 4001 De
1800 3957 1943 4004 Praet.
1967 3955 2113 4004 edict.
2131 3957 2245 4005 vide
2272 3957 2331 4004 ad
2358 3957 2480 4004 calc'.

1456 4038 1595 4082 Verr.
1614 4036 1655 4082 1.

1531 4115 1581 4163 5.
1606 4112 1875 4164 Hominem.
1902 4116 2121 4166 Servum.

2167 4199 2229 4269 3.
