2984 4684
352 400 1459 430 mmmmmmw
1466 407 1650 427 mm
1655 406 2300 430 mmmmm
2306 410 2492 431 mm

587 624 1060 732 ALIUD
1122 622 2252 734 ARGUMENTUM.

218 924 223 929 -
350 889 546 959 Quum
572 884 779 945 Cicero
802 884 1031 945 actione
1052 886 1263 964 prima,
1286 874 1500 945 tabulis
1527 905 1596 946 ac
1627 883 1872 945 testibus
1891 888 2138 945 Verrem
2171 872 2492 961 obruisset,

426 980 761 1041 vehementi
784 980 910 1059 ejus
930 980 1153 1061 impetu
1183 982 1498 1041 exterritus
1518 982 1895 1054 Hortensius»,
1935 985 2008 1039 de
2034 995 2190 1040 statu
2213 986 2372 1041 omni
2389 988 2494 1042 de·-

414 1079 603 1153 jectus
658 1092 750 1137 est
759 1120 781 1149 ,
835 1100 939 1137 nec
976 1099 1095 1157 pro
1132 1078 1428 1155 familiari
1472 1099 1572 1137 reo
1624 1100 1878 1138 summus
1925 1092 2122 1138 orator
2163 1084 2454 1157 respondit
2468 1104 2494 1151 ,-

426 1182 597 1241 Orat.
628 1176 723 1250 37.
745 1179 963 1237 Verres
1000 1178 1128 1257 ipse
1144 1220 1161 1251 ,
1200 1190 1518 1255 antequam
1545 1197 1620 1237 ex
1659 1176 2276 1257 comperendinatione
2323 1198 2498 1238 causa

424 1274 639 1334 iterum
669 1277 762 1355 agi
787 1288 1017 1355 posset,
1048 1276 1111 1333 in
1136 1275 1410 1335 exsilium
1432 1274 1597 1335 abiit.
1627 1280 1826 1350 Quum
1857 1293 1998 1334 vero
2025 1275 2090 1333 in
2115 1274 2228 1334 hac
2253 1294 2492 1335 accusa-

426 1372 587 1432 tione
628 1392 795 1433 suam
838 1374 1233 1451 eloquentiam
1273 1374 1580 1433 continere
1625 1392 1695 1433 ac
1733 1375 2035 1434 refrenare
2069 1374 2308 1433 coactus
2343 1387 2498 1433 esset

424 1468 663 1542 Cicero,
686 1488 912 1547 neque,
943 1488 1057 1549 pro
1082 1470 1170 1529 rei
1196 1470 1482 1548 gravitate
1521 1490 1589 1529 ac
1629 1489 1737 1530 sua
1765 1469 2000 1529 dicendi
2037 1470 2244 1539 lande,
2285 1472 2499 1529 oratio-

424 1584 561 1625 nem
584 1564 804 1627 habere
827 1566 1145 1647 potuisset,
1167 1567 1283 1628 hoc
1307 1568 1368 1627 in
1394 1566 1653 1627 secunda
1685 1568 1918 1627 actione
1945 1570 2136 1627 facere
2161 1567 2495 1639 constitnit3

422 1674 484 1721 et
512 1664 779 1741 quamvis
802 1664 954 1725 hanc
982 1663 1105 1725 noii
1130 1677 1517 1744 exspectasset
1536 1671 1774 1738 Verres,
1803 1665 1981 1725 istum
2004 1677 2198 1725 tamen
2219 1665 2358 1723 totis
2379 1664 2499 1725 elo-

422 1761 679 1839 quentia
702 1761 927 1823 viribus
946 1763 1175 1842 insequi
1194 1763 1401 1837 voluit,
1420 1776 1480 1823 et
1498 1762 1669 1823 simul
1687 1763 1957 1843 querenti
1976 1762 2324 1836 Hortensio,
2341 1782 2497 1822 nova

423 1857 538 1917 hac
584 1858 797 1938 agendi
838 1860 1065 1921 ratione
1108 1879 1455 1941 oppressum
1490 1859 1668 1921 fuisse
1711 1880 1876 1921 reum
1891 1902 1910 1933 ,
1961 1859 2272 1919 ostendere
2311 1859 2499 1919 multo

426 1954 653 2015 facilius
673 1976 849 2016 causa
872 1976 1145 2018 casurum
1171 1958 1347 2019 fuisse
1363 1962 1644 2030 Verrem,
1689 1957 1740 2017 si
1765 1958 1892 2036 ejus
1923 1956 2188 2017 facinora
2215 1956 2292 2015 ab
2321 1976 2499 2015 accu-

422 2063 618 2111 satore
649 2052 897 2113 fuissent
922 2055 1251 2134 explanata.
1278 2055 1554 2117 Studium
1591 2055 1720 2134 ejus
1757 2054 1991 2115 forense
2018 2066 2308 2134 praeterea
2339 2072 2496 2111 sem—

422 2168 532 2228 per
582 2149 643 2209 in
696 2150 1025 2211 amicorum
1072 2151 1413 2212 defensione
1460 2164 1756 2213 versatum
1806 2151 1998 2212 fuerat
2013 2194 2032 2225 ‚
2081 2170 2274 2229 neque
2327 2162 2497 2209 antea

421 2264 777 2325 quemquam
812 2261 1145 2322 acclinat-an
1174 2249 1339 2328 quod
1382 2269 1570 2328 quum
1608 2249 1827 2311 faceret
1869 2249 2122 2328 denique
2136 2291 2157 2321 ‚
2201 2246 2402 2307 statuit
2431 2246 2496 2305 in

432 2342 551 2403 hoc
583 2364 705 2405 uno
734 2364 842 2405 reo
872 2345 995 2407 vim
1020 2346 1163 2407 artis
1196 2349 1572 2408 accusatoriae
1607 2347 2033 2421 demonstrare3
2057 2359 2116 2407 et
2151 2358 2494 2426 perpetuam

430 2441 782 2522 conscripsit
808 2444 1101 2504 actionem
1126 2444 1468 2517 secundam,
1514 2446 1676 2505 libris
1702 2446 1964 2524 quinque
1987 2444 2232 2505 divisam
2246 2487 2267 2517 ‚
2291 2444 2354 2501 in
2381 2461 2498 2521 qua

430 2537 602 2599 finxit
615 2546 863 2602 Verrem
887 2541 1467 2622 comperendinatim
1503 2542 1567 2600 in
1599 2541 1826 2619 judicio
1861 2540 2094 2611 adesse,
2142 2538 2498 2618 respondere

432 2646 495 2695 et
513 2634 771 2697 defendi.

509 2736 663 2795 Tota
695 2735 987 2795 accusatio
1031 2736 1095 2795 in
1130 2748 1387 2815 quatuor
1412 2736 1610 2815 capita
1634 2734 2045 2806 distribuimu
2071 2751 2326 2813 quorum
2358 2732 2468 2791 tria
2481 2775 2498 2801 ,

430 2841 739 2907 questum
768 2831 1083 2906 nimirum;
1124 2833 1427 2913 legationis
1457 2832 1524 2891 in
1553 2831 1724 2905 Asia,
1763 2830 1983 2892 Achaia
2021 2843 2084 2891 et
2117 2829 2514 2909 Pamphylia,

433 2936 494 2987 et
523 2939 795 3006 protum
816 2928 1083 3005 urbm,
1124 2930 1283 2991 unde
1312 2931 1493 2991 traxit
1520 2948 1736 2990 nomen
1763 2929 1956 2988 oratio
1977 2972 1996 3001 ,
2021 2927 2138 2987 hoc
2165 2926 2325 2987 libro
2347 2946 2495 2985 con-—

434 3023 711 3087 tinemut.
730 3030 1023 3101 Quartum
1041 3042 1250 3110 caput,
1272 3028 1351 3089 de
1368 3043 1632 3109 praetura
1649 3027 1942 3091 Siciliensi
1963 3074 1984 3103 ‚
2003 3025 2166 3107 quod
2191 3025 2498 3103 proprium

430 3135 523 3182 est
548 3122 793 3202 hujusce
812 3126 1155 3206 quaestionis
1176 3126 1253 3186 de
1274 3124 1652 3205 repetundis,
1691 3126 1756 3183 in
1780 3136 2056 3203 quatuor,
2084 3121 2190 3201 qui
2217 3122 2378 3181 hune
2403 3141 2500 3181 se-

432 3229 714 3297 quuntur,
746 3220 913 3282 libris
938 3235 1243 3289 metatur.
1278 3228 1479 3297 Quum
1514 3241 1658 3281 vero
1695 3240 1822 3281 mos
1849 3234 2001 3280 oeset
2023 3218 2180 3299 apud
2203 3222 2499 3278 Romanos

434 3327 505 3375 ut
522 3328 829 3376 accusator
849 3336 969 3377 non
996 3338 1065 3379 ea
1100 3332 1327 3379 tantum
1366 3328 1717 3397 exponeret,
1762 3336 1894 3396 quae
1921 3316 1997 3375 ad
2027 3316 2222 3396 ipsum
2247 3314 2498 3389 crimen,

432 3411 509 3473 de
535 3432 659 3492 quo
690 3414 1016 3492 postulatus
1041 3429 1191 3477 esset
1216 3435 1385 3489 reus,
1425 3415 1820 3494 pertinerent,
1865 3412 1970 3473 aed
1999 3426 2065 3472 et
2095 3426 2280 3472 totam
2321 3411 2500 3471 vitum

432 3520 761 3569 anteactam
782 3507 1111 3590 indagant,
1152 3512 1214 3571 in
1243 3512 1369 3571 hoc
1409 3512 1604 3591 primo
1630 3510 1785 3571 libro
1812 3510 2016 3570 Verris
2049 3507 2266 3589 flagitia
2296 3508 2436 3567 inde
2465 3528 2500 3567 a

432 3617 731 3683 qnaesmra
752 3624 937 3684 usqoe
958 3606 1035 3667 ad
1056 3622 1371 3687 promtam
1390 3608 1676 3668 urbanam
1691 3620 2090 3686 exponuntur.
2109 3610 2328 3684 Estque
2349 3604 2498 3664 adeo

286 3706 303 3719 '
434 3701 532 3761 hic
555 3700 709 3763 liber
728 3703 897 3783 quasi
918 3703 1281 3766 introductio
1304 3706 1381 3767 ad
1398 3707 1594 3786 ipsam
1615 3705 2046 3765 accusationem
2061 3746 2082 3777 ,
2109 3716 2180 3763 ut
2202 3702 2500 3783 praemissa

436 3818 507 3859 ea
524 3799 744 3859 scelera
766 3798 1045 3877 majorem
1067 3816 1401 3881 sequuturae
1422 3801 1780 3863 accusationi
1811 3800 1988 3860 fidem
2017 3800 2298 3873 afferant,
2333 3813 2396 3859 et
2425 3799 2500 3859 ad

438 3914 591 3955 nova
630 3897 947 3959 Siciliensis
988 3912 1259 3978 praeturae
1302 3902 1558 3963 facinora
1594 3900 1822 3980 judices
1857 3899 2026 3979 quasi
2065 3918 2244 3959 manu
2285 3898 2500 3958 dueere

442 3992 765 4055 videantur.

519 4094 782 4155 Fuerunt
808 4095 947 4155 olim
970 4096 1074 4175 qui
1103 4110 1325 4176 septem
1352 4098 1648 4157 orationes
1665 4098 1940 4157 verrinas
1959 4088 2334 4155 numerarent
2353 4112 2500 4152 con-
