2984 4684
461 394 602 480 562}
1245 396 1791 468 EXGURSUS

453 517 778 599 videntur,
799 518 864 579 in
889 516 1330 609 examinandis
1353 518 1665 583 nimirum
1685 516 2184 607 publicanorum
2208 517 2590 584 rationibus.

453 624 602 689 Vid.
622 624 825 687 Cicer.
843 612 928 687 ad
949 626 1080 688 Att.
1107 622 1218 687 lib.
1245 622 1356 703 lv,
1381 646 1483 711 ep.
1516 646 1542 687 1
1562 646 1614 688 1.
1640 622 1985 711 Vectigalis
2012 624 2345 713 scripturae
2364 648 2590 689 curam

453 727 806 817 aliquando
830 727 1046 793 aediles
1078 730 1348 819 gessisse
1373 744 1641 817 apparet
1666 750 1746 793 ex
1768 726 2003 793 ovidio
2023 752 2219 818 supra
2240 732 2456 796 citato.

545 836 792 899 Omnes
835 835 950 923 qui
995 834 1365 925 reipublicoe
1399 834 1732 923 vectigalia
1770 832 2208 918 redimebant,
2254 838 2597 901 communi

459 942 728 1007 nomine
767 939 1152 1005 dicebantur
1199 940 1563 1031 publicani,
1606 964 1645 1004 a
1674 940 1941 1030 publico
1966 988 1985 1023 ,
2023 941 2205 1030 quod
2238 941 2415 1031 apud
2454 944 2593 1009 Cic.

455 1073 578 1139 pro
609 1048 772 1113 Rab.
802 1047 976 1113 Post.
1009 1068 1152 1136 cap.
1177 1070 1216 1113 2
1236 1096 1255 1128 ,
1283 1062 1350 1111 et
1377 1046 1537 1111 alios
1566 1046 1781 1111 bonos
1810 1064 2144 1125 auctores,
2178 1047 2357 1113 idem
2392 1066 2489 1114 est
2518 1073 2595 1115 ae

452 1153 740 1243 vectigal.
793 1154 900 1219 Sic
940 1152 1024 1217 ad
1065 1156 1149 1236 Q.
1187 1155 1390 1219 Fratr.
1433 1154 1466 1217 1
1482 1202 1503 1234 ,
1542 1177 1568 1217 1
1594 1176 1611 1218 z
1659 1185 1686 1210 ι
1706 1170 1775 1219 et
1812 1154 2175 1243 publicanis
2210 1156 2555 1221 satisficias
2572 1206 2593 1239 ,

453 1261 802 1349 praesertim
839 1260 1116 1349 publicis
1155 1259 1322 1323 male
1351 1258 1765 1349 redemptis».
1794 1258 1947 1325 Νοιι
1980 1278 2166 1325 erant
2186 1260 2312 1325 vile
2350 1278 2419 1325 et
2448 1284 2595 1327 sor-

455 1366 682 1430 didum
716 1366 1064 1430 hominum
1099 1387 1346 1453 genus,
1385 1362 1503 1429 sed
1538 1382 1725 1430 erant
1768 1388 1848 1429 ex
1886 1396 1913 1421 α
1932 1366 2217 1454 equestri
2249 1367 2595 1456 splendore

452 1472 786 1555 homines,
819 1469 937 1536 flos
971 1471 1265 1559 equitum
1291 1492 1753 1552 romanorum,
1790 1488 2255 1537 ornamentum
2290 1473 2597 1555 civitatis,

455 1576 936 1641 firmamentum
969 1577 1174 1665 reip.»
1201 1574 1415 1663 inquit
1435 1576 1667 1641 Cicero
1694 1598 1817 1664 pro
1844 1576 2139 1659 Plancio,
2166 1599 2306 1667 cap.
2330 1601 2393 1664 9.
2419 1578 2597 1666 Ergo

455 1683 954 1771 publicanorum
997 1680 1163 1747 ordo
1217 1681 1549 1770 equitibus
1597 1684 1885 1747 romanis
1930 1683 2259 1765 constitit,
2312 1706 2387 1748 ac
2432 1685 2595 1749 nulli

453 1791 588 1853 fere
625 1790 731 1853 alii
777 1790 1046 1853 fuerunt
1077 1788 1440 1877 publicani,
1482 1810 1681 1875 quam
1722 1790 1973 1876 equites
2020 1790 2321 1855 romani:
2374 1790 2595 1879 itaque

457 1918 627 1983 saepe
661 1917 781 1982 pro
815 1893 1146 1981 equitibus
1178 1908 1603 1980 usurpantur.

544 2002 874 2085 Quoniam
907 2000 1316 2089 vectigalium
1349 1998 1714 2088 redemptio
1748 2024 1851 2066 res
1872 2017 2010 2066 erat
2040 2002 2313 2068 maximi
2342 2003 2598 2093 impen-

454 2107 580 2188 dii,
613 2106 696 2171 ad
733 2120 944 2192 quam¹
959 2102 1408 2169 sustinendam
1445 2104 1659 2193 ampla
1693 2106 1970 2193 pecunia
2002 2130 2169 2196 opus
2206 2110 2403 2188 foret,
2440 2111 2595 2199 quia

453 2213 656 2277 totius
693 2210 964 2290 alicujus
1005 2209 1354 2298 provinciae
1393 2212 1723 2299 vectigalia
1743 2258 1763 2293 ,
1814 2229 2011 2301 atque
2042 2236 2117 2279 ea
2150 2237 2321 2302 saepe
2356 2214 2591 2281 diversi

455 2319 726 2406 generis,
748 2332 824 2381 ut
841 2316 1208 2405 portorium
1229 2331 1295 2379 et
1319 2316 1671 2405 scriptura,
1710 2317 1905 2382 simul
1930 2318 2439 2405 redimebantur,
2458 2346 2591 2387 non

454 2441 591 2489 erat
614 2423 812 2487 unius
828 2471 845 2505 ,
865 2421 1160 2511 quamvis
1179 2420 1511 2502 ditissimi,
1542 2444 1617 2486 ea
1634 2422 1975 2489 redimere.
2008 2426 2239 2515 Itaque
2258 2429 2595 2494 societates

454 2530 810 2611 inibantur,
845 2544 923 2592 ut
952 2527 1199 2592 collatae
1235 2550 1390 2615 opes
1425 2527 1673 2593 facilius
1704 2526 2081 2595 sufficerent
2116 2532 2447 2599 immensoe
2482 2556 2595 2599 ve-

453 2636 784 2727 ctigalium
813 2631 1380 2698 administrationi.
1419 2633 1591 2697 Hinc
1622 2633 1929 2721 frequens
1972 2638 2337 2721 sociorum,
2388 2657 2455 2704 et
2484 2662 2595 2705 so·

453 2742 700 2807 cietatis
719 2786 738 2821 ,
797 2757 1006 2826 quum
1051 2738 1134 2802 de
1173 2737 1535 2826 publicanis
1564 2739 1815 2828 agitur,
1862 2741 2111 2807 mentio
2144 2746 2379 2831 passim
2419 2746 2597 2835 apud

457 2849 872 2927 Ciceronem,
909 2861 974 2909 et
1010 2846 1168 2911 alios
1215 2846 1519 2911 occurrit.
1566 2847 1733 2910 Inita
1766 2849 2111 2931 societate,
2151 2852 2435 2916 locatum
2468 2852 2592 2917 sibi

455 2953 800 3044 provineiae
829 2942 1098 3031 alicujus
1129 2950 1399 3039 vectigal
1431 2953 1591 3016 socii
1626 2953 1797 3017 inter
1826 2978 1896 3017 se
1928 2955 1993 3018 in
2030 2974 2244 3043 partes
2272 2974 2404 3039 tot,
2432 2974 2595 3045 quot

453 3075 636 3124 erant
653 3058 804 3148 ipsi,
825 3056 1302 3122 distribuebant
1317 3106 1336 3139 ,
1358 3074 1424 3123 et
1448 3081 1630 3123 suam
1652 3060 1891 3148 cuique
1913 3079 2165 3149 partem
2194 3086 2315 3151 pro
2342 3066 2595 3129 ratione

455 3166 763 3257 pecuniae,
783 3187 978 3252 quam
1001 3165 1068 3229 in
1095 3164 1462 3229 societatem
1490 3167 1933 3249 contulerant,
1966 3169 2397 3259 assignabant.
2422 3172 2595 3237 Hinc

456 3274 538 3338 ‹le
569 3270 832 3337 Rabirio
860 3271 1177 3335 Postumo
1202 3271 1430 3334 Cicero
1461 3268 1618 3334 dicit
1644 3272 1713 3335 in
1744 3274 1881 3353 ejus
1910 3271 2315 3359 defensione,
2346 3299 2485 3365 cap.
2518 3300 2593 3359 2,

455 3400 719 3469 magnas
767 3399 916 3441 eum
956 3390 1171 3463 partes
1209 3374 1514 3440 habuisse
1553 3378 1967 3464 publicorum
1988 3427 2006 3462 ,
2044 3380 2172 3444 hoc
2204 3398 2331 3463 est,
2363 3383 2593 3471 populi

456 3484 708 3551 romani
738 3481 1180 3569 vectigalium,
1209 3481 1394 3567 quia,
1437 3481 1619 3569 quod
1654 3500 1791 3547 erat
1822 3484 2211 3567 ditissimus,
2248 3488 2592 3571 majorem,

455 3614 650 3679 quam
688 3586 918 3675 reliqui
955 3586 1146 3667 socii,
1180 3588 1525 3674 pecuniam
1556 3589 1625 3653 in
1658 3591 2031 3655 societatem
2062 3592 2447 3657 contulerat.

542 3695 836 3759 Partibus
873 3694 962 3757 ita
1003 3691 1362 3758 distributis
1403 3692 1667 3759 ditiores
1715 3696 2076 3785 publicani,
2112 3697 2168 3760 si
2200 3698 2465 3785 quando
2496 3716 2593 3765 te-

457 3800 794 3863 nuioribus
831 3799 1082 3880 amicis,
1121 3816 1188 3863 et
1221 3798 1337 3887 qui
1367 3798 1763 3865 redimendis
1798 3802 2215 3891 vectigalibus
2240 3826 2425 3893 pares
2454 3828 2589 3871 non

455 3900 668 3969 essent
687 3952 706 3985 ,
753 3904 1092 3992 gratificari
1135 3904 1370 3967 vellent
1391 3952 1410 3987 ,
1455 3905 1797 3992 particulas
1849 3906 2093 3995 aliquas
2142 3909 2591 3976 concedebant

453 4010 629 4078 unde
676 4032 812 4071 rem
851 4011 1059 4073 facere
1093 4028 1378 4095 possent.
1417 4011 1619 4075 Cicer.
1662 4010 1823 4077 ibid.
1864 4014 2072 4079 Valer.
2110 4016 2281 4081 Max.
2320 4016 2433 4081 lib.
2466 4018 2589 4097 vl,

457 4140 596 4205 cap.
635 4138 711 4199 9,
741 4118 774 4195 §
806 4136 866 4201 7.
