2984 4684
814 329 1200 398 ORATIO
1249 329 1455 398 PRO
1506 331 1573 398 S.
1626 329 2035 400 ROSCIO.
2399 337 2482 408 81

345 465 712 551 quantum
747 447 966 522 distet
994 455 1526 548 argumentatio
1558 465 1683 522 tua
1715 451 1809 524 ab
1844 478 1923 524 re
1962 456 2153 553 ipsa,
2192 470 2411 555 atque
2446 483 2489 530 a

343 566 670 636 veritate.
705 560 926 653 Quod
963 560 1493 633 consuetudine
1523 575 1762 660 patres
1792 560 2105 652 faciunt,
2136 562 2212 636 id
2230 618 2251 654 ,
2282 571 2487 664 quasi

346 697 628 744 novum
647 725 668 762 ‚
697 670 1205 770 reprehendis3
1247 671 1450 770 quod
1493 670 1985 744 benivolentia
2018 671 2102 745 fit
2121 729 2141 764 ,
2188 675 2265 746 id
2313 677 2485 751 odio

345 782 626 854 factum
666 784 1100 870 criminaris;
1130 780 1333 880 quod
1365 781 1667 854 honoris
1698 805 1915 874 causa
1941 799 2145 882 pater
2174 783 2327 858 filio
2353 813 2489 861 suo

345 896 747 982 concessit,
785 892 861 964 id
894 917 1064 964 eum
1092 893 1428 991 supplicii
1462 916 1677 965 causa
1705 891 1956 965 fecisse
1988 893 2191 967 dicis.
2234 901 2491 996 Neque

343 1003 506 1076 haec
535 1019 620 1074 tu
645 1028 798 1074 non
825 1002 1208 1100 intelligis3
1240 1001 1370 1074 sed
1397 1027 1631 1100 usque
1659 1027 1774 1091 e0,
1801 1000 1980 1101 quid
2007 1027 2263 1100 arguas
2280 1062 2301 1096 ,
2333 1032 2486 1080 non

345 1111 580 1184 habes
600 1166 622 1201 ,
662 1126 746 1182 ut
767 1136 919 1183 non
952 1110 1176 1182 modo
1208 1110 1345 1182 tibi
1373 1125 1627 1184 contra
1652 1137 1787 1184 nos
1816 1110 2209 1185 dicendum
2239 1132 2491 1215 putes,

345 1247 607 1294 verum
650 1225 866 1293 etiam
910 1235 1162 1292 contra
1195 1246 1440 1292 rerum
1473 1237 1841 1310 naturam,
1872 1237 2271 1322 contraque
2314 1252 2491 1300 con-

347 1330 819 1405 suetudinem
845 1331 1266 1420 hominum,
1291 1347 1691 1430 contraque
1724 1335 2107 1430 opiniones
2134 1341 2491 1414 omnium.

446 1445 636 1514 XVI.
663 1446 756 1513 At
780 1443 976 1512 enim
998 1450 1050 1528 ¹,
1071 1464 1306 1537 quum
1329 1440 1516 1513 duos
1538 1441 1725 1514 filios
1749 1441 2053 1515 haberet
2068 1497 2089 1528 ,
2114 1445 2419 1520 alterum
2447 1474 2491 1523 a

349 1579 428 1625 se
447 1577 602 1623 non
629 1548 1062 1638 dimittebat,
1077 1550 1386 1622 alterum
1413 1553 1564 1621 ruri
1588 1565 1745 1622 esse·
1761 1550 2189 1650 patiebatur.
2208 1557 2497 1650 Quaeso,

349 1665 610 1748 Eruci,
657 1675 740 1730 ut
781 1659 926 1730 hoc
968 1661 1047 1729 in
1079 1657 1350 1730 bonam
1383 1674 1663 1759 partem
1700 1664 2007 1760 accipias
2038 1689 2055 1732 z
2090 1689 2242 1736 non
2292 1671 2493 1740 enim

352 1769 848 1870 exprobrandi
879 1793 1090 1840 causa
1111 1822 1132 1857 ,
1163 1767 1290 1840 sed
1325 1769 1839 1842 commonendi
1871 1775 2097 1868 gratia
2124 1774 2381 1848 dicam.
2422 1781 2495 1850 Si

353 1882 490 1956 tibi
527 1880 820 1952 fortuna
855 1905 1008 1952 non
1044 1879 1280 1969 dedit,
1323 1893 1408 1950 ut
1435 1893 1640 1978 patre
1674 1891 1919 1952 certo²
1952 1906 2363 1975 nascerere,
2406 1913 2497 1960 ex

351 2017 512 2090 quo
549 1991 952 2087 intelligere
983 2013 1231 2089 posses
1252 2043 1272 2078 ,
1317 1992 1446 2086 qui
1478 1991 1765 2060 animus
1805 1993 2081 2090 patrius
2110 1997 2188 2065 in
2224 1995 2497 2070 liberos

355 2117 583 2191 esset,
606 2116 683 2173 at
703 2115 958 2174 natura
981 2115 1174 2172 certe
1197 2099 1398 2171 dedit
1413 2154 1433 2189 ,
1455 2114 1542 2171 ut
1562 2098 2030 2172 humanitatis
2056 2127 2207 2174 non
2232 2130 2496 2204 parum

353 2212 688 2285 habereS.
719 2215 827 2283 Eo
851 2213 1150 2282 accessit
1179 2207 1505 2281 studium
1532 2208 1914 2300 doctrinm,
1950 2227 2035 2283 ut
2065 2238 2158 2286 ne
2190 2239 2235 2286 a
2267 2217 2497 2291 literis

356 2320 663 2421 quidem
694 2321 974 2393 alienus
1005 2345 1214 2392 esses·
1258 2318 1541 2417 Ecquid
1575 2318 1868 2394 tandem
1904 2320 2038 2393 tibi
2070 2323 2384 2418 videtur,
2416 2344 2512 2400 ut·

356 2430 454 2504 ad
494 2429 777 2502 fabulas
819 2432 1232 2514 veniamu5‚
1271 2453 1492 2500 senex
1523 2429 1643 2501 ille
1676 2431 2097 2504 Caecilianus
2117 2429 2147 2478 3
2194 2439 2499 2511 minoris

357 2539 598 2614 facere
643 2538 1093 2636 Eutychum,
1117 2535 1352 2610 filium
1387 2543 1781 2629 rusticum,
1832 2565 2050 2639 quam
2082 2544 2293 2616 illum
2330 2549 2501 2620 alte*

358 2678 553 2740 rum,
571 2649 1125 2724 Chaerestratum
1167 2648 1391 2745 (nam,
1407 2664 1492 2721 ut
1517 2651 1804 2748 opinor,
1840 2649 1985 2723 hoc
2003 2658 2303 2727 nomine
2321 2656 2501 2752 est)?

356 2763 674 2841 alterum
699 2762 778 2830 in
810 2758 994 2830 urbe
1021 2783 1270 2830 secum
1287 2758 1589 2830 honoris
1614 2783 1827 2832 causa
1852 2759 2165 2834 habere?
2188 2765 2497 2839 alterum

359 2899 488 2946 rus
537 2872 876 2971 supplicii
927 2876 1142 2944 ca'usa
1187 2868 1592 2967 relegasse?
1624 2867 1821 2962 Quid
1868 2870 1963 2942 ad
1992 2875 2161 2946 istas
2192 2877 2505 2976 ineptias

355 2982 564 3054 abis?
610 2985 918 3080 inquieS.
958 2982 1182 3073 Quasi
1227 2983 1444 3052 vero'*
1481 2979 1661 3052 mihi
1706 2979 2001 3056 difficile
2040 2985 2133 3056 sit
2166 2992 2501 3085 quamvis

359 3093 638 3165 multos
685 3094 1116 3163 nominatim
1159 3088 1485 3190 proferre
1504 3143 1523 3177 ,
1574 3115 1669 3162 ne
1713 3091 2003 3190 longius
2045 3093 2299 3169 abeam
2320 3152 2341 3188 ,
2384 3100 2503 3172 vel

361 3203 672 3275 tribules
684 3199 741 3291 ⁵,
765 3203 880 3276 vel
907 3204 1184 3274 vicinos
1209 3225 1434 3288 meOS,
1459 3202 1589 3296 qui
1622 3225 1793 3274 suos
1821 3201 2115 3294 liberos,
2136 3231 2323 3304 quos
2347 3207 2507 3305 plu·

363 3315 532 3384 rimi
571 3310 852 3383 faciunt
870 3363 892 3400 ,
935 3309 1283 3408 agricolas
1311 3307 1641 3381 assiduos
1672 3334 1825 3382 esse
1871 3317 2199 3412 cupiunt.
2229 3321 2503 3390 Verum

435 3513 577 3560 xvt
609 3525 656 3559 x.
693 3511 764 3558 Ae
791 3509 938 3560 enine.
977 3511 1210 3573 Obiectio
1245 3512 1386 3575 euim
1545 3512 1596 3560 3.
1627 3511 1932 3566 caecilianus.
1958 3515 2195 3564 Inductus
2218 3531 2245 3564 ι
2279 3517 2505 3580 Caecilio,

361 3590 1118 3640 oemmatzffituexincetto
1145 3601 1386 3656 μευ-σω·
1473 3591 1763 3657 qui‚poeu
1790 3593 2502 3658 couniens,ltomoessooebat,

363 3681 475 3728 tus,
510 3669 670 3718 aad:
693 3669 804 3733 quis
827 3670 892 3719 sit
914 3669 1104 3735 patrius
1128 3671 1180 3718 in
1205 3671 1386 3720 liberos
1471 3669 1621 3719 Ennii
1654 3671 1989 3734 temporibus,
2027 3671 2156 3720 circ·
2186 3677 2503 3741 annum-180

359 3763 522 3805 mor,
543 3758 708 3796 umen
730 3749 809 3796 vel
831 3747 988 3798 literis
1011 3749 1136 3798 scite
1160 3749 1386 3814 potuisti,
1473 3759 1587 3798 ame
1612 3748 1881 3801 uhu-istum.

359 3845 392 3876 a
411 3825 598 3891 quibus
621 3841 726 3874 non
746 3841 800 3874 a
823 3827 1008 3876 alienun
1023 3863 1039 3888 ,
1069 3827 1386 3892 quemdmo-
1546 3836 1599 3884 4.
1644 3827 1800 3892 Quasi
1847 3843 1984 3877 vero.
2040 3829 2303 3892 Subiectio.
2351 3836 2505 3898 Quasi

361 3907 488 3957 dum
511 3903 646 3954 filio·
669 3915 832 3970 putre·
856 3905 1080 3972 diligant.
1476 3909 1681 3974 penuria
1699 3907 2031 3968 exemplorum
2050 3907 2115 3956 ad
2133 3909 2321 3960 fibulas
2336 3913 2509 3962 decur-

440 4001 491 4033 ².
525 3985 684 4033 cmo.
716 3986 972 4050 lagitimo.
997 3987 1046 4036 A
1071 3987 1239 4038 matris
1263 3987 1393 4043 insn-
1481 3985 1658 4048 mrim
1687 4001 1787 4032 non
1808 3985 1927 4034 mihi
1950 3983 2183 4049 difficile,
2210 4001 2307 4038 etc.
2414 4007 2418 4014 ·

361 4065 466 4116 mia
487 4063 680 4114 mordet
695 4066 940 4114 Erucium.
1193 4105 1198 4110 .
1561 4064 1615 4112 5.
1650 4063 1889 4116 Tn'bedos.
1924 4067 2025 4131 Qui
2063 4085 2126 4118 οι
2160 4069 2331 4118 eaden
2376 4069 2511 4119 tribu

565 4153 624 4220 Ῑ.
671 4166 760 4214 Cic.
778 4180 892 4230 pars
912 4163 1128 4214 secunda.
2226 4154 2273 4224 6
