2984 4684
1048 408 1829 480 ARGUMENTUM.
2372 405 2509 493 243

449 541 630 621 coepit
673 558 846 599 causa
885 538 1055 599 nonis
1108 538 1410 600 sextilibus
1427 581 1447 611 ‚
1500 539 1853 617 duravitque
1899 557 2115 596 novem
2174 534 2381 595 diebus
2437 536 2511 595 ad

453 661 559 699 xix
584 638 700 697 kal.
727 650 874 716 sept.

532 742 680 795 Tam
715 734 1043 795 vehementi
1083 734 1480 795 Ciceronianae
1526 733 1907 794 accusationis
1944 734 2169 811 impetu
2204 734 2515 791 exterritus

453 846 543 893 est
569 833 913 895 Hortensius
929 875 946 903 ‚
967 846 1034 891 ut
1059 832 1258 891 Verris
1288 832 1595 912 desperata
1616 832 1805 891 salute
1820 875 1837 905 ,
1859 830 2260 891 defensionem
2284 851 2515 890 omnem

456 932 774 1004 omitteret,
803 944 862 991 et
886 931 1010 1010 ipse
1026 935 1238 1005 Verres
1263 951 1381 989 non
1419 930 1663 989 alteram
1690 930 1977 988 actionem
2007 942 2370 1008 exspectans,
2413 948 2519 988 sua

457 1042 664 1107 sponte
715 1027 922 1087 abierit
965 1026 1028 1085 in
1067 1028 1365 1101 exsilium,
1408 1027 1472 1086 in
1520 1047 1641 1106 quo
1682 1047 1865 1105 quum
1908 1026 2300 1087 consenuisset
2316 1070 2334 1099 ,
2382 1046 2519 1086 eum

458 1125 809 1208 proscriptio
843 1125 1215 1185 triumviralis
1237 1169 1254 1199 ,
1299 1146 1430 1204 quae
1455 1126 1802 1185 Ciceronem
1827 1124 1951 1202 jam
1980 1135 2149 1184 antea
2176 1125 2487 1184 sustulerat
2503 1166 2520 1192 ‚

457 1223 716 1283 abstulit.
752 1223 1148 1301 Proscriptum
1174 1227 1422 1281 Verrem
1455 1222 1529 1282 ab
1558 1225 1811 1282 Antonio
1844 1222 2018 1281 fuisse
2049 1234 2251 1281 narrat
2276 1221 2522 1294 Plinius,

457 1325 734 1393 XXXIV,
758 1322 814 1393 3,
839 1319 998 1398 quod
1026 1319 1344 1380 Corinthiis
1367 1320 1523 1380 vasis
1545 1340 1607 1379 se
1632 1320 1689 1379 ei
1712 1340 2013 1379 cessurum
2029 1318 2373 1397 negavisset.

539 1423 674 1477 Non
695 1415 1010 1475 absurdum
1037 1416 1213 1475 suerit
1239 1436 1476 1476 monere
1504 1417 1882 1476 Plutarchum
1908 1459 1924 1489 ,
1961 1416 2023 1475 in
2044 1417 2167 1474 vita
2190 1414 2518 1486 Ciceronis»,

458 1514 533 1573 de
565 1527 686 1573 tota
709 1514 910 1573 Verris
938 1513 1040 1573 lite
1076 1513 1158 1572 sic
1198 1514 1363 1592 loqui
1384 1558 1400 1583 ,
1443 1527 1512 1573 ut
1545 1516 1722 1593 plane
1761 1514 1975 1592 hospes
2004 1525 2063 1571 et
2090 1512 2431 1591 peregrinus
2452 1512 2517 1569 in

461 1611 702 1670 historia
725 1630 965 1669 romana
990 1630 1115 1669 esse
1137 1609 1423 1669 videatur.
1441 1608 1594 1669 Vide
1621 1610 1697 1669 ad
1720 1609 1838 1670 Cic.
1854 1609 1959 1669 vit.
1978 1608 2192 1669 Rualdi
2212 1607 2517 1668 Animadv.

463 1712 645 1769 XXX
658 1751 678 1782 ‚
705 1721 766 1768 et
783 1708 968 1768 ultim.
990 1707 1063 1768 ad
1087 1708 1239 1769 hanc
1257 1722 1404 1767 orat.
1425 1722 1646 1767 notam.

2188 4224 2293 4294 16.
