2984 4684
500 379 640 475 370
1096 379 1193 446 M.
1249 379 1328 446 T.
1383 379 1953 449 CICERONIS

495 527 651 572 non
703 511 1005 598 putaret.
1031 498 1167 570 sibi
1213 499 1592 600 expedire,
1634 501 1731 572 ita
1767 501 2093 600 accipere
2112 556 2133 589 ‚
2183 525 2281 576 ne
2302 501 2333 548 ⁵
2383 504 2646 580 eodem

493 611 716 684 modo
741 607 1199 682 reddendum
1229 625 1418 684 esset
1449 637 1467 679 τ
1510 621 1759 706 negat,
1786 608 1864 681 id
1894 609 2033 682 sibi
2060 609 2392 704 deberi⁶3
2424 633 2647 714 negat

493 723 835 821 oportere
871 720 1078 818 exigi.
1122 725 1262 792 Iste
1301 719 1718 792 Rabonium
1750 720 2127 817 quiescere
2156 721 2405 819 jubet3
2449 741 2523 798 et
2552 729 2647 798 si-

489 830 646 901 mul
677 832 744 902 ei
769 830 1198 904 nonnullam
1225 854 1430 930 spem
1453 831 1845 903 societatis?
1872 831 2229 904 ostendit:
2266 833 2643 908 hominem

489 941 905 1016 modestum
920 936 978 1032 ⁸,
1021 957 1094 1014 et
1135 943 1436 1014 minime
1487 943 1931 1040 pertinacem
1950 996 1970 1027 ‚
2026 939 2235 1014 facile
2294 961 2637 1018 coercet:

484 1052 861 1123 columnas
889 1053 988 1122 ita
1024 1073 1102 1124 se
1141 1065 1567 1122 exacturum
1612 1075 1768 1123 esse
1798 1050 2205 1125 confirmat.
2242 1059 2449 1128 Nova
2488 1081 2639 1145 res,

480 1177 700 1260 atque
761 1163 1154 1258 improvisa
1205 1160 1469 1259 pupilli
1536 1159 1899 1233 calamitas
1962 1165 2345 1236 nuntiatur
2394 1169 2639 1239 statim

479 1277 560 1344 C.
594 1272 864 1344 Mustio
885 1325 906 1360 ‚
965 1271 1220 1341 vitrico
1269 1269 1577 1367 pupilli,
1632 1272 1761 1368 qui
1818 1295 2055 1370 nuper
2100 1289 2211 1346 est
2250 1291 2636 1368 mortuus3

483 1383 582 1452 M.
612 1381 865 1467 sunio,
905 1394 1203 1478 patrum
1243 1381 1322 1450 P.
1355 1379 1657 1466 Potitio,
1696 1383 1957 1470 tutori,
1994 1381 2280 1454 homini
2310 1383 2639 1484 frugalis-

479 1494 686 1563 simo.
733 1490 826 1562 Hi
851 1515 1008 1561 rem
1045 1489 1138 1561 ad
1168 1491 1408 1560 virum
1436 1490 1899 1587 primarium,
1938 1515 2229 1566 summo
2265 1493 2511 1568 officio
2546 1523 2636 1570 ac

477 1605 744 1673 virtute
786 1599 1206 1699 praeditum,
1235 1601 1333 1669 M.
1363 1599 1822 1691 Marcellum,
1862 1603 1993 1700 qui
2027 1619 2183 1676 erat
2218 1607 2479 1703 pupilli
2508 1622 2635 1680 tu-

477 1729 618 1799 tor,
651 1709 1014 1785 deferunt.
1045 1711 1264 1780 Venit
1299 1707 1392 1780 ad
1411 1711 1715 1780 Verrem
1746 1713 1843 1780 Μ.
1872 1713 2301 1784 Marcellus:
2329 1717 2513 1812 petit
2534 1712 2631 1787 ab

472 1847 562 1895 eo
579 1875 600 1910 ‚
626 1845 762 1920 pro
785 1844 915 1892 sua
943 1817 1138 1890 fides»
1163 1842 1246 1890 ac
1277 1815 1650 1914 diligentia
1666 1871 1687 1908 ,
1714 1818 2047 1916 pluribus
2074 1814 2355 1912 uerbis,
2372 1849 2469 1898 ne
2496 1849 2633 1922 per

475 1953 834 2004 summam
875 1929 1218 2024 injuriam
1259 1927 1625 2026 pupillum
1664 1930 1965 2000 Iunium
2007 1927 2320 2006 fortunis
2368 1936 2631 2031 patriis

473 2057 785 2118 conetur
815 2052 1158 2112 evertere.
1209 2042 1383 2127 Iste,
1431 2039 1561 2135 qui
1589 2039 1739 2134 jam
1778 2063 1907 2138 spe
1944 2055 2015 2112 et
2058 2045 2411 2141 opinione
2448 2068 2626 2143 prae·

474 2153 642 2224 dam
678 2150 877 2222 illam
913 2147 1324 2220 devorasset
1341 2201 1362 2234 ‚
1397 2172 1642 2245 neque
1684 2149 1835 2222 ulla
1866 2153 2205 2248 aequitate
2240 2154 2591 2228 orationis
2610 2210 2631 2244 ,

469 2287 713 2361 neque
747 2260 1174 2333 auctoritate
1195 2263 1296 2330 M.
1322 2259 1681 2349 Marcelli,
1714 2276 2125 2336 commotus
2160 2277 2289 2336 est.
2322 2267 2583 2362 ltaque
2602 2321 2623 2354 ‚

471 2369 1094 2472 quemadmodum
1153 2368 1621 2459 ostendisset,
1674 2395 1751 2442 se
1816 2370 1893 2442 id
1940 2387 2371 2446 exacturum
2422 2398 2618 2465 esse,

469 2482 870 2582 respondit.
923 2483 1176 2573 Quum
1211 2478 1347 2553 sibi
1388 2505 1647 2553 omnes
1682 2479 1775 2554 ad
1808 2485 2027 2554 istum
2072 2483 2537 2582 allegationes
2560 2497 2627 2532 ¹⁰

467 2593 834 2679 difficiles,
867 2616 1127 2666 omnes
1159 2591 1396 2664 aditus
1431 2590 1735 2683 arduos,
1782 2617 1869 2665 ac
1901 2596 2147 2692 potius
2186 2596 2623 2668 interclusos

465 2706 833 2794 viderent,
871 2702 1070 2804 apud
1101 2727 1326 2801 quem
1365 2727 1517 2775 non
1545 2703 1665 2798 jus
1689 2759 1709 2792 ‚
1734 2728 1889 2776 non
1920 2707 2257 2802 aequitas»,
2298 2733 2449 2780 non
2480 2710 2618 2780 mi-

467 2815 856 2887 sericordia
874 2868 895 2903 ‚
923 2837 1074 2884 non
1099 2815 1503 2912 propinqui
1530 2816 1763 2886 oratio
1779 2869 1798 2906 ‚
1823 2839 1975 2887 non
2004 2817 2217 2888 amici
2238 2818 2610 2906 voluntas„

468 2949 622 2996 non
658 2925 1090 3020 cujusquam
1127 2925 1551 3008 auctoritem,
1607 2948 1745 3021 pro
1795 2927 2032 3022 pretio
2057 2937 2140 3015 ¹¹,
2196 2951 2347 2997 non
2388 2931 2616 3025 gratia

537 3173 587 3222 5.
614 3171 693 3232 Ne
719 3167 890 3218 eodem
915 3168 1082 3228 modo.
1101 3167 1230 3232 Quia
1257 3168 1488 3221 Rabonio
1654 3187 1702 3233 7.
1719 3170 1987 3220 Soc-ieratis.
2005 3172 2385 3223 Gommunitnis
2410 3177 2615 3240 rapine,

463 3250 718 3300 videbatur
745 3248 1079 3314 sumptuosius
1109 3247 1240 3308 fieri,
1281 3249 1324 3296 si
1355 3248 1492 3296 colu·
1579 3260 1631 3298 et
1655 3249 1850 3314 praedae.

463 3348 589 3381 mnae
611 3330 677 3378 ad
703 3327 1107 3394 perpendiculum
1129 3326 1383 3392 exigenda
1419 3344 1491 3376 es-
1650 3330 1699 3378 8.
1722 3328 2012 3380 Modestum.
2041 3331 2205 3382 Itonia
2230 3333 2283 3380 in
2306 3333 2609 3392 Rabonium,

459 3423 590 3464 sent.
628 3409 847 3460 nolebat
887 3407 1042 3456 edem
1074 3405 1168 3455 hac
1205 3405 1490 3456 conditione
1580 3407 1668 3472 qui
1702 3405 1880 3472 prada
1920 3409 2191 3476 cupiditate
2224 3413 2287 3460 ab
2326 3412 2497 3462 officio
2528 3413 2615 3462 de·

459 3491 714 3556 accipere,
755 3487 872 3553 qnia
908 3488 951 3534 si
989 3487 1044 3534 in
1078 3496 1332 3551 posterum
1366 3485 1491 3534 alim
1580 3488 1740 3536 scivit.

461 3573 712 3620 exsisteret
755 3569 904 3630 huius
948 3566 1138 3632 negotii
1181 3565 1487 3628 redemptor,
1651 3583 1701 3632 9.
1720 3569 1813 3616 Pro
1840 3585 1932 3618 sua
1942 3569 2071 3637 fide.
2098 3569 2171 3619 Ut
2198 3569 2358 3620 fidelis
2394 3581 2532 3620 tutor
2558 3585 2611 3622 et

457 3651 714 3699 verebatur
736 3665 799 3696 ue
817 3648 1048 3714 impense
1063 3644 1160 3694 sihi
1177 3655 1488 3708 angerentur,
1577 3645 1767 3711 probus
1791 3649 1885 3700 vir.

455 3731 498 3776 si
525 3730 572 3778 ei
608 3728 866 3778 columnas
889 3725 955 3774 ad
980 3723 1386 3790 perpendiculum
1417 3723 1487 3770 fn·
1654 3742 1730 3775 ιο.
1768 3727 1944 3775 Omnes
1974 3727 2050 3776 ad
2084 3728 2229 3778 istum
2263 3731 2609 3796 allegationes.

455 3819 561 3856 ctu
583 3806 770 3856 tradere
795 3814 1060 3872 oporteret.
1574 3803 1790 3854 Privata:
1842 3806 2109 3870 legationes
2162 3809 2434 3858 amicorum
2454 3845 2471 3870 ‚
2522 3823 2610 3860 aut

530 3888 580 3934 6.
607 3885 674 3933 Id
691 3885 786 3933 siba·
809 3885 988 3933 deberi.
1008 3883 1170 3948 Negat
1187 3882 1288 3929 hoc
1309 3881 1485 3930 debere
1571 3885 1830 3934 hominum
1881 3889 2173 3938 anctoritate
2233 3889 2571 3953 praestantium
2588 3923 2605 3946 ‚

455 3963 704 4031 pupillum
733 3964 901 4022 Junii,
934 3975 1016 4023 ut,
1051 3961 1101 4010 in
1128 3959 1364 4008 tradenda
1388 3959 1484 4008 sibi
1573 3965 1659 4030 qni
1699 3981 1812 4013 eum
1852 3981 1879 4012 a
1914 3977 2045 4015 tanta
2085 3967 2385 4016 admittenda
2424 3971 2607 4032 injuri-

457 4045 562 4094 κᾶε
579 4078 596 4105 ,
657 4043 898 4094 columnae
957 4040 1019 4090 ad
1081 4039 1484 4106 perpendiculum
1574 4043 1889 4094 ‹inerret-ent.

455 4135 634 4174 essent.
1067 4183 1076 4190 ,
1649 4139 1669 4170 1
1687 4139 1727 4170 ι.
1759 4125 1858 4170 Pro
1878 4123 2055 4194 ρζτείο.
2084 4127 2193 4175 1²1·ae
2213 4126 2433 4191 pecunia.
