2984 4684
523 365 622 436 66
1157 369 1252 435 Μ.
1307 368 1384 434 Τ.
1443 365 2036 435 CICERONIS

521 492 836 588 opprimi
869 511 988 560 me
1019 511 1242 560 onere
1285 485 1509 560 officii
1556 488 1781 573 malo,
1811 509 2036 584 quam
2083 483 2197 572 id,
2234 484 2439 582 quod
2486 485 2663 558 mihi

520 625 692 672 cum
723 597 868 671 fide
899 599 1122 670 semel
1155 603 1578 698 impositum
1614 612 1759 686 est,
1796 612 1925 668 aut
1956 609 2257 694 propter
2286 595 2663 694 perfidiam

519 710 831 806 abjicere
849 765 870 798 ,
913 724 1041 780 aut
1096 724 1396 808 propter
1449 707 1943 779 infirmitatem
1994 709 2215 776 animi
2272 704 2659 804 deponere.

516 827 614 893 Te
641 845 940 919 quoqne
971 844 1442 918 magnopere,
1470 822 1569 890 Μ.
1596 821 1861 905 Fanni,
1902 839 2183 916 quaem,
2217 831 2337 905 ut,
2370 818 2661 914 qualem

519 948 589 1002 te
623 935 774 1028 jam
821 945 1034 1026 antea
1063 930 1342 1029 populo
1383 951 1690 999 romano
1736 925 2107 1025 praebuisti
2136 981 2155 1013 ,
2204 949 2438 1022 quum
2488 925 2661 997 huic

516 1040 708 1112 idem
734 1043 1118 1139 quaestioni
1137 1037 1165 1082 3
1189 1038 1414 1136 judex
1443 1061 1783 1136 praeesses
1801 1090 1820 1125 ,
1856 1037 2070 1107 talem
2102 1050 2173 1108 te
2208 1051 2283 1106 et
2312 1035 2567 1124 nobiS,
2589 1051 2661 1108 et

515 1151 792 1248 populo
830 1148 1319 1234 romano‚hoc
1361 1161 1689 1246 tempore
1726 1149 2118 1245 impertias

610 1265 695 1331 V.
739 1265 1030 1352 Quanta
1061 1257 1458 1330 multitudo
1491 1259 1879 1331 hominum
1922 1259 2346 1328 convenerit
2378 1257 2473 1329 ad
2514 1257 2657 1329 hoc

503 1370 888 1466 judicium,
911 1370 1147 1460 vides;
1176 1395 1339 1468 quae
1365 1371 1457 1440 sit
1483 1371 1817 1440 omnium
1848 1368 2267 1438 mortalium
2296 1383 2659 1466 exspecta·

514 1484 641 1565 tio,
666 1507 828 1579 quae
862 1481 1245 1579 cupiditaS,
1279 1495 1362 1551 ut
1387 1484 1583 1552 acria
1606 1503 1691 1550 ac
1724 1502 1969 1550 severa
1991 1477 2267 1574 judicia
2301 1476 2517 1565 fiant,
2544 1483 2653 1548 in-

511 1591 790 1687 telligis
815 1597 1069 1689 Longo
1092 1593 1470 1662 intervallo
1494 1603 1514 1634 ¹
1538 1590 1902 1687 judicium
1930 1592 2122 1660 inter
2145 1592 2439 1660 sicarios
2455 1601 2485 1633 ²
2515 1589 2655 1660 hoc

513 1704 834 1798 primum
867 1705 1370 1789 committitur,
1407 1725 1641 1799 quum
1676 1704 1951 1770 interea
1982 1697 2213 1769 caedes
2244 1697 2653 1796 indignissi-
2740 1696 2751 1715 '

511 1835 646 1880 mae
669 1815 1146 1910 maximaeque
1179 1811 1379 1883 factae
1411 1815 1579 1882 sint.
1610 1814 1883 1880 Omnes
1915 1808 2106 1880 hanc
2136 1813 2611 1906 quaestionem
2632 1863 2653 1896 ‚

509 1937 580 1994 te
607 1938 946 2016 praetore,
972 1923 1066 1994 de
1088 1921 1487 1995 manifestis
1512 1919 1881 1992 maleficiis
1894 1919 2476 2017 quotidianoque
2499 1943 2655 1990 san-

510 2041 730 2135 guine
757 2033 957 2104 haud
989 2034 1355 2102 remissius
1371 2029 1401 2075 ³
1437 2045 1733 2129 sperant
1758 2028 2101 2102 futuram.
2128 2033 2291 2122 Qua
2318 2029 2653 2102 vocifera·

511 2151 710 2218 tione
733 2149 810 2214 in
842 2145 1099 2213 ceteris
1121 2140 1416 2238 judiciis
1447 2155 1903 2212 accusatores
1928 2143 2035 2211 uti
2080 2157 2651 2229 consueverunt,

511 2281 594 2327 ea
621 2278 757 2324 nos
787 2251 931 2323 hoc
964 2265 1292 2349 tempore
1315 2254 1613 2338 utimur,
1638 2254 1768 2348 qui
1794 2274 2077 2322 causam
2106 2250 2416 2322 dicimus
2432 2255 2484 2322 4.
2519 2257 2652 2324 Pe-

513 2369 731 2436 timus
763 2361 892 2434 abs
924 2375 1030 2448 te,
1059 2365 1154 2434 Μ.
1185 2363 1407 2448 Fanni
1428 2416 1448 2448 ,
1479 2384 1521 2432 a
1548 2360 1905 2459 vobisque
1923 2415 1943 2450 ,
1958 2360 2243 2456 judices
2262 2415 2283 2450 ,
2316 2375 2401 2433 ut
2430 2386 2649 2460 quam

507 2475 854 2546 acerrime
885 2469 1233 2542 maleficia
1263 2470 1683 2555 vindicetis3
1720 2466 2055 2568 utquam
2091 2470 2481 2543 fortissime
2513 2472 2649 2544 ho-

505 2582 832 2656 minibus
871 2580 1366 2671 audacissimis
1395 2584 1777 2668 resistatis;
1812 2596 1896 2651 ut
1926 2580 2071 2652 hoc
2102 2584 2473 2678 cogitem,
2512 2585 2649 2654 nisi

504 2701 580 2768 in
605 2695 741 2766 hac
763 2717 1000 2779 causa,
1026 2695 1158 2790 qui
1188 2707 1426 2764 vester
1449 2695 1739 2762 animus
1758 2693 1873 2780 sit,
1900 2691 2335 2780 ostendetiS,
2362 2717 2451 2763 eo
2484 2717 2651 2792 pro-

507 2829 844 2902 rumpere
867 2802 1251 2873 hominum
1273 2801 1771 2901 cupiditatem,
1788 2817 1860 2873 et
1878 2802 2136 2890 scelus,
2156 2817 2231 2874 et
2248 2802 2647 2892 audaciam,

509 2930 591 2986 ut
625 2939 774 2984 non
807 2911 1030 2983 modo
1059 2913 1280 3002 clam,
1305 2936 1561 2984 verum
1594 2916 1810 2982 etiam
1838 2911 1959 2984 hic
1986 2917 2063 2982 in
2088 2910 2283 3001 foro,
2324 2929 2495 2986 ante
2528 2919 2648 2986 tri-

583 3068 630 3115 3.
659 3064 941 3128 Quaestioni.
967 3065 1028 3111 ld
1049 3077 1152 3114 erat
1171 3081 1350 3114 nomen
1365 3065 1531 3130 publi-
1617 3061 1809 3115 cluent.
1837 3067 1931 3126 3³,
1956 3077 2011 3114 et
2034 3067 2209 3116 Rosia.
2236 3066 2329 3115 lib.
2350 3069 2459 3125 tx,
2492 3084 2539 3116 e.
2566 3069 2644 3119 18.

509 3149 582 3198 eis
604 3145 804 3209 judicii·
817 3177 833 3204 ,
853 3142 990 3208 quod
1009 3145 1062 3191 in
1089 3145 1158 3192 eie
1183 3145 1437 3208 qua-titur,
1458 3159 1527 3192 >en
1689 3147 1753 3193 V.
1788 3159 1831 3192 1.
1865 3147 2037 3210 Longo
2076 3145 2346 3196 intervallo.
2390 3147 2471 3195 Ab
2514 3163 2643 3196 anno

503 3243 617 3276 reus
637 3217 820 3272 nocens
837 3225 921 3282 sit,
934 3239 998 3270 su
1014 3223 1268 3272 innocens.
1287 3225 1528 3286 Quaestio·
1618 3225 1721 3272 665
1736 3261 1751 3286 ,
1776 3239 1877 3288 quo
1906 3223 2087 3272 bellum
2109 3225 2389 3274 Marianum
2416 3237 2640 3274 mortum

506 3308 582 3354 nis
593 3304 749 3368 judex
765 3313 868 3352 erat
891 3305 1032 3368 quasi
1053 3303 1264 3351 vio-rius
1282 3304 1521 3366 praetorio.
1618 3315 1707 3353 est.
1732 3303 1850 3352 Vid.
1878 3303 2015 3352 mot.
2036 3305 2113 3352 111
2127 3339 2143 3360 ‚
2172 3320 2255 3353 αι.
2356 3301 2365 3310 '

500 3386 703 3435 sudines
731 3383 1041 3442 sortiebatur,
1067 3383 1120 3430 in
1151 3383 1310 3431 musis
1337 3400 1366 3431 a
1397 3399 1525 3447 pm·
1686 3399 1735 3432 2.
1754 3387 1889 3432 Inter
1906 3384 2291 3433 sicarios-Vetus
2315 3384 2502 3434 locutio
2524 3399 2641 3450 pto,

504 3477 610 3514 tore
633 3463 906 3514 commissi·
929 3473 1158 3528 preerat,
1185 3473 1332 3510 testes
1361 3463 1529 3511 nudie·
1615 3463 1679 3511 de
1704 3463 1983 3515 sicariis.—
2002 3464 2340 3513 committitur.
2363 3466 2639 3513 Exercetur.

501 3543 602 3602 bat,
623 3559 726 3592 uno
755 3543 906 3592 verbo
931 3559 986 3592 ea
1011 3542 1176 3590 omnin
1197 3541 1397 3605 agebat,
1415 3559 1529 3606 qun
1688 3545 1737 3590 3.
1786 3544 1939 3594 Haud
1976 3543 2230 3592 remissius.
2266 3545 2386 3592 Non
2418 3543 2637 3592 habitum

505 3634 663 3672 essent
684 3621 996 3687 cognitionis,
1022 3621 1119 3670 hoc
1139 3637 1244 3670 uno
1261 3637 1290 3669 a
1311 3633 1527 3686 praetore
1612 3623 1675 3670 iri
1692 3623 1889 3672 mollius
1916 3639 2061 3688 quam
2086 3633 2227 3671 antea
2256 3623 2416 3687 egisti.
2446 3627 2635 3672 Frustra

504 3701 770 3760 dissimilis,
797 3701 934 3764 quod
953 3717 1064 3748 cum
1082 3702 1256 3749 ceteris
1275 3700 1525 3762 iudicibus
1612 3702 1903 3765 quibusdam
1937 3713 2199 3767 corruptus
2238 3703 2437 3752 videtur
2476 3703 2631 3751 loeus.

493 3781 686 3842 juretus
740 3779 1028 3827 sententiam
1081 3781 1243 3830 ferret.
1287 3781 1523 3843 Quamvis
1609 3781 1707 3830 Pro
1736 3781 1877 3830 haud
1906 3781 2143 3832 remissius
2174 3783 2366 3832 invenit
2396 3785 2447 3830 in
2480 3781 2632 3830 schol.

499 3875 601 3908 non
635 3859 763 3906 inter
789 3859 1094 3922 magistratus
1113 3859 1170 3908 id
1193 3861 1408 3908 muneris
1433 3860 1519 3908 ad·
1592 3849 1776 3913 'Gai-at.
1800 3861 2128 3920 dimissorum,
2156 3861 2189 3908 i.
2217 3877 2259 3910 e.
2288 3863 2375 3926 qui
2408 3861 2631 3926 impuniti

497 3946 848 3994 numeraretur,
868 3937 932 3984 ad
959 3937 1184 3986 aediiitios
1221 3951 1381 3986 tamen
1415 3939 1520 4004 ple-
1606 3941 1841 3990 haetenus
1854 3941 2041 3989 dimissi
2050 3941 2263 3989 Fuerunt.
2276 3941 2394 3990 Non
2413 3941 2630 3988 feliciter.

496 4033 705 4082 rumque
740 4017 875 4064 viros
917 4017 1214 4078 pertinebat,
1244 4025 1298 4066 et'
1321 4029 1424 4067 erat
1453 4019 1519 4067 ad
1679 4029 1728 4076 4.
1754 4021 1963 4069 Causam
1984 4019 2205 4070 die-imus.
2220 4021 2313 4070 Rei
2338 4035 2525 4079 sumus,
2542 4033 2629 4066 nos

492 4109 754 4163 pratus-am
807 4093 1002 4160 gradus.
1056 4096 1172 4146 vid.
1231 4109 1361 4148 orat.
1421 4115 1515 4163 pro
1598 4099 1789 4161 judicio
1820 4099 2151 4164 defendimus,
2182 4109 2238 4148 ut
2264 4100 2378 4150 infr.
2396 4115 2489 4162 29,
2516 4101 2593 4147 30.
