2984 4684
497 307 708 400 xxxvj
1297 307 1761 392 PRAEFATI
1784 311 1849 376 O

495 454 660 502 nam
681 485 700 514 ‚
743 443 816 502 et
853 427 1258 502 iracundian.
1294 433 1551 528 Neque
1588 444 1829 512 tamen
1876 430 2225 526 quoniam
2266 431 2343 500 in
2394 429 2625 504 tribus

497 539 784 613 dicendi
821 539 1210 638 generibus
1238 563 1571 639 peraeque
1613 538 1887 627 floruit,
1924 536 2019 608 ab
2042 539 2186 610 hoc
2218 539 2515 620 incitato
2550 555 2624 612 et

495 648 826 738 volubili,
847 647 938 720 ad
957 647 1166 722 dulce
1188 648 1533 720 orationis
1558 672 1821 746 genus,
1848 649 2222 720 sententiis
2249 665 2585 746 argutum
2603 703 2624 736 ‚

493 759 736 832 verbis
771 783 1066 848 sonans,
1100 783 1250 830 non
1291 758 1587 844 deflexit
1624 756 2015 857 aliquando
2044 756 2341 830 Tullius.
2377 762 2625 830 Testes

497 895 634 968 pro
660 871 1034 968 Pompeio,
1077 893 1212 966 pro
1249 869 1547 959 Archia,
1583 893 1721 967 pro
1752 866 2127 953 Marcelle,
2176 881 2308 939 etc.
2355 868 2625 939 oratio-

497 1005 649 1052 nes.
695 979 836 1052 Sed
887 980 1112 1050 solam
1153 978 1378 1074 hujus
1425 979 1707 1076 generis
1754 981 2098 1049 virtutem
2132 977 2207 1048 in
2256 978 2629 1048 sententiis

493 1091 835 1188 positam,
876 1103 956 1160 ut
997 1091 1148 1176 isti,
1184 1115 1334 1162 non
1373 1093 1693 1187 putavit3
1730 1113 1969 1186 neque
2005 1087 2236 1159 voluit
2274 1101 2355 1157 ut
2391 1091 2629 1158 omnis

495 1199 729 1288 locus,
775 1199 1010 1270 omnis
1051 1222 1305 1270 sensus
1341 1201 1414 1270 in
1465 1198 1615 1271 fine
1651 1199 2007 1272 sermonis
2039 1222 2291 1269 aurem
2336 1195 2621 1278 feriret:

493 1313 768 1408 quippe
799 1311 926 1406 qui
959 1310 1060 1381 sic
1086 1308 1372 1398 habuit,
1403 1340 1438 1375 α
1465 1313 1885 1408 Composite
1918 1323 1993 1380 et
2043 1323 2212 1406 apte
2262 1313 2415 1380 sine
2458 1333 2631 1380 sen-

493 1420 738 1492 tentiis
767 1419 1006 1492 dicere
1024 1474 1045 1507 ,
1077 1421 1428 1491 insaniam
1450 1446 1647 1509 esse;
1682 1421 2124 1492 sententiose
2152 1433 2397 1497 autem
2418 1471 2439 1504 ,
2472 1420 2631 1488 sine

498 1529 894 1602 verborum
941 1544 1013 1600 et
1067 1527 1323 1602 ordine
1371 1545 1444 1602 et
1487 1528 1743 1617 modu,
1785 1526 2157 1600 infantiam
2176 1557 2228 1610 ³?-
2250 1525 2410 1616 Vid.
2434 1531 2633 1598 Orat.

503 1663 659 1738 cap.
701 1665 813 1736 71.

593 1753 881 1836 Cicern,
943 1752 1186 1847 inquit
1243 1754 1472 1846 Aper,
1528 1779 1561 1814 α
1594 1748 1833 1820 lentus
1883 1763 1991 1820 est
2049 1750 2121 1818 in
2182 1747 2633 1846 principiis»,

501 1857 576 1932 id
613 1872 756 1946 est,
799 1859 878 1928 in
913 1859 1245 1931 exordiis.

598 1967 994 2042 Exordium
1042 1968 1299 2068 triplex
1333 1969 1555 2065 vulgo
1590 1967 2059 2066 distinguitur
2096 1997 2112 2038 ε
2152 1968 2593 2066 Principium
2614 2021 2635 2054 ,

503 2081 931 2170 insinuatio,
974 2095 1047 2151 et
1083 2079 1260 2151 illud
1303 2077 1505 2177 quod
1537 2093 1647 2151 est
1672 2102 1762 2150 ex
1794 2077 2129 2176 abrupto.
2170 2078 2381 2150 Hisce
2418 2101 2633 2156 exor-

504 2186 640 2260 diis
675 2190 904 2260 utitur
947 2191 1197 2261 Cicero
1247 2212 1384 2288 pro
1438 2190 1723 2260 ratione
1765 2212 2141 2259 causarum
2186 2211 2369 2284 quas
2416 2184 2639 2261 habet

505 2299 926 2376 tractandas.
965 2303 1180 2372 Nunc
1223 2325 1376 2371 rem
1429 2290 1669 2371 s'tatim
1720 2298 2163 2396 aggreditur,
2206 2312 2427 2394 atque
2472 2321 2635 2368 ora-

502 2408 781 2484 tionem
821 2409 1025 2506 quasi
1051 2411 1332 2507 impetu
1366 2408 1685 2496 orditur,
1720 2408 1921 2480 verbi
1959 2410 2223 2506 gratia,
2274 2431 2405 2505 per
2456 2431 2633 2504 apo-

504 2517 889 2615 strophen,
924 2519 1032 2596 uti
1075 2518 1354 2590 Catilin.
1397 2523 1476 2590 I:
1531 2547 1565 2583 α
1590 2522 1991 2615 Quousque
2046 2517 2341 2588 tandem
2364 2571 2385 2606 ,
2446 2532 2579 2590 etc.
2602 2549 2637 2583 n

505 2633 590 2698 In
619 2627 975 2724 ejusmodi
1003 2629 1298 2700 exordia
1327 2653 1480 2699 non
1522 2654 1694 2701 sane
1725 2627 1913 2703 cadit
1938 2629 2114 2726 Apri
2140 2627 2635 2725 reprehensio.

504 2739 634 2810 Illa
664 2762 836 2835 ergo
863 2739 1154 2836 respicit
1179 2765 1340 2836 quae
1357 2744 1721 2838 principia
1760 2738 2126 2826 dicuntur,
2160 2753 2235 2810 et
2260 2762 2425 2836 quae
2448 2735 2641 2810 fiunt

505 2871 636 2943 per
672 2848 1253 2919 insinuationem.
1293 2854 1376 2919 In
1409 2850 1735 2945 utrisque
1772 2851 1943 2946 quia
1976 2863 2421 2947 praeparatur
2448 2847 2642 2920 audi-

505 2957 682 3028 toris
708 2959 1021 3045 animus,
1065 2955 1446 3030 efficiendo
1477 2973 1563 3030 ut
1594 2961 1685 3029 sit
1712 2957 2091 3029 benivolus
2111 3013 2131 3043 ,
2168 2973 2253 3028 ut
2278 2971 2637 3048 attentus;

515 3080 598 3138 ut
635 3065 918 3156 docilis;
956 3093 1108 3138 non
1140 3068 1545 3144 inficiamur
1580 3067 1673 3139 ad
1720 3092 1804 3140 ea
1839 3069 2267 3140 Ciceronem
2308 3067 2639 3140 conside·

505 3189 661 3247 rate
691 3190 764 3246 et
799 3179 1002 3273 quasi
1044 3176 1490 3274 pedetentim
1527 3178 1831 3276 ingredi.
1870 3181 2051 3250 Nam
2083 3182 2140 3249 si
2188 3177 2643 3252 revocandus

507 3287 599 3359 sit
629 3285 854 3381 judex
875 3342 894 3375 ,
930 3288 1058 3384 qui
1093 3303 1218 3360 aut
1249 3289 1460 3361 nobis
1492 3291 1868 3373 inimicus,
1906 3304 2030 3359 aut
2068 3289 2477 3364 adversario
2502 3293 2643 3361 erit

504 3398 817 3485 amicus3
855 3402 915 3470 si
951 3400 1407 3471 miseratione
1439 3397 1939 3484 inclinandus;
1970 3399 2029 3469 si
2054 3423 2339 3470 causam
2368 3399 2638 3484 docen-

503 3505 676 3595 dus3
705 3531 866 3604 quae
895 3523 1129 3605 partes
1151 3524 1320 3580 sum
1342 3508 1655 3597 exordii,
1680 3533 1869 3580 anne
1906 3511 2143 3580 statim
2176 3509 2637 3580 assiliendum

508 3617 644 3686 erit
693 3615 784 3687 ad
839 3618 1230 3691 vehemens
1269 3634 1341 3691 et
1397 3643 1561 3690 acre
1614 3617 1908 3690 dicendi
1956 3619 2233 3716 genus?
2278 3625 2485 3690 Anne
2528 3619 2642 3691 his

383 3733 394 3745 ‘
507 3727 731 3798 initiis
765 3728 840 3798 in
903 3729 1222 3801 animum
1267 3729 1531 3824 judicis
1582 3727 2000 3802 admittetur
2045 3729 2338 3800 orator?
2376 3733 2642 3801 Nonne

508 3838 754 3935 potius
787 3838 1000 3910 talem
1045 3839 1280 3911 oderit
1315 3853 1679 3910 oratorem
1711 3836 1977 3933 judex,
2016 3837 2253 3914 statim
2282 3835 2641 3918 adhiben-

505 3961 650 4018 tem
709 3948 836 4019 has
885 3947 1170 4020 dicendi
1224 3947 1446 4035 faces,
1504 3961 1577 4020 et
1613 3947 1705 4019 ab
1747 3947 1907 4048 ipso
1946 3950 2251 4018 introitu
2296 3963 2637 4043 repente,

502 4059 707 4156 quasi
745 4073 922 4130 aestu
961 4060 1233 4156 ingenii
1273 4061 1384 4130 sui
1429 4058 1810 4158 abreptum
1834 4111 1852 4147 ,
1890 4057 2270 4155 tragoedias
2314 4059 2639 4130 excitan-

1998 4201 2014 4237 δ
