2984 4684
471 369 614 417 220
1109 348 1206 415 M.
1257 347 1336 415 T.
1391 346 1950 419 CICERONIS
2058 382 2069 395 ’

460 466 662 537 venit
717 466 796 537 in
845 468 1390 538 contentionem
1451 466 1545 539 de
1601 466 2043 553 accusando,
2092 466 2222 563 qui
2281 476 2605 562 quaestor

459 574 746 663 fuisset,
783 576 964 674 quin
991 574 1521 674 repudiaretur.
1551 580 1803 674 Itaque
1832 599 2077 673 neque
2104 578 2185 645 L.
2212 574 2502 648 Philoni
2536 588 2599 621 ¹⁰

458 687 536 757 in
575 690 656 759 C..
680 686 1056 758 Servilium
1099 687 1414 759 nominis
1461 680 1832 759 deferendi
1878 699 2199 783 potestas
2244 700 2355 755 est
2396 684 2597 773 data,

459 821 700 894 neque
741 800 840 866 M.
871 796 1165 867 Aurelio
1209 800 1478 867 Scauro
1512 800 1591 867 in
1637 802 1719 867 L.
1762 794 2136 881 Flaccum,
2180 818 2423 891 neque
2458 798 2589 865 Cn.

451 907 806 1004 Pompeio
831 916 887 949 ¹¹
943 907 1018 976 in
1055 912 1132 977 T.
1167 904 1549 978 Albucium
1588 934 1605 976 :
1652 930 1969 1003 quorum
2022 928 2239 975 nemo
2294 918 2595 1003 propter

461 1016 968 1115 indignitatem
1005 1014 1428 1115 repudiatus
1473 1030 1620 1103 est3
1677 1016 1802 1086 sed
1850 1039 1943 1086 ne
1980 1011 2205 1085 libido
2245 1011 2596 1083 violandae

462 1123 1018 1197 necessitudinis
1073 1126 1501 1196 auctoritate
1559 1122 1891 1220 judicum
1972 1121 2595 1220 comprobaretur.

455 1240 693 1331 Atque
715 1233 836 1305 ille
864 1238 998 1305 Cn.
1026 1236 1410 1333 Pompeius
1445 1237 1543 1306 ita
1570 1258 1739 1305 cum
1772 1239 1851 1305 C.
1877 1239 1915 1304 J
1919 1233 2069 1305 ulio
2088 1243 2151 1275 ¹²
2182 1230 2592 1321 contendit,

460 1357 546 1413 ut
569 1358 650 1415 tu
669 1366 978 1415 mecum.
999 1346 1333 1434 Quaestor
1356 1346 1549 1415 enim
1578 1342 1863 1415 Albucii
1888 1340 2125 1415 fuerat
2141 1397 2163 1432 ,
2196 1356 2280 1414 ut
2311 1357 2389 1413 tu
2416 1348 2595 1413 Ver-

457 1454 576 1525 ris.
615 1453 844 1525 Julius
884 1453 1026 1525 hoc
1062 1478 1306 1527 secum
1343 1454 1787 1527 auctoritatis
1830 1452 1920 1523 ad
1958 1449 2445 1525 accusandum
2490 1451 2594 1523 af·

449 1561 728 1636 ferebat
746 1619 765 1652 ,
795 1563 1030 1661 quod,
1061 1578 1144 1635 ut
1167 1564 1310 1635 hoc
1331 1578 1660 1662 tempore
1696 1587 1833 1633 nos
1858 1562 1951 1633 ab
1982 1562 2275 1650 Siculis,
2304 1564 2403 1633 sic
2434 1576 2593 1633 tum

453 1672 574 1743 ille
611 1672 701 1743 ab
743 1672 982 1745 Sardis
1013 1688 1308 1773 rogatus
1327 1728 1349 1761 ,
1383 1672 1477 1743 ad
1514 1698 1798 1745 causam
1838 1687 2255 1745 accesserat.
2290 1676 2594 1769 Semper

455 1781 608 1852 haec
647 1808 858 1855 causa
895 1781 1292 1880 plurimum
1333 1785 1593 1873 valuit3
1640 1808 1929 1881 semper
1968 1782 2120 1853 haec
2156 1784 2338 1855 ratio
2380 1806 2591 1853 accu-

450 1890 656 1963 sandi
705 1891 841 1963 fuit
887 1892 1422 1982 honestissima,
1467 1918 1603 1992 pro
1648 1895 1857 1966 sociis
1878 1948 1897 1981 ,
1952 1918 2087 1991 pro
2140 1893 2365 1981 salute
2418 1916 2591 1990 pro·

452 2003 700 2075 vinciae
717 2057 736 2092 ,
755 2026 892 2100 pro
915 2018 1323 2077 exterarum
1343 2007 1729 2076 nationum
1754 2002 2159 2076 commodis
2188 2003 2594 2074 inimicitias

450 2114 848 2210 suscipere,
875 2113 968 2185 ad
1005 2113 1410 2212 periculum
1447 2114 1789 2187 accedere
1812 2168 1832 2203 ,
1860 2138 2159 2213 operam
2182 2168 2203 2201 ‚
2235 2112 2589 2197 studium,

453 2222 779 2297 laborem
816 2226 1306 2324 interponere.

549 2340 706 2407 XX.
741 2338 1025 2408 Etenim
1061 2336 1116 2405 si
1147 2333 1547 2434 probabilis
1589 2351 1698 2409 est
1732 2360 1987 2409 eorum
2025 2358 2274 2419 causa,
2316 2332 2445 2430 qui
2478 2332 2591 2401 in-

447 2443 672 2539 jurias
701 2468 864 2541 suas
897 2447 1241 2544 persequi
1271 2446 1564 2533 volunt;
1590 2447 1839 2543 quain
1868 2471 1949 2517 re
1976 2444 2213 2519 dolori
2245 2467 2403 2529 suo,
2438 2466 2593 2511 non

454 2552 867 2651 reipublicae
903 2554 1304 2626 commodis
1341 2556 1703 2642 serviunt;
1742 2570 2021 2655 quanto
2060 2553 2180 2624 illa
2213 2576 2425 2624 causa
2452 2550 2591 2621 ho-

455 2664 753 2751 nestior,
789 2689 949 2762 quae
985 2690 1137 2736 non
1175 2666 1410 2735 solum
1452 2664 1851 2763 probabilis
1889 2662 2146 2751 videri,
2204 2661 2333 2733 sed
2378 2662 2593 2734 etiam

452 2788 656 2870 grata
691 2797 844 2846 esse
888 2774 1151 2863 debet,
1199 2774 1395 2846 n‘ulla
1431 2778 1763 2873 privatim
1804 2788 2095 2871 accepta
2129 2773 2426 2867 injuria,
2470 2796 2589 2841 so·

453 2885 732 2954 ciorum
769 2899 988 2982 atque
1028 2886 1424 2956 amicorum
1463 2886 1722 2984 populi
1754 2886 2037 2957 romani
2080 2881 2335 2955 dolore
2370 2896 2591 2978 atque

451 2990 731 3088 injuriis
751 2996 1230 3066 commoveri?
1255 2998 1511 3094 Nuper
1546 3021 1777 3094 quum
1804 3000 1883 3067 in
1913 3000 1989 3069 P.
2022 2993 2445 3065 Gabinium¹
2480 2992 2591 3061 vir

454 3102 884 3176 fortissimus
935 3120 1010 3176 et
1065 3106 1702 3179 innocentissimus
1725 3160 1745 3195 ‚
1800 3109 1877 3176 L.
1934 3108 2099 3175 Piso
2150 3101 2589 3174 delationem

453 3215 770 3287 nominis
813 3214 1252 3313 postularet,
1321 3230 1393 3287 et
1428 3231 1682 3288 contra
1742 3217 1831 3305 Q.
1863 3214 2230 3286 Caecilius²
2271 3223 2589 3309 peteret,

529 3442 610 3479 ιο.
667 3432 723 3481 L.
763 3428 976 3477 Philoni.
1027 3428 1202 3477 Omnia
1249 3429 1472 3495 exempla
1560 3431 1770 3479 maxime
1796 3429 1857 3477 dc
1883 3426 2034 3477 offic.
2062 3428 2138 3486 11,
2177 3434 2240 3481 ιι
2260 3460 2276 3485 ,
2310 3423 2400 3472 ubi
2420 3422 2481 3471 de
2498 3424 2591 3471 hnc

453 3520 568 3558 mut
594 3521 918 3576 quaeotorum,
946 3508 1126 3573 quibus
1159 3524 1274 3557 suo·
1293 3519 1473 3573 praeto-
1561 3525 1613 3557 re
1632 3508 1923 3573 disputatur.
1944 3509 2056 3570 Qun
2080 3516 2239 3553 morte
2262 3502 2408 3551 fuerit
2428 3500 2591 3550 subla-

453 3604 530 3637 res
548 3605 772 3639 accusare
791 3606 896 3638 non
917 3600 991 3639 ent
1021 3590 1322 3653 permissum.
1349 3587 1469 3637 vid.
1562 3599 1643 3637 tm
1664 3600 1889 3637 narratur
1916 3586 1977 3634 de
2004 3588 2140 3635 Orat.
2161 3586 2263 3642 111,
2292 3584 2339 3631 3.

455 3666 566 3717 Iud.
588 3669 772 3718 nister.
1633 3668 1757 3715 XX.
1784 3682 1828 3715 τ.
1850 3670 1909 3716 P.
1933 3665 2106 3713 Gabia.
2136 3666 2323 3712 Praetor
2338 3662 2433 3709 suit
2459 3674 2593 3708 anno

531 3760 612 3793 n.
644 3748 730 3795 Gn.
759 3750 1012 3813 Pompeio.
1043 3748 1293 3798 straboni.
1329 3748 1474 3795 Pom·
1563 3746 1685 3795 665.
1710 3745 1829 3795 Inde
1855 3746 2041 3794 Achaia
2076 3742 2205 3791 foede
2226 3741 2561 3789 administrata
2578 3774 2595 3797 ,

453 3824 554 3890 peii
576 3826 744 3891 Magni
769 3839 908 3891 pater
927 3830 1042 3879 fnit.
1562 3824 1625 3873 ab
1658 3824 1851 3873 Achaeis
1888 3822 2271 3889 repetundamm
2306 3831 2378 3867 est
2416 3828 2598 3883 pontu-

533 3918 615 3954 ια.
650 3905 706 3953 C.
742 3906 892 3955 Iulio.
925 3908 1112 3956 Caesare
1141 3917 1361 3965 oratore,
1389 3904 1476 3968 qui
1564 3902 1707 3951 latus.

454 3983 623 4049 lepore
647 3994 698 4032 et
721 3986 907 4034 facetiis
930 3987 1174 4035 excelluit.
1213 3986 1354 4033 Alius
1379 3984 1476 4032 suit
1636 4000 1688 4032 2.
1728 3984 1786 4048 Q.
1828 3980 2063 4031 Coece'lius.
2103 3977 2335 4027 Metellus
2353 4010 2368 4035 ,
2414 3972 2593 4023 Numi·

455 4079 514 4113 ιο
542 4062 766 4113 dictator.
793 4063 910 4113 vid.
935 4064 998 4113 de
1021 4066 1157 4114 Orat.
1184 4066 1264 4124 11,
1305 4065 1394 4123 58,
1425 4074 1474 4111 et
1564 4062 1717 4110 dicus.
