2984 4684
545 363 639 453 26¹
1184 384 1281 453 Μ.
1332 384 1410 451 Τ.
1464 385 2022 457 CICERoms

536 503 905 576 obtineat?
934 526 1029 575 ne
1060 518 1487 575 numeretur
1504 508 1694 577 inter
1709 510 1911 577 vivos
1928 508 2007 578 4?
2039 505 2381 581 decernat
2403 495 2672 583 devita

538 630 612 688 et
652 615 1096 686 ornamentis
1138 617 1285 685 suis
1338 614 1722 715 omnibus?
1765 615 1963 714 apud
2001 615 2331 713 judicem
2375 644 2668 693 causam

536 730 779 824 priore
805 725 969 797 loco
1001 724 1230 814 dicat3
1260 739 1363 813 et,
1394 750 1552 798 eam
1585 751 1816 824 quum
1845 729 2066 798 orarit
2081 723 2137 816 ⁵,
2155 742 2313 799 tum
2346 728 2686 828 denique·

535 861 791 908 vocem
816 839 1247 907 accusatoris
1264 835 1557 908 audiat?
1576 838 1775 930 Quid
1796 839 1825 908 Ρ
1854 838 2000 909 hoc
2017 862 2168 936 quo
2190 842 2558 938 pertinet?
2585 857 2670 913 ut

535 970 761 1043 ocyus
786 944 880 1017 ad
906 961 1116 1017 tuum
1139 948 1565 1044 pervenias?
1597 956 1690 1019 At
1705 1003 1725 1036 ,
1765 951 1824 1020 si
1851 947 1930 1019 id
1954 947 2173 1020 velles
2190 1003 2211 1038 ,
2226 947 2666 1048 jampridem

534 1071 777 1129 actum
796 1082 950 1129 esse
971 1060 1275 1156 poterat.
1308 1062 1409 1129 Ut
1436 1057 1886 1131 honestiore⁶
1903 1059 2186 1156 judicio
2206 1060 2674 1133 conflictere?

534 1172 627 1239 At
673 1170 826 1239 sine
870 1191 1158 1238 summo
1211 1168 1478 1239 scelere
1536 1173 1608 1239 P.
1663 1171 2050 1259 Quintium
2080 1223 2101 1258 ‚
2160 1174 2668 1269 propinquum

536 1292 743 1348 tuum
761 1331 780 1362 ‚
798 1278 1129 1374 jugulare
1162 1302 1314 1347 non
1342 1292 1569 1374 potes,
1600 1282 1700 1349 Ut
1726 1276 2006 1349 facilius
2029 1270 2554 1375 judicium'si't?
2580 1283 2671 1349 At

532 1413 771 1485 neque
809 1392 886 1460 C.
907 1388 1265 1484 Aquillius
1303 1386 1393 1459 de
1426 1390 1658 1485 capite
1689 1390 1982 1460 alterius
2004 1374 2321 1461 libenter
2348 1387 2672 1486 judicat,

529 1512 603 1568 et
629 1490 1159 1586 Q.Hortensius
1186 1512 1439 1569 contra
1466 1513 1686 1597 caput
1710 1524 1860 1570 non
1886 1498 2140 1571 didicit
2162 1497 2424 1571 dicere.
2467 1498 2669 1590 Quid

528 1632 569 1678 a
597 1606 811 1677 nobis
837 1620 1111 1695 autem,
1148 1611 1226 1677 C.
1266 1609 1577 1704 Aquini,
1621 1607 1972 1680 refertur?
2016 1613 2400 1682 Pecuniam
2447 1614 2670 1708 petit3

446 1787 451 1801 ,
528 1740 875 1814 negamus
899 1714 1185 1788 deberi:
1209 1717 1572 1812 judicium
1589 1718 1715 1790 fiat
1735 1723 2013 1808 statim3
2038 1744 2186 1791 non
2223 1744 2665 1792 recusamus,
2727 1712 2730 1717 ’

530 1826 906 1925 Numquid
937 1831 1321 1925 praeterea?
1358 1831 1415 1899 si
1448 1844 1740 1901 veretur
1755 1841 1809 1918 ⁷,
1841 1830 1926 1901 ut
1957 1856 2105 1919 reS,
2130 1830 2410 1927 judicio
2436 1828 2672 1917 factu,

526 1952 771 2037 parata
807 1942 932 2025 sit;
954 1937 1361 2034 judicatum
1391 1940 1569 2011 solvi
1597 1944 1764 2012 satis
1795 1944 2146 2039 accipiat:
2182 1940 2456 2038 quibus
2481 1966 2526 2011 a
2549 1966 2670 2013 me

527 2046 767 2119 verbis
798 2050 967 2118 satis
989 2051 1329 2146 accipiet,
1352 2049 1608 2121 iisdem
1640 2053 1794 2148 ipse
1809 2104 1828 2137 ,
1854 2049 2059 2147 quod
2082 2066 2254 2149 peto
2266 2045 2322 2138 ⁸,
2345 2049 2666 2121 satisdet.

528 2164 780 2230 Actum
812 2161 960 2255 jam
991 2173 1233 2257 potest
1256 2168 1447 2249 esse.
1473 2166 1550 2232 C.
1581 2161 1888 2257 Aquini:
1912 2162 2058 2256 jam
2085 2174 2167 2233 tu
2189 2175 2397 2258 potes
2429 2159 2666 2231 disce-

527 2268 697 2339 dere
748 2268 1092 2339 liberatus
1135 2270 1502 2358 molestia,
1541 2294 1771 2369 prope
1815 2270 2050 2343 dicam
2075 2325 2096 2359 ‚
2145 2296 2295 2341 non
2340 2274 2666 2355 minore,

525 2402 747 2476 quam
784 2379 1149 2470 Quintius,
1193 2379 1390 2471 Quid
1414 2383 1730 2476 agimus,
1773 2380 2163 2452 Hortensi?
2192 2377 2374 2478 quid
2407 2378 2500 2449 de
2527 2379 2666 2449 hac

525 2491 943 2562 conditione
980 2489 1341 2563 dicimus?
1391 2515 1780 2589 possumus
1829 2489 2260 2589 aliquand0‚
2314 2488 2669 2587 depositis

521 2604 761 2689 armiS,
792 2605 947 2672 sine
979 2603 1305 2699 periculo
1338 2600 1821 2689 fortunarum,
1851 2600 1942 2673 de
1977 2626 2054 2673 re
2079 2603 2496 2700 pecuniaria
2523 2599 2668 2670 dis-

522 2711 860 2809 ceptare?
924 2736 1312 2810 possumus
1370 2716 1471 2783 ita
1550 2737 1704 2783 rem
1777 2727 2096 2783 nostram
2149 2713 2533 2810 persequi,
2582 2725 2670 2781 ut

524 2819 844 2891 hominis
904 2824 1307 2921 propinqui
1356 2836 1577 2921 caput
1626 2823 1994 2894 incolume
2049 2846 2202 2893 esse
2258 2819 2668 2920 patiamur?

519 2956 908 3031 possumus
932 2934 1295 3029 petitoris9
1320 2956 1708 3030 personam
1745 2956 2038 3031 capere,
2068 2933 2504 3005 accusatoris
2541 2929 2667 3002 de-

524 3188 671 3239 quem
694 3172 811 3221 satia
834 3170 1009 3236 amplis
1029 3170 1099 3217 rei
1124 3170 1372 3219 familiaris
1389 3171 1546 3235 copiis

520 3253 681 3302 adhuc
707 3262 885 3308 tuetur,
916 3250 1119 3298 retineat
1140 3260 1189 3297 et
1213 3260 1485 3299 conservet.

595 3340 649 3390 4.
690 3334 829 3379 Inter
854 3329 1011 3378 vivos.
1049 3329 1179 3377 Hinc
1215 3344 1365 3391 quum
1402 3330 1514 3393 quia
1527 3362 1545 3390 ,

520 3412 692 3462 amissa
718 3411 943 3469 civitate,
968 3410 1021 3455 iu
1052 3422 1160 3455 eam
1186 3406 1541 3471 restitueretur,

518 3490 711 3540 renasci
735 3488 1004 3547 dicebatur,
1038 3498 1088 3535 et
1110 3484 1213 3535 dies
1230 3489 1335 3549 eius
1352 3487 1546 3535 restitu-

517 3570 669 3621 tionis
706 3568 807 3617 dies
846 3567 1029 3615 natalis
1072 3565 1423 3631 appellabatur.
1461 3566 1544 3615 Sic

520 3650 626 3700 Cic.
652 3648 715 3696 ad
736 3649 951 3705 Att.V1‚
982 3648 1031 3696 6.

588 3728 638 3775 ⁵.
666 3731 1002 3777 Hotomaunus
1022 3736 1071 3773 et
1094 3725 1359 3774 Lambinus
1384 3724 1543 3786 conji-

516 3808 670 3865 ciunt,
695 3820 833 3853 «cam
856 3821 1009 3868 quum
1034 3805 1278 3869 perorat-it
1294 3824 1337 3852 ι.
1354 3804 1387 3854 J
1389 3805 1469 3853 .V.
1486 3804 1544 3852 1...

588 3887 643 3934 6.
671 3882 982 3932 Honestiore.
1022 3884 1339 3932 Honestiorem
1376 3890 1542 3946 partes

514 3964 673 4029 speeie
709 3960 879 4025 agebat
908 3960 1109 4009 Naevius
1122 3994 1138 4018 ,
1176 3962 1265 4026 qui
1292 3961 1540 4010 desertum

514 4041 843 4093 vadimonium
878 4056 907 4087 a
944 4037 1165 4087 debitore
1209 4040 1534 4104 querebatur3

514 4121 785 4171 odiosiora
816 4135 867 4167 re
890 4119 995 4183 ipsa
1012 4152 1029 4177 ,
1044 4117 1131 4182 qui
1152 4118 1365 4179 socium,
1394 4120 1536 4167 fami-

1631 3172 1830 3231 liarem,
1855 3174 2188 3239 propinquum
2209 3184 2310 3221 tam
2326 3171 2664 3221 attonitu-im·

1631 3252 1900 3317 pugnabat.

1708 3348 1755 3393 7.
1780 3328 1835 3377 δι’
1856 3342 2070 3378 veretur.
2097 3330 2150 3377 Si
2175 3331 2348 3378 metuit
2373 3346 2451 3388 ne,
2469 3328 2662 3390 judicio

1630 3410 1764 3459 facto
1783 3443 1798 3468 ,
1817 3408 2026 3473 pecunia
2047 3420 2212 3473 parata
2237 3426 2338 3458 nou
2365 3410 2428 3457 sit
2447 3424 2476 3455 a
2497 3410 2664 3471 Quin-

1632 3491 1730 3549 tio,
1757 3488 1980 3535 dabimus
2006 3486 2334 3549 fidejussorea,
2354 3488 2440 3552 qui
2459 3488 2663 3551 promit-

1633 3578 1740 3615 tant
1772 3566 1946 3616 Naevio
1981 3566 2196 3615 solutum
2235 3567 2294 3614 iri
2331 3564 2469 3631 quod
2514 3566 2663 3613 fuerit

1624 3644 1913 3709 judicatum.
1943 3645 2126 3693 Eadem
2151 3661 2269 3693 vero
2304 3660 2356 3692 ae
2389 3642 2662 3707 obstringat

1630 3724 1840 3774 formula
1887 3725 2216 3773 satisdatiouis
2265 3723 2470 3773 Naevius
2486 3758 2503 3783 ,
2564 3738 2660 3787 qua

1632 3804 1937 3868 nosmetipsi.

1703 3883 1755 3933 8.
1777 3884 1836 3933 Ρ.
1857 3884 2057 3948 Sylvius
2076 3881 2216 3932 malit
2231 3880 2421 3945 legem,
2435 3881 2514 3930 nai
2539 3880 2660 3947 quid

1629 3972 1746 4027 peto
1755 3984 1798 4011 n.
1824 3962 1878 4011 J.
1897 3964 1963 4010 V.
1985 3963 2043 4012 L.

1697 4056 1748 4105 9.
1769 4039 2011 4090 Petitur-is.
2033 4042 2134 4103 Qui
2157 4039 2209 4091 iu
2233 4039 2442 4106 publico
2461 4036 2660 4101 judicio

1625 4130 1900 4183 accusator,
1911 4120 1962 4169 in
1979 4120 2174 4185 privato
2179 4118 2368 4185 petitor
2383 4118 2656 4168 dicebatur.
