2984 4684
432 418 574 465 200
1072 394 1168 462 M.
1219 394 1298 461 T.
1351 394 1911 467 CICERONIS

426 546 462 582 α
489 538 639 586 non
671 526 886 612 peto;
923 511 1050 586 sed
1083 528 1168 585 ut
1196 511 1289 584 ab
1327 510 1468 585 hoc
1487 516 1774 611 potita,
1800 540 2023 613 quam
2052 516 2144 589 ab
2178 517 2303 587 illo
2342 538 2555 588 accu-

427 654 463 692 α
490 640 713 713 setar,
763 624 836 695 id
871 638 1067 724 peto.
1108 627 1218 694 Da
1258 623 1436 693 mihi
1474 624 1661 714 hoc;
1706 627 2064 715 concede,
2104 626 2303 725 quod
2347 624 2557 697 facile

431 766 466 803 α
493 749 602 808 est
624 789 645 824 ,
687 733 889 833 quod
925 734 1355 821 honestum,
1387 734 1591 831 quod
1634 760 1789 807 non
1826 736 2263 810 invidiosum
2295 765 2310 806 :
2350 734 2555 832 quod
2616 814 2621 819 ,

409 865 465 911 ⁸«
491 869 724 942 quum
751 842 1063 932 dederis,
1097 843 1251 915 sine
1284 843 1438 914 ullo
1467 858 1597 916 tuo
1632 846 1995 943 periculo,
2028 844 2229 919 sine⁶
2264 844 2557 917 infamia

431 986 468 1021 «
497 953 678 1027 illud
717 952 1035 1041 dederis,
1077 968 1160 1024 ut
1201 953 1262 1025 is
1304 950 1743 1041 absolvatur,
1784 956 1991 1051 cujus
2028 982 2165 1055 ego
2206 978 2418 1027 causa
2452 954 2556 1053 la-

430 1096 467 1132 α
491 1064 702 1137 boro.
721 1094 757 1131 κ
777 1068 869 1135 Et
895 1068 992 1135 ait
1019 1062 1247 1151 idem,
1273 1077 1358 1134 ut
1382 1063 1640 1163 aliquis
1668 1080 1907 1137 metus
1934 1066 2321 1162 adjunctus
2348 1068 2439 1136 sit
2464 1062 2556 1134 ad

434 1177 772 1275 gratiam,
815 1186 1096 1246 oertos⁷
1137 1198 1288 1247 esse
1332 1178 1408 1245 in
1449 1176 1753 1247 consilio
1767 1176 2081 1274 ,quibus
2127 1175 2415 1248 ostendi
2459 1189 2562 1246 ta-

345 1325 352 1331 ·
432 1286 660 1360 bellas
689 1286 899 1375 velit3
931 1285 1004 1356 id
1039 1309 1192 1359 esse
1225 1282 1599 1384 perfacile3
1628 1311 1776 1357 non
1804 1289 1997 1359 enim
2026 1287 2344 1384 singulos
2374 1283 2561 1357 ferre

435 1396 861 1483 sententiam
893 1393 1020 1467 sed
1057 1398 1424 1466 universos
1459 1392 1986 1487 constituere⁸;
2016 1408 2370 1469 ceratam9
2402 1398 2563 1466 uni-

435 1508 702 1605 cuique
729 1504 1064 1578 tabellam
1099 1505 1253 1578 dari
1285 1528 1448 1577 cera
1488 1505 1801 1603 legitima
1822 1562 1842 1597 ‚
1866 1533 2018 1579 non
2054 1506 2173 1578 illa
2207 1505 2565 1577 infamiae

437 1617 730 1691 nefaria.
781 1623 1018 1714 Atque
1065 1622 1124 1689 is
1175 1640 1326 1687 non
1371 1630 1521 1687 tam
1563 1632 1861 1716 propter
1898 1622 2197 1689 Verrem
2246 1616 2564 1703 laborat,

437 1749 660 1824 quam
699 1724 902 1823 quod
925 1750 1090 1797 eum
1109 1728 1404 1797 minime
1427 1740 1721 1797 res-tota
1750 1726 2077 1801 delectat.
2099 1726 2313 1799 Videt
2340 1728 2566 1810 enim,

434 1839 494 1907 si
528 1860 568 1906 a
597 1836 910 1934 pueris¹⁹
944 1832 1340 1923 nobilibus,
1367 1860 1557 1933 quos
1584 1836 1821 1909 adhuc
1839 1838 2081 1929 elusit3
2110 1840 2229 1909 sia
2253 1835 2569 1936 quadru-

441 2037 528 2101 sii,
560 2036 690 2089 idem
713 2047 811 2098 est,
833 2052 890 2085 sc
912 2036 1152 2099 judicium
1179 2036 1290 2086 dats
1313 2051 1461 2101 pecu·

441 2117 524 2163 niu
551 2132 876 2180 corrumpere.
912 2116 1062 2180 Quod
1107 2116 1218 2165 ideo
1254 2116 1460 2165 honeste

443 2195 675 2261 exprimit
693 2232 710 2259 ,
760 2196 874 2261 quia
937 2196 1218 2261 loquentem
1271 2193 1464 2243 inducit

444 2274 782 2325 Hortensium.
811 2276 1000 2324 Ascou.

517 2358 567 2405 6.
604 2356 718 2404 Sine
752 2355 984 2421 infamia.
1030 2355 1160 2418 Quis
1201 2352 1338 2407 nulls
1380 2354 1463 2405 hic

439 2434 624 2484 suberit
645 2436 931 2499 corruptele
953 2435 1184 2499 suspicio.

521 2530 570 2575 ¹7.
607 2515 785 2563 omos.
811 2516 896 2562 Ait
915 2512 1206 2561 Hortensius
1225 2528 1277 2561 se
1297 2512 1354 2560 in
1375 2512 1462 2574 ju-

443 2596 610 2651 dicum
635 2612 838 2650 numero
855 2598 1038 2645 amicos
1053 2595 1231 2645 hebere
1245 2631 1261 2658 ,
1284 2594 1463 2661 quihus

443 2676 564 2724 velit
603 2678 796 2725 ostendi
843 2675 1042 2724 tabellas
1079 2674 1364 2740 priusquam
1408 2674 1461 2721 in

445 2774 616 2806 urnam
653 2759 907 2806 mittantur
938 2755 1018 2822 (nt
1055 2755 1177 2805 sciat
1215 2770 1307 2815 su,
1348 2770 1464 2819 pro—

445 2838 595 2891 misso
621 2850 813 2891 servato
827 2871 843 2898 ,
869 2837 1076 2901 quisque
1099 2834 1322 2898 judicum
1347 2835 1463 2882 scri·

443 2926 587 2981 ptum
599 2916 651 2962 in
665 2916 828 2963 tsbuls
843 2932 1025 2964 nomen
1039 2914 1224 2964 cecilii
1238 2912 1460 2979 hebeno:

443 2992 570 3047 iliud
593 3010 712 3043 vero
729 3010 834 3042 nou
855 3011 956 3043 esse
978 2993 1203 3054 difficile,
1219 3009 1330 3041 mm
1353 3009 1462 3041 om-

444 3089 532 3125 nes
569 3074 713 3125 simul
756 3074 1017 3127 sententis·
1054 3090 1143 3125 seu
1179 3072 1366 3123 tabula·
1405 3073 1459 3121 in

445 3154 564 3202 cista
587 3151 848 3216 deponere.

516 3233 566 3281 8.
609 3230 924 3281 Constituere.
955 3230 1038 3281 Ad
1074 3230 1319 3281 ferendam
1345 3246 1460 3279 sen·

445 3312 646 3367 tentiam
684 3326 786 3359 uon
823 3310 1042 3373 singulos
1071 3310 1260 3373 judices
1293 3310 1461 3359 vocari

443 3403 530 3441 ant
555 3406 873 3455 consurgere,
902 3388 988 3439 sed
1013 3390 1158 3439 simul
1187 3402 1238 3439 et
1261 3390 1463 3439 confuse

443 3474 716 3525 universos.
751 3472 868 3520 Nou
906 3480 1068 3519 sutem
1105 3480 1206 3545 erut
1243 3467 1463 3534 pes-diffis-

445 3552 570 3611 cile,
605 3554 734 3601 inter
761 3549 982 3601 serendas
1007 3549 1153 3599 simul
1187 3560 1236 3598 et
1259 3550 1464 3598 confuse

447 3632 647 3681 tabelias
660 3666 675 3691 ,
709 3630 854 3681 alicui
893 3647 920 3678 e
956 3629 1166 3679 consilio
1198 3644 1309 3677 suas
1341 3628 1463 3677 slios

437 3710 631 3772 iudices
657 3711 822 3758 furtim
850 3708 1049 3758 tabellas
1071 3708 1340 3757 ostendere.
1358 3705 1463 3757 Ad-

445 3798 585 3837 uotst
625 3790 868 3838 Asconius
909 3788 962 3835 iu
1001 3786 1384 3836 divinationibus
1415 3797 1467 3835 et

444 3868 602 3916 causis
639 3867 924 3929 maioribus,
961 3869 1014 3915 in
1065 3866 1233 3915 cisum
1277 3866 1465 3918 tabulas

442 3946 632 4008 iudices
649 3948 932 4006 coniecisse,
948 3948 1002 3995 in
1018 3945 1287 3995 levioribus
1301 3958 1464 3999 autem

451 4025 738 4074 seutentiam
759 4024 820 4073 de
838 4026 1002 4075 tabula
1018 4026 1378 4089 pronuntiasse.

517 4122 572 4169 9.
601 4106 845 4156 Ceratum.
861 4104 1072 4153 ‘rabello
1085 4104 1310 4165 iudicum
1327 4116 1466 4155 erant

1546 2052 1682 2096 cers,
1719 2039 1773 2087 in
1812 2054 1911 2104 qus
1952 2038 2265 2099 scriberetur,
2308 2037 2477 2097 illitoe;
2516 2050 2567 2086 et

1546 2117 1692 2165 unius
1738 2117 1887 2165 ferme
1929 2117 2138 2176 coloris,
2171 2118 2222 2165 h.
2264 2134 2307 2166 e.
2348 2116 2447 2164 albi
2484 2127 2571 2165 sut

1546 2196 1779 2259 subflavi,
1798 2198 1885 2261 qui
1907 2212 2029 2245 cerae
2050 2196 2192 2245 color
2220 2204 2293 2245 est
2323 2195 2570 2259 legitimus

1547 2264 1635 2325 seu
1676 2276 1927 2325 naturalis.
1975 2280 2044 2326 At
2085 2291 2200 2326 vero
2242 2276 2533 2325 Hortensius
2550 2311 2569 2336 ,

1547 2372 1701 2421 quum
1744 2354 1798 2403 iu
1834 2356 2023 2417 judicio
2054 2355 2268 2405 Terentii
2304 2354 2573 2411 Varronis,

1549 2450 1696 2498 quem
1728 2434 2101 2499 repetundarum
2146 2448 2283 2481 reum
2328 2448 2387 2481 ex
2426 2433 2574 2491 Asis,

1546 2529 1707 2577 nuper
1722 2512 2029 2571 defendent,
2050 2512 2346 2577 corrupisset
2368 2512 2573 2577 pecnnia

1543 2593 1763 2655 iudices3
1796 2591 1859 2640 ab
1894 2592 2065 2641 iisdem
2091 2594 2293 2657 insuper
2318 2602 2573 2657 exegerat,

1548 2682 1632 2733 ut,
1652 2672 1705 2719 iu
1732 2670 1965 2735 suffragio
1995 2671 2223 2733 serendo,
2247 2669 2439 2719 tabellis
2465 2682 2575 2720 ute-

1548 2760 1716 2799 rentur
1741 2748 2086 2808 discoloribus,
2106 2764 2226 2813 quus
2250 2765 2280 2796 s
2297 2764 2348 2797 se
2364 2750 2577 2814 accepis-

1548 2841 1685 2890 sent3
1720 2844 1823 2894 quo
1846 2828 2026 2877 certius
2056 2828 2207 2876 sciret
2232 2828 2315 2877 ille
2338 2845 2401 2875 an
2420 2830 2575 2893 empti

1543 2908 1733 2970 iudices
1750 2906 1997 2973 pectionis
2020 2904 2170 2955 fidem
2194 2917 2488 2965 servasseut;
2516 2922 2577 2956 ea

1548 3006 1622 3038 res
1630 2988 1745 3053 quis
1758 3004 1869 3036 cum
1882 2988 2033 3036 totius
2040 2986 2217 3049 judicii
2228 2986 2425 3035 infamis
2438 2987 2579 3035 inno-

1544 3064 2290 3129 tuersqmetumhiscejudicibus
2298 3065 2581 3115 domiti-[or-

1550 3150 1748 3199 tensius.
1768 3150 1907 3207 Nou,
1932 3148 2121 3211 inquit,
2143 3148 2227 3195 hic
2252 3145 2578 3195 discoloribus

1545 3238 1659 3281 utsr
1686 3225 1907 3284 tabellis,
1934 3236 1992 3276 ut
2012 3226 2133 3281 olim
2153 3239 2168 3276 z
2195 3236 2357 3273 cersts
2382 3224 2578 3272 unicui-

1548 3324 1644 3371 que
1666 3316 1881 3355 vestrum
1908 3304 2085 3353 tabells
2121 3304 2337 3365 dshitur,
2356 3320 2467 3367 quie
2492 3318 2580 3352 ua-

1549 3386 1752 3435 turslem
1774 3400 1915 3433 suum
1950 3384 2167 3431 colorem
2195 3384 2429 3442 retinent,
2452 3383 2580 3432 etin

1550 3482 1646 3529 qus
1662 3464 1795 3513 nulls
1826 3464 1892 3512 sit
1916 3464 2151 3528 suspicio.
2172 3465 2299 3513 Satis
2322 3465 2413 3511 erit
2430 3463 2575 3522 mihi,

1549 3547 1591 3593 si
1618 3544 1819 3593 tabellas
1854 3553 2035 3591 vestras
2068 3543 2387 3592 ostenderitis
2408 3543 2579 3593 amicis

1550 3639 1674 3689 quos
1698 3623 1856 3673 haheo
1882 3622 1937 3671 iu
1958 3622 2183 3672 consilio.
2215 3623 2295 3672 Cf.
2322 3621 2579 3672 scholiast-

1550 3704 1735 3753 Acron.
1759 3714 1810 3751 et
1838 3700 2172 3767 Porphyrion.
2190 3702 2244 3749 in
2275 3702 2451 3749 Horat.
2474 3704 2579 3751 Sat.

1552 3783 1603 3829 11
1618 3816 1636 3843 ,
1666 3798 1687 3831 ι
1700 3816 1712 3830 .

1629 3878 1709 3912 ιο.
1744 3860 1931 3909 Pueris.
1967 3860 2276 3910 Accussbsut
2312 3859 2439 3907 euim
2480 3858 2582 3908 illis

1554 3942 1856 4007 temporibus
1880 3938 1977 3989 soli
2001 3939 2361 3999 adolescentes,
2388 3951 2471 3987 sut
2492 3938 2579 3986 de·

1551 4023 1730 4073 htores
1746 4056 1761 4083 ,
1802 4032 1921 4071 tunc
1954 4021 2359 4085 quadruplatores
2382 4017 2577 4079 vocati,

1553 4102 1691 4169 quod
1724 4102 2065 4151 damnatorum
2098 4100 2161 4151 de
2184 4100 2329 4151 bonis
2354 4109 2585 4165 quarum
