2984 4684
408 415 549 486 388
1190 409 1756 480 EXCURSUS

404 539 487 602 ad
520 535 718 626 pedes
749 551 933 599 erant
962 533 1185 598 scribae
1208 551 1275 596 et
1300 533 1584 614 aecensi;
1617 530 1706 594 illi
1725 579 1745 611 ,
1771 548 1848 594 ut
1879 530 1950 593 in
1983 529 2234 596 tabulas
2260 533 2546 598 actiones

408 645 755 724 referrent3
788 641 893 722 hi,
920 657 997 704 ut
1026 639 1379 728 litigatores
1408 639 1718 704 citarent:
1755 637 2062 701 lictorum
2093 659 2252 702 usus
2283 653 2448 718 erat,
2473 653 2549 702 ut

403 763 809 828 coercerent,
864 761 981 810 aut
1026 761 1541 810 summovet-ent.
1606 743 1763 823 Ejus
1821 743 2130 808 lateribus
2179 743 2548 808 assidebant

402 856 521 919 viri
560 851 917 944 prudentes
948 849 1201 926 decem,
1226 849 1523 937 quinque
1547 864 1902 930 senatores,
1937 865 2004 913 et
2029 848 2327 937 quinque
2357 849 2547 938 equi-

402 979 501 1026 tes
521 1009 541 1043 ,
578 979 747 1048 quos
778 958 847 1020 in
880 955 1227 1022 consilium
1270 953 1624 1018 adhibebat
1663 976 1786 1017 nec
1825 971 2004 1018 sorte
2025 1003 2046 1037 ,
2104 977 2228 1018 nec
2278 955 2546 1019 arbitrio

402 1089 565 1148 suo;
601 1063 717 1129 sed
748 1063 908 1128 certi
942 1078 1128 1126 erant
1153 1077 1221 1126 et
1260 1060 1596 1148 perpetui,
1633 1058 1900 1125 -deoem
1935 1061 2057 1124 viri
2101 1059 2326 1126 litibus
2367 1059 2548 1143 judi-

402 1169 625 1236 candis
653 1169 953 1260 appellati
975 1199 1025 1234 υ.
1062 1167 1351 1232 Raevard.
1375 1167 1659 1231 Protrib.
1683 1189 1822 1255 oep.
1853 1167 1954 1231 18.

486 1277 785 1342 Praetoris
810 1274 1163 1355 judicantis
1184 1272 1466 1362 insignia
1486 1289 1704 1355 erant,
1727 1288 1962 1362 praeter
1991 1273 2358 1356 ministros,
2382 1297 2546 1364 prae-

400 1400 603 1464 texta,
642 1382 795 1447 sella
833 1379 1109 1460 curulis,
1144 1378 1331 1442 hasta
1362 1395 1431 1443 et
1470 1377 1748 1468 gladius.

483 1489 825 1569 Praetexta,
856 1503 1007 1576 toga
1040 1485 1169 1550 fuit
1200 1493 1353 1549 cum
1382 1485 1590 1550 limbo
1623 1507 1964 1574 purpureo
1990 1502 2329 1575 praetexto,
2349 1510 2544 1575 quam

402 1595 687 1660 kalendis
710 1593 1023 1675 januariis
1042 1594 1113 1656 in
1130 1591 1481 1681 Capitolio,
1502 1593 1672 1656 votis
1697 1592 2100 1658 solemnibus
2131 1595 2546 1682 nuncupatis,

398 1701 747 1764 sumebant
796 1722 931 1764 una
962 1722 1116 1763 cum
1156 1699 1389 1762 ceteris
1422 1697 1830 1786 insignibus;
1869 1697 2050 1787 quod
2077 1698 2168 1763 eis
2195 1722 2549 1764 commune

394 1829 662 1896 quoque
680 1829 833 1872 cum
851 1804 1232 1869 consulibus
1260 1804 1404 1869 fuit.
1430 1803 1596 1868 Sella
1616 1803 1886 1884 curulis,
1901 1805 2026 1869 fuit
2052 1805 2208 1870 sella
2234 1805 2546 1888 eburnea,

394 1936 523 2001 qua
558 1912 624 1975 in
658 1909 924 2000 publico
958 1925 1025 1974 et
1060 1910 1309 1998 privato
1340 1907 1520 1990 loco,
1573 1906 1844 1972 sedendi
1889 1932 2114 1991 causa,
2159 1909 2544 1975 utebantur.

400 2021 596 2084 Hasta
626 2034 693 2082 et
730 2015 981 2106 gladius
1016 2015 1310 2103 praetoris
1344 2015 1616 2078 fuerunt
1653 2014 1946 2104 insigne3
1995 2017 2134 2100 illa,
2169 2015 2252 2081 ad
2273 2015 2546 2097 jurisdi-

396 2125 711 2204 ctionem,
748 2121 929 2211 quod
966 2146 1047 2186 ex
1081 2144 1163 2185 eo
1194 2137 1498 2210 apparet,
1537 2121 1691 2208 quia
1721 2143 2024 2186 censores
2056 2145 2326 2211 quoque
2357 2124 2540 2189 hasta

402 2231 609 2320 posita
648 2228 976 2318 vectigalia
1026 2226 1286 2316 publica
1336 2227 1717 2291 locaverunt
1747 2249 1762 2290 :
1825 2227 1934 2292 hic
1953 2277 1972 2310 ,
2015 2227 2100 2292 ad
2153 2229 2502 2318 imperium
2525 2279 2546 2313 ,

402 2341 537 2402 sive
577 2335 659 2400 ad
706 2335 1137 2424 quaestionem
1190 2331 1702 2422 significandam.
1755 2333 1982 2422 Sigon.
2023 2333 2106 2399 de
2136 2333 2288 2400 Jud.
2327 2336 2442 2403 lib.
2475 2339 2540 2422 1,

408 2469 547 2535 cap.
586 2469 647 2532 7.

496 2553 809 2618 Praetores
844 2551 1075 2616 urbani
1098 2549 1547 2640 magistratum
1575 2552 1882 2615 ineuntes
1922 2549 2168 2638 (habita
2193 2552 2548 2636 concione,

405 2678 469 2722 et
501 2659 697 2739 jurati
724 2660 791 2722 in
824 2659 1017 2747 leges.
1050 2659 1183 2722 Cic.
1224 2657 1307 2723 de
1335 2658 1481 2723 Fin.
1504 2658 1604 2739 ΙΙ,
1639 2659 1750 2744 74)
1791 2657 2112 2742 edictum,
2139 2681 2256 2722 seu
2293 2659 2545 2723 formu·

408 2765 533 2828 lam
556 2765 721 2844 juris
748 2761 1009 2828 dicendi
1030 2762 1489 2850 proponebant
1519 2764 1588 2826 in
1613 2763 1796 2845 albo,
1837 2763 1968 2828 hoc
1999 2781 2128 2847 est,
2171 2765 2241 2829 in
2283 2765 2502 2829 tabula
2525 2813 2545 2847 ,

406 2894 525 2935 seu
555 2870 775 2935 charta
804 2892 1081 2959 expansa
1114 2869 1395 2956 (Ulpian.
1422 2871 1669 2959 Digest.
1697 2871 1798 2952 11,
1841 2893 1898 2952 1,
1925 2872 1996 2958 7)
2029 2871 2340 2935 tribunali
2381 2894 2548 2961 prae·

412 2979 570 3042 toris
613 2977 789 3067 affigi
842 2977 1063 3057 solim,
1108 2993 1186 3040 ut
1234 2973 1385 3041 inde
1439 2978 1728 3066 populus
1778 2978 2166 3068 intelligeret
2210 2977 2392 3066 quod
2441 2979 2546 3058 jus

415 3100 651 3171 proetor
694 3104 869 3147 anno
912 3104 1037 3145 suo
1074 3079 1369 3147 dicturus
1412 3099 1584 3147 esset
1617 3081 1700 3146 de
1727 3082 1934 3147 causis
1967 3083 2050 3148 ad
2082 3106 2267 3148 suam
2295 3082 2548 3164 jurisdi-

414 3191 699 3254 ctionem
730 3185 1241 3277 pertinentibus3
1272 3203 1504 3275 utpote
1540 3185 1622 3252 de
1665 3189 2064 3254 testamentis
2092 3189 2254 3277 (Cic.
2268 3190 2450 3254 Verr.
2480 3193 2546 3272 I,

417 3293 527 3381 45)
548 3341 567 3376 ,
599 3292 679 3358 de
711 3290 1175 3356 hereditatibus
1192 3339 1213 3374 ,
1247 3315 1527 3380 quarum
1565 3294 1797 3382 petitio
1837 3311 1904 3358 et
1936 3295 2259 3383 possessio
2303 3319 2342 3359 a
2383 3319 2548 3384 prae-

416 3419 559 3465 tore
588 3397 901 3488 postulari
936 3397 1233 3462 solebant
1287 3397 1467 3482 (ibid.
1499 3421 1558 3464 c.
1575 3399 1734 3488 44):
1794 3397 1876 3464 de
1921 3401 2213 3488 pecuniis
2259 3399 2548 3481 creditis,

412 3502 1035 3592 emancipationibus
1056 3551 1076 3584 ,
1102 3503 1339 3588 tutelis,
1369 3503 1691 3587 vindiciis,
1727 3506 2370 3588 manumissionibus,
2393 3529 2548 3594 pos-

416 3611 845 3692 sessionibus,
876 3608 1191 3673 limitibus
1213 3656 1231 3690 ,
1283 3625 1351 3674 et
1380 3610 1520 3674 aliis
1564 3634 1709 3699 quae
1737 3614 1987 3700 privato
2011 3613 2368 3695 Quiritium
2400 3613 2548 3693 jure

412 3717 849 3780 continentur.
904 3715 1166 3778 Etenim
1224 3737 1357 3778 non
1416 3716 1508 3779 ita
1559 3717 1754 3781 scribi
1809 3733 2161 3806 potuerant
2221 3717 2430 3806 leges,
2471 3733 2552 3780 ut

408 3843 638 3886 omnes
655 3871 672 3903 ,
702 3821 817 3908 qui
850 3819 1142 3886 accidere
1172 3823 1459 3910 possint,
1499 3845 1685 3888 casus
1722 3823 2332 3913 complecterentur.
2369 3822 2545 3888 Varii

410 3951 577 4016 saepe
609 3926 1050 4016 emergebant,
1085 3928 1200 4014 qui
1230 3945 1345 3992 aut
1382 3929 1586 3992 nimia
1617 3928 2037 4017 antiquarum
2068 3932 2287 4018 legum
2311 3929 2548 3993 severi-

410 4051 539 4098 tate
568 4031 1048 4113 obruebantur,
1096 4049 1210 4097 aut
1244 4034 1423 4097 nulla
1452 4034 1598 4123 lege
1629 4034 2053 4117 cavebantur,
2101 4053 2217 4100 aut
2264 4033 2548 4124 denique

406 4144 473 4203 in
520 4137 761 4226 quibus
806 4136 927 4199 nisi
974 4137 1217 4225 aliquid
1254 4137 1736 4220 detraheretur,
1781 4156 1894 4205 aut
1929 4143 2342 4230 suppleretur
2371 4140 2530 4229 legi,
