2984 4684
687 354 797 427 IN
845 354 932 442 Q.
989 352 1526 422 CAECILIUM
1578 352 2155 423 DIVINATIO.
2349 378 2481 427 22¹

352 480 558 575 isque
583 499 660 547 se
686 490 958 547 veteres
985 474 1392 545 inimicitias
1413 474 1565 569 jam
1593 472 1721 545 diu
1745 488 2117 571 susceptas
2149 482 2489 576 persequi

353 587 669 657 diceret:
712 608 943 682 quum
985 585 1374 654 auctoritas
1419 598 1494 655 et
1544 581 1855 682 dignitas
1893 586 2167 656 Pisonis
2209 586 2496 683 valebat

354 698 754 797 plurimum
777 747 796 785 ,
835 710 992 765 tum
1029 693 1149 764 illa
1181 707 1337 765 erat
1362 717 1575 764 causa
1604 696 2038 788 justissima,
2084 696 2289 793 quod
2327 722 2497 769 eum

357 804 494 877 sibi
545 804 775 877 Achaei
815 818 1206 901 patronum
1257 801 1703 901 adoptarant.
1759 807 2044 877 Etenim
2095 832 2329 903 quum
2380 810 2499 880 lex

355 915 510 1012 ipsa
535 912 628 985 de
659 915 984 1012 pecuniis
1007 910 1428 1011 repetundis
1457 914 1823 1009 sociorum
1850 930 2070 1012 atque
2096 921 2495 990 amicorum

355 1022 612 1121 populi
660 1022 940 1093 romani
993 1018 1332 1121 patrona³
1371 1023 1502 1110 sit;
1542 1024 1879 1120 iniquum
1934 1039 2075 1115 est,
2122 1052 2275 1098 non
2320 1052 2493 1100 eum

355 1134 530 1231 legis
579 1130 980 1229 judiciique
1038 1136 1401 1204 actorem‘*
1442 1133 1791 1204 idoneum
1854 1136 2163 1208 maxime
2216 1140 2494 1235 putari,

357 1267 580 1340 quem
609 1257 928 1313 actorem
959 1264 1189 1313 causoe
1219 1266 1363 1313 suae
1389 1244 1599 1332 socii,
1630 1239 2239 1344 defensoremque
2266 1246 2497 1318 fortu-

357 1372 618 1424 narum
649 1376 942 1424 suarum
979 1355 1432 1449 potissimum
1468 1376 1625 1423 esse
1660 1354 2071 1425 voluerunt.
2112 1360 2224 1426 An
2245 1410 2266 1443 ,
2291 1356 2496 1453 quod

357 1460 451 1534 ad
477 1460 1195 1533 commemorandum
1225 1477 1333 1533 est
1367 1462 1779 1550 honestius,
1804 1462 1880 1533 id
1909 1462 1995 1533 ad
2032 1464 2493 1563 probandum
2572 1518 2580 1526 -

359 1598 512 1644 non
549 1571 782 1643 multo
808 1571 1034 1642 videri
1065 1570 1284 1643 debet
1311 1573 1629 1670 aequius?
1664 1577 1841 1643 Utra
1875 1574 2095 1672 igitur
2122 1591 2231 1647 est
2258 1576 2501 1674 splen·

361 1682 620 1771 didior,
643 1698 805 1754 utra
828 1681 1170 1753 illustrior
1193 1685 1789 1755 commemoratio
1814 1710 1831 1753 ε
1860 1712 1895 1749 <c
1919 1686 2261 1755 Accusavi
2288 1710 2457 1757 eum
2474 1740 2495 1773 ,

362 1823 398 1859 «
424 1796 542 1864 cui
565 1792 594 1837 ⁵
637 1807 956 1891 quaestor
993 1789 1305 1882 fueram,
1357 1796 1658 1890 quicum
1701 1818 1820 1864 me
1862 1818 2054 1884 sors,
2112 1812 2501 1867 consuetu·
2596 1868 2605 1875 ,

360 1932 395 1969 α
421 1902 665 2000 doque
689 1903 1072 1998 majorum,
1101 1888 1400 2000 quicum
1427 1928 1548 1975 me
1586 1901 1937 1975 deorum⁶
1964 1904 2497 2004 hominumque

358 2042 394 2078 tt
412 2010 768 2109 judicium
801 2013 1317 2107 conjunxerat3
1345 2044 1378 2079 ³>
1406 2038 1501 2084 an
1540 2044 1575 2080 α
1596 2016 1939 2087 Accusavi
1974 2030 2233 2113 rogatu
2262 2021 2502 2089 socio-

361 2155 396 2189 «
423 2149 588 2195 rum
641 2138 860 2221 atque
911 2124 1346 2212 amicorum3
1405 2124 1727 2197 delectus
1784 2148 1945 2196 sum
2011 2123 2102 2196 ab
2164 2128 2499 2199 universa

362 2264 396 2299 α
424 2235 824 2332 provincia,
871 2234 1001 2330 qui
1035 2226 1190 2328 ejus
1222 2233 1384 2328 jura
1421 2231 1899 2331 fortunasque
1943 2232 2447 2308 defenderem?
2471 2266 2505 2303 »

365 2344 712 2417 Dubitare
740 2346 1124 2441 quisquam
1147 2358 1422 2441 potest,
1455 2346 1639 2440 quin
1674 2343 2047 2415 honestius
2074 2345 2203 2425 sit,
2240 2370 2501 2417 eorum

367 2480 610 2543 causa,
647 2454 844 2553 apud
881 2478 1066 2551 quos
1102 2468 1420 2549 quaestor
1465 2451 1723 2538 fueris,
1778 2478 1999 2549 quam
2037 2478 2242 2539 eum,
2291 2456 2499 2549 cujus

368 2579 685 2662 quaestor
715 2562 975 2649 fueris,
1020 2563 1402 2634 accusare?
1429 2563 1819 2634 Clarissimi
1854 2564 1988 2631 viri
2030 2578 2292 2633 nostrae
2325 2566 2503 2635 civi-

369 2676 569 2761 tatis,
600 2671 1048 2773 temporibus
1084 2673 1409 2772 optitniS,
1446 2672 1589 2743 hoc
1612 2672 1747 2744 sibi
1786 2672 2307 2770 amplissimum
2345 2675 2505 2772 pul-

371 2785 955 2882 cherrimumque
987 2783 1382 2873 ducebant,
1411 2783 1507 2855 ab
1534 2781 1943 2880 hospitibus
1966 2780 2502 2882 clientibusque

373 2898 560 2983 suiS,
600 2894 692 2967 ab
720 2897 980 2968 exteris
1018 2892 1474 2981 nationibuS,
1514 2919 1675 2990 quae
1718 2893 1795 2963 in
1827 2894 2211 2963 amicitiam
2250 2896 2505 2994 populi

373 3010 653 3076 romani
691 3004 1188 3102 ditionemque
1225 3019 1464 3076 essent
1484 3014 1537 3093 7,
1563 3004 1858 3096 injurias
1890 3004 2314 3101 propulsare
2333 3060 2353 3093 ,
2384 3031 2509 3078 eo-

377 3140 686 3213 rumque
741 3114 1068 3187 fortunas
1119 3114 1534 3187 defendere.
1588 3118 1682 3185 M.
1716 3118 2063 3187 Catonem
2085 3111 2114 3157 ⁸
2161 3114 2365 3186 illum
2393 3140 2504 3188 sa-

448 3303 496 3352 3.
532 3302 698 3367 Vulgo
714 3312 1072 3367 conseparata
1096 3300 1176 3352 sic.
1200 3304 1398 3350 Ernest.
1485 3302 1612 3348 forte
1638 3302 1866 3350 Goerenz.
1881 3302 1945 3349 nd
1966 3302 2073 3352 Cic.
2096 3301 2327 3351 Academ.
2349 3304 2423 3359 11.
2449 3312 2509 3361 4,

371 3390 591 3445 patrona
617 3398 646 3427 e
684 3381 798 3431 cod.
825 3381 989 3431 Guelf.
1016 3382 1260 3441 restituit,
1295 3381 1398 3430 col·
1485 3381 1617 3441 conj.
1656 3380 1823 3429 issem.
1862 3382 1912 3430 J.
1934 3384 1997 3428 V.
2030 3384 2086 3429 L.
2106 3408 2176 3417 —
2204 3382 2319 3430 Nou
2364 3382 2511 3430 mel

377 3460 460 3509 lat.
481 3462 624 3507 etiam
646 3460 782 3508 Orat.
799 3462 874 3519 11,
914 3462 1002 3515 48.
1027 3463 1060 3509 J
1067 3464 1162 3510 .V.
1179 3461 1236 3509 1..
1485 3470 1648 3507 tamen
1678 3458 1893 3509 occurrit
1928 3458 2061 3523 apud
2087 3470 2273 3507 veteres
2307 3459 2359 3506 iu
2394 3477 2509 3509 cu-

451 3547 499 3594 4.
525 3543 765 3588 Actor-em.
791 3540 892 3602 Qui
910 3551 1184 3605 susceptam
1204 3538 1325 3603 legit
1347 3550 1399 3588 et
1485 3540 1789 3597 accusativo,
1823 3540 2043 3601 quamvis
2077 3538 2291 3601 quietem
2323 3538 2510 3603 signifi-

375 3618 552 3680 Judicii
583 3634 776 3666 causam
810 3619 1048 3667 defendit.
1307 3666 1310 3671 ,
1486 3627 1579 3665 cet.
1600 3616 1715 3665 vid.
1756 3620 1915 3665 Sanct.
1948 3618 2163 3664 Minerv.
2192 3616 2397 3683 Sciopp.
2422 3620 2511 3667 1³·-

453 3698 506 3747 5.
527 3700 586 3745 In
607 3698 698 3746 MS
717 3698 883 3747 Ursin.
898 3696 1119 3756 cnieum5
1157 3697 1289 3746 uncte
1316 3697 1398 3745 am
1483 3695 1741 3745 naxon.
1760 3694 2027 3743 Aristan-ch.
2042 3693 2105 3741 de
2124 3694 2507 3749 construenti-'‘5-

379 3778 606 3841 quicum,
643 3788 700 3825 ut
723 3777 891 3841 paullo
919 3776 1064 3825 iufra.
1559 3772 1611 3824 8.
1646 3776 1717 3822 Μ.
1751 3774 1999 3822 Catonem.
2028 3772 2117 3821 Ille
2142 3774 2279 3839 Set-g.
2302 3776 2505 3826 Galbam

451 3860 505 3907 6.
555 3860 786 3909 Deorum.
837 3858 940 3922 Qui
985 3859 1107 3906 sorti
1163 3867 1397 3922 praeaunt.
1485 3866 1537 3903 et
1582 3856 1637 3902 P.
1684 3853 1881 3901 Furium
1925 3850 2267 3900 Lusitanorum
2311 3858 2510 3907 nomine

381 3965 452 3977 --
482 3937 761 3987 Hominum.
809 3937 990 4003 Populi
1047 3938 1266 3997 romani,
1308 3938 1398 4001 qui
1485 3948 1679 3983 accusas
1690 3932 1744 3980 it.
1777 3932 2127 3981 Celeberrimus
2162 3944 2235 3981 eat
2262 3934 2369 3994 ejus
2393 3952 2511 3984 con-

382 4019 662 4081 provincia·
687 4016 879 4065 decerni
887 4028 920 4066 t.
1488 4016 1670 4063 sulatus
1682 4046 1699 4073 ‚
1718 4012 1899 4060 bellum
1914 4013 2234 4079 Hispanicum
2248 4047 2263 4073 ‚
2280 4026 2329 4063 et
2344 4018 2514 4065 trium-

459 4112 503 4157 ·7.
547 4098 670 4147 eod.
695 4098 863 4147 Ursin.
906 4098 1167 4147 venissent.
1203 4097 1401 4146 Rectius
1491 4094 1638 4159 phus-
1660 4092 1846 4144 Consul
1870 4092 2155 4157 Hispaniam
2175 4093 2378 4143 sortitu·
2402 4106 2511 4157 est,
