2984 4684
457 306 598 382 530
1127 316 1134 322 ’
1241 301 1805 374 EXCURSUS

453 455 593 522 cap.
649 430 748 507 14.
803 428 1082 493 Divinat.
1134 428 1198 489 in
1248 426 1460 491 Cat-cil.
1516 449 1657 514 cap.
1716 448 1813 513 ¹7·
1868 424 1967 489 Ad
2016 425 2342 508 Quintum
2388 426 2603 493 Fratr.

455 540 660 629 Epist.
695 538 726 601 1
743 584 764 618 ‚
810 560 864 599 1.

543 648 686 711 Hoc
721 660 940 709 autem
977 644 1124 707 loco
1157 640 1320 707 illud
1359 643 1553 707 etiam
1592 640 2075 707 observandum
2112 660 2341 709 monet
2374 644 2602 734 Sigon.

451 753 534 819 de
559 756 593 819 J
598 776 716 817 ure
745 750 1035 841 provinc.
1053 747 1168 814 lib.
1187 749 1274 833 11,
1293 771 1436 838 cap.
1467 748 1532 832 5,
1556 748 1894 838 praesides,
1918 769 2125 836 quum
2153 750 2375 841 legatis
2402 751 2603 831 juris·

452 858 808 924 dictionem
845 852 1277 935 mandarunt,
1311 854 1724 943 publicarum
1772 854 2211 942 quaestionum
2262 857 2607 921 exercitio-

453 988 606 1030 nem
646 986 782 1027 non
827 958 1205 1043 mandasse,
1246 958 1364 1023 sed
1397 976 1655 1025 tantum
1693 960 2091 1048 privatarum
2120 963 2605 1029 controversia-

449 1094 600 1135 rum
641 1068 1086 1159 cognitionem
1109 1114 1130 1148 ,
1179 1082 1326 1154 quae
1359 1066 1621 1155 proprie
1655 1063 2023 1146 jurisdictio
2061 1065 2233 1131 dicta
2264 1082 2407 1151 est;
2456 1091 2605 1157 quse

451 1176 764 1267 quoniam
823 1198 860 1239 a
909 1172 1290 1263 magistratu
1334 1188 1466 1237 tota
1506 1173 1797 1261 profecta
1838 1186 1965 1255 est,
2009 1196 2161 1238 cum
2206 1175 2563 1264 quaestione
2584 1226 2605 1257 ‚

453 1308 570 1349 seu
611 1302 952 1346 musarum
990 1278 1398 1368 publicarum
1443 1278 1821 1368 cognitione
1865 1278 2211 1359 conjuncta
2259 1304 2395 1345 non
2436 1281 2563 1345 fuit
2582 1332 2605 1363 ,

451 1410 595 1477 quae
623 1410 662 1451 a
688 1388 828 1475 lege
856 1401 992 1449 tota
1014 1382 1347 1473 pependit.
1371 1371 1577 1447 Erant
1608 1383 1785 1448 enim
1812 1381 1897 1449 de
1922 1384 2196 1473 singulis
2214 1386 2603 1453 criminibus

448 1497 590 1559 latae
623 1494 794 1583 leges
812 1539 833 1573 ,
889 1506 965 1555 ut
1013 1490 1096 1557 de
1143 1489 1508 1569 adulteriis,
1556 1490 1621 1553 vi
1642 1538 1661 1572 ,
1726 1490 1893 1556 falso
1920 1538 1939 1573 ,
2000 1508 2123 1556 etc.
2158 1493 2399 1579 quibus
2440 1495 2605 1583 quid

454 1602 694 1689 cuique
727 1594 1209 1663 observandum
1247 1612 1447 1679 esset,
1500 1595 1617 1684 qui
1651 1610 1766 1659 aut
1812 1598 2037 1661 Romae
2086 1615 2438 1687 qnaereret,
2490 1618 2607 1665 aut

451 1705 854 1795 provinciam
895 1703 1254 1779 obtineret,
1295 1702 1694 1767 sciscebatur
1732 1726 1747 1767 ε
1796 1726 1875 1767 ex
1910 1726 2047 1793 quo
2082 1705 2351 1796 intelligi
2385 1722 2605 1797 potest

451 1811 700 1903 publici
715 1807 944 1891 judicii
977 1808 1438 1873 exercitionem
1475 1807 1769 1874 mandari
1792 1831 1928 1875 non
1954 1811 2245 1896 licuisse,
2278 1814 2403 1877 nisi
2432 1815 2603 1879 forte

449 1920 620 2008 lege,
644 1939 790 2005 quae
816 1913 900 1979 de
925 1914 1286 2003 quaestione
1315 1914 1420 1977 illa
1445 1915 1681 2004 scripta
1712 1931 1901 1998 esset,
1930 1916 2317 1985 nominatim
2336 1938 2603 1986 cautum

451 2038 655 2105 esset,
695 2036 771 2085 ut
797 2021 850 2085 is
885 2020 992 2085 cui
1021 2019 1328 2083 exercitio
1355 2018 1553 2097 hujus
1576 2020 1953 2108 quaestionis
1984 2022 2351 2112 obtigisset,
2383 2043 2605 2116 posset

455 2150 595 2193 eam
631 2124 958 2191 mandare.

541 2232 914 2298 Praetoriam
947 2244 1334 2319 potestatem
1367 2227 1703 2296 divisimus
1739 2233 1809 2296 in
1847 2234 2287 2323 cognitionem
2321 2255 2388 2302 et
2420 2262 2607 2305 cura-

455 2340 727 2405 tionem.
760 2338 1006 2413 Primae,
1044 2336 1210 2425 parti
1261 2334 1597 2403 divisionis
1646 2339 2045 2405 satisfactum
2086 2358 2185 2409 est
2218 2368 2233 2408 :
2288 2366 2470 2410 nunc
2522 2346 2609 2411 de

453 2448 650 2512 altera
703 2442 1189 2527 disserendum,
1239 2465 1385 2531 quae
1443 2458 1581 2531 tota
1628 2446 1857 2511 ceteris
1914 2446 1983 2511 in
2028 2448 2225 2513 rebus
2262 2450 2566 2518 curandis
2584 2502 2607 2537 ,

455 2570 653 2641 atque
705 2550 1054 2653 provinciae
1099 2548 1498 2638 imperandis
1544 2566 1791 2617 versata
1840 2568 1959 2617 est.
2002 2556 2117 2619 Hae
2148 2554 2455 2641 fuerunt,
2502 2581 2607 2623 res

457 2656 902 2737 frumentaria,
925 2654 1294 2737 tributaria,
1321 2656 1647 2745 vectigalis
1666 2706 1685 2740 ,
1718 2658 1933 2723 viaria.
1970 2660 2103 2725 Ista
2132 2664 2357 2727 omnia
2378 2688 2417 2729 a
2444 2688 2609 2753 prae-

459 2761 708 2828 sidibus
735 2783 855 2849 per
883 2759 1094 2826 edicta
1123 2759 1778 2845 administrabantur3
1819 2786 1955 2829 non
1990 2783 2305 2856 perpetua
2329 2770 2435 2834 illa
2463 2772 2611 2860 qui-

460 2869 612 2933 dem
630 2917 650 2950 ,
681 2868 798 2933 sed
834 2868 1205 2959 repentina,
1239 2868 1369 2932 hoc
1398 2886 1533 2952 est,
1578 2868 1663 2935 de
1690 2871 1960 2961 singulis
1996 2874 2225 2956 rebus,
2255 2892 2458 2964 prout
2488 2900 2609 2943 cu·

454 2976 692 3062 jusque
723 2972 1077 3063 postulavit
1103 2972 1390 3056 occasio,
1427 2974 1831 3063 interposita.
1868 2977 2076 3043 Testis
2105 2980 2335 3061 Cicero
2366 2983 2435 3047 in
2466 2984 2613 3072 ipso

461 3080 658 3161 hujus
695 3076 1151 3167 disputationis
1183 3077 1396 3161 fonte,
1431 3080 1745 3153 Siciliensi
1780 3099 2059 3170 praetura
2076 3085 2331 3171 Verris,
2352 3088 2461 3155 lib.
2485 3091 2613 3172 ΙΠ,

463 3209 604 3275 cap.
639 3189 748 3268 14,
773 3200 841 3251 et
872 3184 1009 3249 aliis
1039 3183 1220 3249 locis.

550 3294 690 3356 Jam
731 3307 808 3355 ut
848 3312 1128 3379 quaeque
1175 3289 1376 3356 modo
1427 3310 1783 3360 memorata
1829 3313 2068 3385 praetor
2104 3302 2459 3385 curaverit,
2496 3326 2613 3367 ex·

465 3420 818 3486 qulramus.

553 3502 984 3568 Frumentum
1017 3502 1084 3567 in
1123 3504 1470 3592 provinciis
1502 3504 1679 3569 aliud
1708 3504 2135 3594 vendebatur,
2186 3530 2267 3577 ut
2314 3512 2618 3583 decuma·

462 3632 623 3673 num
657 3609 725 3672 in
759 3606 968 3673 Sicilia
1012 3607 1188 3695 (nam
1227 3608 1499 3673 aliarum
1538 3612 2023 3701 provinciarum
2058 3616 2353 3685 decumae
2385 3621 2617 3689 Romae

461 3740 494 3777 a
535 3715 918 3779 censoribus
945 3712 1458 3801 vendebantur);
1489 3714 1666 3782 aliud
1694 3718 2059 3806 emebatur3
2080 3702 2259 3789 aliud
2286 3726 2355 3792 in
2380 3730 2615 3796 cellam

465 3822 755 3910 praetoris
807 3819 1283 3903 aestimabatur3
1344 3820 1523 3887 aliud
1584 3823 2057 3914 imperabatur3
2102 3830 2277 3897 aliud
2337 3834 2613 3901 honoris

460 3950 651 4023 causa
695 3926 1154 4015 accipiebatur.
1199 3928 1372 4019 Ergo
1425 3952 1507 3994 ex
1558 3930 1809 4021 legibus
1832 3981 1851 4014 ,
1921 3952 1989 4000 et
2032 3942 2609 4007 senatusconsultis

457 4048 571 4117 aut
602 4032 964 4114 veteribus,
999 4049 1114 4098 aut
1162 4034 1535 4101 recentibus
1588 4038 1807 4101 omnia
1854 4038 1993 4105 haec
2044 4060 2285 4131 praetor
2332 4048 2609 4129 curavit;
