<?xml version="1.0" encoding="UTF-8"?>
<!DOCTYPE html PUBLIC "-//W3C//DTD XHTML 1.0 Transitional//EN"
    "http://www.w3.org/TR/xhtml1/DTD/xhtml1-transitional.dtd">
<html xmlns="http://www.w3.org/1999/xhtml" xml:lang="en" lang="en">
 <head>
  <title>
</title>
<meta http-equiv="Content-Type" content="text/html;charset=utf-8" />
  <meta name='ocr-system' content='tesseract 3.04.00' />
  <meta name='ocr-capabilities' content='ocr_page ocr_carea ocr_par ocr_line ocrx_word'/>
</head>
<body>
  <div class='ocr_page' id='page_1' title='image "./mtciceronisquae03lemagoog_0234.png"; bbox 0 0 2984 4684; ppageno 0'>
   <div class='ocr_carea' id='block_1_1' title="bbox 473 338 1949 447">
    <p class='ocr_par' dir='ltr' id='par_1_1' title="bbox 473 338 1949 447">
     <span class='ocr_line' id='line_1_1' title="bbox 473 338 1949 447; baseline -0.002 -37"><span class='ocrx_word' id='word_1_1' title='bbox 473 350 606 447; x_wconf 75' lang='lat'><strong>194</strong></span> <span class='ocrx_word' id='word_1_2' title='bbox 1105 342 1203 410; x_wconf 85' lang='lat' dir='ltr'><strong>M.</strong></span> <span class='ocrx_word' id='word_1_3' title='bbox 1255 338 1338 408; x_wconf 85' lang='lat' dir='ltr'><strong>T.</strong></span> <span class='ocrx_word' id='word_1_4' title='bbox 1388 338 1949 410; x_wconf 63' lang='lat' dir='ltr'><strong>cmi-,Roms</strong></span> 
     </span>
    </p>
   </div>
   <div class='ocr_carea' id='block_1_2' title="bbox 463 458 2624 3427">
    <p class='ocr_par' dir='ltr' id='par_1_2' title="bbox 463 458 2596 657">
     <span class='ocr_line' id='line_1_2' title="bbox 463 458 2596 561; baseline -0.006 -18"><span class='ocrx_word' id='word_1_5' title='bbox 463 490 612 547; x_wconf 84' lang='lat' dir='ltr'><strong>tem</strong></span> <span class='ocrx_word' id='word_1_6' title='bbox 631 480 698 516; x_wconf 82' lang='lat'><strong>¹⁰</strong></span> <span class='ocrx_word' id='word_1_7' title='bbox 719 465 1093 539; x_wconf 83' lang='lat' dir='ltr'><strong>accessisse</strong></span> <span class='ocrx_word' id='word_1_8' title='bbox 1125 458 1541 561; x_wconf 66' lang='lat' dir='ltr'><strong>reipublicae</strong></span> <span class='ocrx_word' id='word_1_9' title='bbox 1570 458 2030 533; x_wconf 66' lang='lat' dir='ltr'><strong>sublevanda</strong></span> <span class='ocrx_word' id='word_1_10' title='bbox 2046 514 2069 549; x_wconf 95' lang='lat'><strong>,</strong></span> <span class='ocrx_word' id='word_1_11' title='bbox 2094 482 2258 558; x_wconf 80' lang='lat' dir='ltr'><strong>quae</strong></span> <span class='ocrx_word' id='word_1_12' title='bbox 2285 462 2596 533; x_wconf 78' lang='lat' dir='ltr'>maxime</span> 
     </span>
     <span class='ocr_line' id='line_1_3' title="bbox 466 568 1715 657; baseline -0.011 1"><span class='ocrx_word' id='word_1_13' title='bbox 466 582 848 657; x_wconf 80' lang='lat' dir='ltr'><strong>laboraret.</strong></span> <span class='ocrx_word' id='word_1_14' title='bbox 1712 568 1715 572; x_wconf 74' lang='grc'><strong>’</strong></span> 
     </span>
    </p>

    <p class='ocr_par' dir='ltr' id='par_1_3' title="bbox 469 676 2602 1121">
     <span class='ocr_line' id='line_1_4' title="bbox 561 676 2598 784; baseline -0.007 -21"><span class='ocrx_word' id='word_1_15' title='bbox 561 694 774 764; x_wconf 82' lang='lat' dir='ltr'><strong>Nunc</strong></span> <span class='ocrx_word' id='word_1_16' title='bbox 794 741 814 771; x_wconf 88' lang='lat'><strong>,</strong></span> <span class='ocrx_word' id='word_1_17' title='bbox 844 683 1192 784; x_wconf 89' lang='lat' dir='ltr'><strong>quoniam</strong></span> <span class='ocrx_word' id='word_1_18' title='bbox 1211 734 1232 768; x_wconf 93' lang='lat'><strong>,</strong></span> <span class='ocrx_word' id='word_1_19' title='bbox 1260 678 1533 778; x_wconf 80' lang='lat' dir='ltr'><strong>quibus</strong></span> <span class='ocrx_word' id='word_1_20' title='bbox 1552 679 1773 753; x_wconf 86' lang='lat' dir='ltr'><strong>rebus</strong></span> <span class='ocrx_word' id='word_1_21' title='bbox 1800 676 2159 751; x_wconf 84' lang='lat' dir='ltr'><strong>adductus</strong></span> <span class='ocrx_word' id='word_1_22' title='bbox 2190 677 2282 750; x_wconf 90' lang='lat' dir='ltr'><strong>ad</strong></span> <span class='ocrx_word' id='word_1_23' title='bbox 2310 702 2598 751; x_wconf 83' lang='lat' dir='ltr'><strong>causam</strong></span> 
     </span>
     <span class='ocr_line' id='line_1_5' title="bbox 470 790 2602 883; baseline -0.008 -6"><span class='ocrx_word' id='word_1_24' title='bbox 470 799 886 877; x_wconf 78' lang='lat' dir='ltr'><strong>accesserim</strong></span> <span class='ocrx_word' id='word_1_25' title='bbox 910 850 933 883; x_wconf 93' lang='lat'><strong>,</strong></span> <span class='ocrx_word' id='word_1_26' title='bbox 975 792 1464 865; x_wconf 72' lang='lat' dir='ltr'><strong>demensa-avi</strong></span> <span class='ocrx_word' id='word_1_27' title='bbox 1487 801 1509 833; x_wconf 85' lang='lat'><em>¹</em></span> <span class='ocrx_word' id='word_1_28' title='bbox 1522 802 1575 881; x_wconf 86' lang='lat'><strong>¹,</strong></span> <span class='ocrx_word' id='word_1_29' title='bbox 1624 790 2017 863; x_wconf 88' lang='lat' dir='ltr'><strong>dicendum</strong></span> <span class='ocrx_word' id='word_1_30' title='bbox 2052 791 2455 863; x_wconf 88' lang='lat' dir='ltr'><strong>necessario</strong></span> <span class='ocrx_word' id='word_1_31' title='bbox 2490 803 2602 862; x_wconf 89' lang='lat' dir='ltr'><strong>est</strong></span> 
     </span>
     <span class='ocr_line' id='line_1_6' title="bbox 469 895 2601 989; baseline -0.007 -4"><span class='ocrx_word' id='word_1_32' title='bbox 469 895 572 985; x_wconf 31' lang='lat' dir='ltr'><strong>de*</strong></span> <span class='ocrx_word' id='word_1_33' title='bbox 589 906 1058 982; x_wconf 84' lang='lat' dir='ltr'><strong>contentione</strong></span> <span class='ocrx_word' id='word_1_34' title='bbox 1083 914 1332 974; x_wconf 84' lang='lat' dir='ltr'><strong>nostra</strong></span> <span class='ocrx_word' id='word_1_35' title='bbox 1349 956 1372 989; x_wconf 91' lang='lat'><strong>,</strong></span> <span class='ocrx_word' id='word_1_36' title='bbox 1398 916 1482 973; x_wconf 87' lang='lat' dir='ltr'><strong>ut</strong></span> <span class='ocrx_word' id='word_1_37' title='bbox 1508 902 1583 973; x_wconf 87' lang='lat' dir='ltr'><strong>in</strong></span> <span class='ocrx_word' id='word_1_38' title='bbox 1612 901 2131 975; x_wconf 88' lang='lat' dir='ltr'><strong>constituendo</strong></span> <span class='ocrx_word' id='word_1_39' title='bbox 2158 914 2601 987; x_wconf 79' lang='lat' dir='ltr'>accusatore,</span> 
     </span>
     <span class='ocr_line' id='line_1_7' title="bbox 473 1010 1643 1121; baseline -0.009 -28"><span class='ocrx_word' id='word_1_40' title='bbox 473 1021 654 1121; x_wconf 88' lang='lat' dir='ltr'><strong>quid</strong></span> <span class='ocrx_word' id='word_1_41' title='bbox 687 1018 894 1115; x_wconf 86' lang='lat' dir='ltr'><strong>sequi</strong></span> <span class='ocrx_word' id='word_1_42' title='bbox 933 1014 1222 1114; x_wconf 80' lang='lat' dir='ltr'><strong>possitis</strong></span> <span class='ocrx_word' id='word_1_43' title='bbox 1239 1067 1258 1102; x_wconf 93' lang='lat'><strong>,</strong></span> <span class='ocrx_word' id='word_1_44' title='bbox 1297 1010 1643 1086; x_wconf 89' lang='lat' dir='ltr'><strong>habeatis.</strong></span> 
     </span>
    </p>

    <p class='ocr_par' dir='ltr' id='par_1_4' title="bbox 469 1119 2607 1780">
     <span class='ocr_line' id='line_1_8' title="bbox 561 1119 2601 1225; baseline -0.004 -25"><span class='ocrx_word' id='word_1_45' title='bbox 561 1136 714 1225; x_wconf 84' lang='lat' dir='ltr'><strong>Ego</strong></span> <span class='ocrx_word' id='word_1_46' title='bbox 749 1128 851 1199; x_wconf 86' lang='lat' dir='ltr'><strong>sic</strong></span> <span class='ocrx_word' id='word_1_47' title='bbox 886 1123 1246 1222; x_wconf 85' lang='lat' dir='ltr'><strong>intelligo,</strong></span> <span class='ocrx_word' id='word_1_48' title='bbox 1275 1119 1559 1218; x_wconf 88' lang='lat' dir='ltr'><strong>judices</strong></span> <span class='ocrx_word' id='word_1_49' title='bbox 1585 1150 1601 1194; x_wconf 74' lang='grc' dir='ltr'><strong><em>ε</em></strong></span> <span class='ocrx_word' id='word_1_50' title='bbox 1632 1146 1865 1221; x_wconf 90' lang='lat' dir='ltr'><strong>quum</strong></span> <span class='ocrx_word' id='word_1_51' title='bbox 1900 1122 1993 1195; x_wconf 89' lang='lat' dir='ltr'><strong>de</strong></span> <span class='ocrx_word' id='word_1_52' title='bbox 2028 1123 2353 1220; x_wconf 82' lang='lat' dir='ltr'><strong>pecuniis</strong></span> <span class='ocrx_word' id='word_1_53' title='bbox 2388 1144 2601 1219; x_wconf 85' lang='lat' dir='ltr'><strong>repe·</strong></span> 
     </span>
     <span class='ocr_line' id='line_1_9' title="bbox 469 1232 2605 1331; baseline -0.006 -18"><span class='ocrx_word' id='word_1_54' title='bbox 469 1237 718 1313; x_wconf 81' lang='lat' dir='ltr'><strong>tundis</strong></span> <span class='ocrx_word' id='word_1_55' title='bbox 750 1258 1024 1317; x_wconf 76' lang='lat' dir='ltr'><strong>nomen</strong></span> <span class='ocrx_word' id='word_1_56' title='bbox 1059 1233 1464 1331; x_wconf 83' lang='lat' dir='ltr'><strong>cujuspiam</strong></span> <span class='ocrx_word' id='word_1_57' title='bbox 1504 1232 1891 1323; x_wconf 85' lang='lat' dir='ltr'><strong>deferatur,</strong></span> <span class='ocrx_word' id='word_1_58' title='bbox 1928 1234 1989 1305; x_wconf 86' lang='lat' dir='ltr'><strong>si</strong></span> <span class='ocrx_word' id='word_1_59' title='bbox 2020 1247 2383 1306; x_wconf 86' lang='lat' dir='ltr'><strong>certamen</strong></span> <span class='ocrx_word' id='word_1_60' title='bbox 2414 1235 2605 1303; x_wconf 89' lang='lat' dir='ltr'><strong>inter</strong></span> 
     </span>
     <span class='ocr_line' id='line_1_10' title="bbox 469 1342 2605 1447; baseline -0.005 -24"><span class='ocrx_word' id='word_1_61' title='bbox 469 1352 754 1447; x_wconf 84' lang='lat' dir='ltr'><strong>aliquos</strong></span> <span class='ocrx_word' id='word_1_62' title='bbox 784 1348 876 1417; x_wconf 88' lang='lat' dir='ltr'><strong>sit</strong></span> <span class='ocrx_word' id='word_1_63' title='bbox 895 1400 916 1433; x_wconf 92' lang='lat'>‚</span> <span class='ocrx_word' id='word_1_64' title='bbox 951 1346 1069 1416; x_wconf 86' lang='lat' dir='ltr'><strong>cui</strong></span> <span class='ocrx_word' id='word_1_65' title='bbox 1097 1345 1550 1443; x_wconf 83' lang='lat' dir='ltr'><strong>potissimum</strong></span> <span class='ocrx_word' id='word_1_66' title='bbox 1584 1344 1851 1416; x_wconf 83' lang='lat' dir='ltr'><strong>delatio</strong></span> <span class='ocrx_word' id='word_1_67' title='bbox 1888 1344 2126 1430; x_wconf 88' lang='lat' dir='ltr'><strong>detur,</strong></span> <span class='ocrx_word' id='word_1_68' title='bbox 2166 1344 2315 1415; x_wconf 87' lang='lat' dir='ltr'><strong>haec</strong></span> <span class='ocrx_word' id='word_1_69' title='bbox 2344 1342 2494 1414; x_wconf 92' lang='lat' dir='ltr'><strong>duo</strong></span> <span class='ocrx_word' id='word_1_70' title='bbox 2528 1346 2605 1413; x_wconf 88' lang='lat' dir='ltr'><strong>in</strong></span> 
     </span>
     <span class='ocr_line' id='line_1_11' title="bbox 469 1456 2607 1561; baseline -0.003 -30"><span class='ocrx_word' id='word_1_71' title='bbox 469 1461 724 1561; x_wconf 84' lang='lat' dir='ltr'><strong>primis</strong></span> <span class='ocrx_word' id='word_1_72' title='bbox 753 1456 1060 1556; x_wconf 82' lang='lat' dir='ltr'><strong>spectari</strong></span> <span class='ocrx_word' id='word_1_73' title='bbox 1093 1468 1436 1553; x_wconf 81' lang='lat' dir='ltr'><strong>oportere</strong></span> <span class='ocrx_word' id='word_1_74' title='bbox 1465 1484 1482 1525; x_wconf 74' lang='grc' dir='ltr'><strong>ε</strong></span> <span class='ocrx_word' id='word_1_75' title='bbox 1530 1480 1751 1554; x_wconf 89' lang='lat' dir='ltr'><strong>quem</strong></span> <span class='ocrx_word' id='word_1_76' title='bbox 1792 1457 2105 1527; x_wconf 78' lang='lat' dir='ltr'>maxime</span> <span class='ocrx_word' id='word_1_77' title='bbox 2140 1456 2369 1527; x_wconf 81' lang='lat' dir='ltr'><strong>velint</strong></span> <span class='ocrx_word' id='word_1_78' title='bbox 2405 1467 2607 1525; x_wconf 88' lang='lat' dir='ltr'><strong>acto-</strong></span> 
     </span>
     <span class='ocr_line' id='line_1_12' title="bbox 471 1564 2607 1663; baseline -0.003 -20"><span class='ocrx_word' id='word_1_79' title='bbox 471 1596 626 1645; x_wconf 85' lang='lat' dir='ltr'><strong>rem</strong></span> <span class='ocrx_word' id='word_1_80' title='bbox 681 1592 838 1641; x_wconf 85' lang='lat' dir='ltr'><strong>esse</strong></span> <span class='ocrx_word' id='word_1_81' title='bbox 879 1568 968 1653; x_wconf 89' lang='lat' dir='ltr'><strong>ii,</strong></span> <span class='ocrx_word' id='word_1_82' title='bbox 1029 1566 1302 1663; x_wconf 84' lang='lat' dir='ltr'><strong>quibus</strong></span> <span class='ocrx_word' id='word_1_83' title='bbox 1347 1564 1553 1639; x_wconf 61' lang='lat' dir='ltr'><strong>factae</strong></span> <span class='ocrx_word' id='word_1_84' title='bbox 1598 1592 1752 1639; x_wconf 86' lang='lat' dir='ltr'><strong>esse</strong></span> <span class='ocrx_word' id='word_1_85' title='bbox 1788 1566 2125 1639; x_wconf 85' lang='lat' dir='ltr'><strong>dicantur</strong></span> <span class='ocrx_word' id='word_1_86' title='bbox 2166 1566 2487 1663; x_wconf 84' lang='lat' dir='ltr'><strong>injuriae,</strong></span> <span class='ocrx_word' id='word_1_87' title='bbox 2532 1578 2607 1636; x_wconf 91' lang='lat' dir='ltr'><strong>et</strong></span> 
     </span>
     <span class='ocr_line' id='line_1_13' title="bbox 469 1675 2603 1780; baseline -0.004 -27"><span class='ocrx_word' id='word_1_88' title='bbox 469 1704 694 1780; x_wconf 82' lang='lat' dir='ltr'><strong>quem</strong></span> <span class='ocrx_word' id='word_1_89' title='bbox 722 1678 1022 1750; x_wconf 81' lang='lat' dir='ltr'><strong>minime</strong></span> <span class='ocrx_word' id='word_1_90' title='bbox 1047 1676 1219 1747; x_wconf 84' lang='lat' dir='ltr'><strong>velit</strong></span> <span class='ocrx_word' id='word_1_91' title='bbox 1237 1678 1294 1747; x_wconf 83' lang='lat' dir='ltr'><strong>is</strong></span> <span class='ocrx_word' id='word_1_92' title='bbox 1313 1730 1333 1765; x_wconf 93' lang='lat'><strong>,</strong></span> <span class='ocrx_word' id='word_1_93' title='bbox 1355 1678 1484 1773; x_wconf 89' lang='lat' dir='ltr'><strong>qui</strong></span> <span class='ocrx_word' id='word_1_94' title='bbox 1502 1700 1621 1748; x_wconf 88' lang='lat' dir='ltr'><strong>eas</strong></span> <span class='ocrx_word' id='word_1_95' title='bbox 1638 1678 1937 1773; x_wconf 81' lang='lat' dir='ltr'><strong>injurias</strong></span> <span class='ocrx_word' id='word_1_96' title='bbox 1964 1675 2217 1749; x_wconf 83' lang='lat' dir='ltr'><strong>fecisse</strong></span> <span class='ocrx_word' id='word_1_97' title='bbox 2240 1688 2603 1773; x_wconf 84' lang='lat' dir='ltr'><strong>arguatur.</strong></span> 
     </span>
    </p>

    <p class='ocr_par' dir='ltr' id='par_1_5' title="bbox 473 1785 2624 3427">
     <span class='ocr_line' id='line_1_14' title="bbox 571 1785 2602 1883; baseline -0.004 -21"><span class='ocrx_word' id='word_1_98' title='bbox 571 1794 694 1862; x_wconf 87' lang='lat' dir='ltr'><strong>IV.</strong></span> <span class='ocrx_word' id='word_1_99' title='bbox 752 1791 836 1858; x_wconf 90' lang='lat' dir='ltr'><strong>In</strong></span> <span class='ocrx_word' id='word_1_100' title='bbox 873 1787 1010 1858; x_wconf 86' lang='lat' dir='ltr'><strong>hac</strong></span> <span class='ocrx_word' id='word_1_101' title='bbox 1041 1808 1287 1873; x_wconf 87' lang='lat' dir='ltr'><strong>causa,</strong></span> <span class='ocrx_word' id='word_1_102' title='bbox 1321 1785 1639 1882; x_wconf 86' lang='lat' dir='ltr'><strong>judices,</strong></span> <span class='ocrx_word' id='word_1_103' title='bbox 1684 1789 1965 1859; x_wconf 89' lang='lat' dir='ltr'><strong>tametsi</strong></span> <span class='ocrx_word' id='word_1_104' title='bbox 2008 1800 2407 1883; x_wconf 81' lang='lat' dir='ltr'><strong>utrumque</strong></span> <span class='ocrx_word' id='word_1_105' title='bbox 2446 1806 2602 1855; x_wconf 87' lang='lat' dir='ltr'><strong>esse</strong></span> 
     </span>
     <span class='ocr_line' id='line_1_15' title="bbox 475 1892 2609 1996; baseline -0.003 -24"><span class='ocrx_word' id='word_1_106' title='bbox 475 1898 791 1972; x_wconf 74' lang='lat' dir='ltr'><strong>arbitror</strong></span> <span class='ocrx_word' id='word_1_107' title='bbox 820 1897 1320 1996; x_wconf 86' lang='lat' dir='ltr'><strong>perspicuum,</strong></span> <span class='ocrx_word' id='word_1_108' title='bbox 1347 1910 1591 1967; x_wconf 87' lang='lat' dir='ltr'><strong>tamen</strong></span> <span class='ocrx_word' id='word_1_109' title='bbox 1624 1896 1718 1969; x_wconf 90' lang='lat' dir='ltr'><strong>de</strong></span> <span class='ocrx_word' id='word_1_110' title='bbox 1742 1911 2061 1995; x_wconf 87' lang='lat' dir='ltr'><strong>utroque</strong></span> <span class='ocrx_word' id='word_1_111' title='bbox 2092 1896 2327 1967; x_wconf 88' lang='lat' dir='ltr'><strong>dicam</strong></span> <span class='ocrx_word' id='word_1_112' title='bbox 2348 1950 2370 1980; x_wconf 88' lang='lat'><strong>,</strong></span> <span class='ocrx_word' id='word_1_113' title='bbox 2410 1908 2485 1965; x_wconf 91' lang='lat' dir='ltr'><strong>et</strong></span> <span class='ocrx_word' id='word_1_114' title='bbox 2516 1892 2609 1965; x_wconf 85' lang='lat' dir='ltr'><strong>de</strong></span> 
     </span>
     <span class='ocr_line' id='line_1_16' title="bbox 473 2003 2613 2108; baseline -0.003 -26"><span class='ocrx_word' id='word_1_115' title='bbox 473 2034 564 2082; x_wconf 90' lang='lat' dir='ltr'><strong>eo</strong></span> <span class='ocrx_word' id='word_1_116' title='bbox 593 2010 796 2108; x_wconf 85' lang='lat' dir='ltr'><strong>prius</strong></span> <span class='ocrx_word' id='word_1_117' title='bbox 814 2061 835 2096; x_wconf 92' lang='lat'><strong>,</strong></span> <span class='ocrx_word' id='word_1_118' title='bbox 865 2003 1068 2104; x_wconf 90' lang='lat' dir='ltr'><strong>quod</strong></span> <span class='ocrx_word' id='word_1_119' title='bbox 1089 2006 1284 2104; x_wconf 90' lang='lat' dir='ltr'><strong>apud</strong></span> <span class='ocrx_word' id='word_1_120' title='bbox 1312 2030 1442 2077; x_wconf 80' lang='lat' dir='ltr'><strong>vos</strong></span> <span class='ocrx_word' id='word_1_121' title='bbox 1471 2006 1866 2105; x_wconf 85' lang='lat' dir='ltr'><strong>plurimum</strong></span> <span class='ocrx_word' id='word_1_122' title='bbox 1902 2006 2124 2079; x_wconf 91' lang='lat' dir='ltr'><strong>debet</strong></span> <span class='ocrx_word' id='word_1_123' title='bbox 2162 2006 2398 2077; x_wconf 83' lang='lat' dir='ltr'><strong>valere</strong></span> <span class='ocrx_word' id='word_1_124' title='bbox 2419 2059 2438 2094; x_wconf 93' lang='lat'><strong>,</strong></span> <span class='ocrx_word' id='word_1_125' title='bbox 2469 2003 2613 2076; x_wconf 86' lang='lat' dir='ltr'><strong>hoc</strong></span> 
     </span>
     <span class='ocr_line' id='line_1_17' title="bbox 475 2114 2612 2215; baseline -0.004 -23"><span class='ocrx_word' id='word_1_126' title='bbox 475 2134 610 2207; x_wconf 87' lang='lat' dir='ltr'><strong>est,</strong></span> <span class='ocrx_word' id='word_1_127' title='bbox 649 2118 742 2189; x_wconf 89' lang='lat' dir='ltr'><strong>de</strong></span> <span class='ocrx_word' id='word_1_128' title='bbox 789 2117 1160 2187; x_wconf 78' lang='lat' dir='ltr'><strong>voluntate</strong></span> <span class='ocrx_word' id='word_1_129' title='bbox 1199 2138 1454 2187; x_wconf 86' lang='lat' dir='ltr'><strong>eorum</strong></span> <span class='ocrx_word' id='word_1_130' title='bbox 1478 2170 1500 2204; x_wconf 92' lang='lat'><strong>,</strong></span> <span class='ocrx_word' id='word_1_131' title='bbox 1542 2116 1811 2215; x_wconf 89' lang='lat' dir='ltr'><strong>quibus</strong></span> <span class='ocrx_word' id='word_1_132' title='bbox 1852 2117 2129 2213; x_wconf 76' lang='lat' dir='ltr'><strong>injuriae</strong></span> <span class='ocrx_word' id='word_1_133' title='bbox 2165 2114 2367 2187; x_wconf 81' lang='lat' dir='ltr'><strong>factae</strong></span> <span class='ocrx_word' id='word_1_134' title='bbox 2402 2128 2612 2201; x_wconf 82' lang='lat' dir='ltr'><strong>sunt3</strong></span> 
     </span>
     <span class='ocr_line' id='line_1_18' title="bbox 479 2224 2615 2327; baseline -0.004 -25"><span class='ocrx_word' id='word_1_135' title='bbox 479 2252 796 2327; x_wconf 87' lang='lat' dir='ltr'><strong>quorum</strong></span> <span class='ocrx_word' id='word_1_136' title='bbox 833 2248 1044 2297; x_wconf 87' lang='lat' dir='ltr'><strong>causa</strong></span> <span class='ocrx_word' id='word_1_137' title='bbox 1073 2225 1428 2321; x_wconf 84' lang='lat' dir='ltr'><strong>judicium</strong></span> <span class='ocrx_word' id='word_1_138' title='bbox 1477 2226 1569 2299; x_wconf 88' lang='lat' dir='ltr'><strong>de</strong></span> <span class='ocrx_word' id='word_1_139' title='bbox 1610 2228 1939 2325; x_wconf 87' lang='lat' dir='ltr'><strong>pecuniis</strong></span> <span class='ocrx_word' id='word_1_140' title='bbox 1977 2224 2403 2325; x_wconf 84' lang='lat' dir='ltr'><strong>repetundis</strong></span> <span class='ocrx_word' id='word_1_141' title='bbox 2432 2235 2453 2267; x_wconf 83' lang='lat'><strong>¹</strong></span> <span class='ocrx_word' id='word_1_142' title='bbox 2502 2236 2615 2295; x_wconf 85' lang='lat' dir='ltr'><strong>est</strong></span> 
     </span>
     <span class='ocr_line' id='line_1_19' title="bbox 479 2333 2613 2432; baseline -0.002 -22"><span class='ocrx_word' id='word_1_143' title='bbox 479 2339 972 2410; x_wconf 84' lang='lat' dir='ltr'><strong>constitutum.</strong></span> <span class='ocrx_word' id='word_1_144' title='bbox 1002 2333 1309 2406; x_wconf 87' lang='lat' dir='ltr'><strong>Siciliam</strong></span> <span class='ocrx_word' id='word_1_145' title='bbox 1348 2338 1791 2432; x_wconf 83' lang='lat' dir='ltr'><strong>provinciam</strong></span> <span class='ocrx_word' id='word_1_146' title='bbox 1822 2340 1900 2408; x_wconf 88' lang='lat' dir='ltr'><strong>C.</strong></span> <span class='ocrx_word' id='word_1_147' title='bbox 1930 2342 2191 2409; x_wconf 84' lang='lat' dir='ltr'><strong>Verres</strong></span> <span class='ocrx_word' id='word_1_148' title='bbox 2224 2359 2356 2432; x_wconf 91' lang='lat' dir='ltr'><strong>per</strong></span> <span class='ocrx_word' id='word_1_149' title='bbox 2387 2334 2613 2406; x_wconf 88' lang='lat' dir='ltr'><strong>trien-</strong></span> 
     </span>
     <span class='ocr_line' id='line_1_20' title="bbox 477 2434 2615 2543; baseline -0.002 -23"><span class='ocrx_word' id='word_1_150' title='bbox 477 2434 682 2519; x_wconf 84' lang='lat' dir='ltr'><strong>nium</strong></span> <span class='ocrx_word' id='word_1_151' title='bbox 717 2443 1201 2543; x_wconf 88' lang='lat' dir='ltr'><strong>depopulatus</strong></span> <span class='ocrx_word' id='word_1_152' title='bbox 1231 2468 1386 2515; x_wconf 89' lang='lat' dir='ltr'><strong>esse</strong></span> <span class='ocrx_word' id='word_1_153' title='bbox 1405 2498 1426 2533; x_wconf 91' lang='lat'><strong>,</strong></span> <span class='ocrx_word' id='word_1_154' title='bbox 1467 2447 1879 2518; x_wconf 87' lang='lat' dir='ltr'><strong>Siculorum</strong></span> <span class='ocrx_word' id='word_1_155' title='bbox 1911 2448 2235 2518; x_wconf 81' lang='lat' dir='ltr'><strong>civitates</strong></span> <span class='ocrx_word' id='word_1_156' title='bbox 2271 2457 2615 2533; x_wconf 80' lang='lat' dir='ltr'><strong>vastasse,</strong></span> 
     </span>
     <span class='ocr_line' id='line_1_21' title="bbox 477 2554 2615 2655; baseline -0.002 -25"><span class='ocrx_word' id='word_1_157' title='bbox 477 2558 738 2630; x_wconf 77' lang='lat' dir='ltr'><strong>domos</strong></span> <span class='ocrx_word' id='word_1_158' title='bbox 763 2556 1188 2643; x_wconf 81' lang='lat' dir='ltr'><strong>exinanisse,</strong></span> <span class='ocrx_word' id='word_1_159' title='bbox 1218 2554 1382 2627; x_wconf 89' lang='lat' dir='ltr'><strong>fana</strong></span> <span class='ocrx_word' id='word_1_160' title='bbox 1409 2556 1753 2655; x_wconf 90' lang='lat' dir='ltr'><strong>spoliasse</strong></span> <span class='ocrx_word' id='word_1_161' title='bbox 1788 2556 2071 2628; x_wconf 89' lang='lat' dir='ltr'><strong>dicitur.</strong></span> <span class='ocrx_word' id='word_1_162' title='bbox 2095 2554 2401 2645; x_wconf 88' lang='lat' dir='ltr'><strong>Adsunt,</strong></span> <span class='ocrx_word' id='word_1_163' title='bbox 2427 2578 2615 2653; x_wconf 89' lang='lat' dir='ltr'><strong>que-</strong></span> 
     </span>
     <span class='ocr_line' id='line_1_22' title="bbox 479 2663 2619 2763; baseline -0.002 -23"><span class='ocrx_word' id='word_1_164' title='bbox 479 2682 746 2740; x_wconf 88' lang='lat' dir='ltr'><strong>runtur</strong></span> <span class='ocrx_word' id='word_1_165' title='bbox 776 2665 996 2737; x_wconf 86' lang='lat' dir='ltr'><strong>siculi</strong></span> <span class='ocrx_word' id='word_1_166' title='bbox 1024 2668 1386 2755; x_wconf 71' lang='lat' dir='ltr'><strong>universi,</strong></span> <span class='ocrx_word' id='word_1_167' title='bbox 1419 2666 1512 2739; x_wconf 86' lang='lat' dir='ltr'><strong>ad</strong></span> <span class='ocrx_word' id='word_1_168' title='bbox 1538 2692 1776 2739; x_wconf 88' lang='lat' dir='ltr'><strong>meam</strong></span> <span class='ocrx_word' id='word_1_169' title='bbox 1806 2664 2027 2739; x_wconf 88' lang='lat' dir='ltr'><strong>fidem</strong></span> <span class='ocrx_word' id='word_1_170' title='bbox 2046 2722 2067 2755; x_wconf 92' lang='lat'><strong>,</strong></span> <span class='ocrx_word' id='word_1_171' title='bbox 2093 2692 2313 2763; x_wconf 89' lang='lat' dir='ltr'><strong>quam</strong></span> <span class='ocrx_word' id='word_1_172' title='bbox 2342 2663 2619 2737; x_wconf 87' lang='lat' dir='ltr'><strong>habent</strong></span> 
     </span>
     <span class='ocr_line' id='line_1_23' title="bbox 483 2775 2616 2878; baseline -0.004 -27"><span class='ocrx_word' id='word_1_173' title='bbox 483 2791 878 2878; x_wconf 85' lang='lat' dir='ltr'><strong>spectatam</strong></span> <span class='ocrx_word' id='word_1_174' title='bbox 933 2778 1083 2873; x_wconf 89' lang='lat' dir='ltr'><strong>jam</strong></span> <span class='ocrx_word' id='word_1_175' title='bbox 1137 2790 1212 2847; x_wconf 90' lang='lat' dir='ltr'><strong>et</strong></span> <span class='ocrx_word' id='word_1_176' title='bbox 1251 2776 1379 2847; x_wconf 82' lang='lat' dir='ltr'><strong>diu</strong></span> <span class='ocrx_word' id='word_1_177' title='bbox 1423 2778 1787 2873; x_wconf 86' lang='lat' dir='ltr'><strong>cognitam</strong></span> <span class='ocrx_word' id='word_1_178' title='bbox 1809 2832 1829 2867; x_wconf 92' lang='lat'><strong>,</strong></span> <span class='ocrx_word' id='word_1_179' title='bbox 1876 2776 2351 2877; x_wconf 83' lang='lat' dir='ltr'><strong>confugiunt3</strong></span> <span class='ocrx_word' id='word_1_180' title='bbox 2410 2775 2616 2845; x_wconf 85' lang='lat' dir='ltr'><strong>auxi-</strong></span> 
     </span>
     <span class='ocr_line' id='line_1_24' title="bbox 481 2884 2621 2985; baseline -0.002 -25"><span class='ocrx_word' id='word_1_181' title='bbox 481 2889 662 2960; x_wconf 86' lang='lat' dir='ltr'><strong>lium</strong></span> <span class='ocrx_word' id='word_1_182' title='bbox 689 2886 826 2959; x_wconf 87' lang='lat' dir='ltr'><strong>sibi</strong></span> <span class='ocrx_word' id='word_1_183' title='bbox 851 2908 982 2983; x_wconf 87' lang='lat' dir='ltr'><strong>per</strong></span> <span class='ocrx_word' id='word_1_184' title='bbox 1013 2908 1129 2956; x_wconf 87' lang='lat' dir='ltr'><strong>me</strong></span> <span class='ocrx_word' id='word_1_185' title='bbox 1159 2908 1196 2956; x_wconf 92' lang='lat' dir='ltr'><strong>a</strong></span> <span class='ocrx_word' id='word_1_186' title='bbox 1229 2884 1435 2957; x_wconf 82' lang='lat' dir='ltr'><strong>vobis</strong></span> <span class='ocrx_word' id='word_1_187' title='bbox 1463 2903 1685 2985; x_wconf 86' lang='lat' dir='ltr'><strong>atque</strong></span> <span class='ocrx_word' id='word_1_188' title='bbox 1712 2912 1755 2959; x_wconf 90' lang='lat' dir='ltr'><strong>a</strong></span> <span class='ocrx_word' id='word_1_189' title='bbox 1783 2887 2038 2985; x_wconf 87' lang='lat' dir='ltr'><strong>populi</strong></span> <span class='ocrx_word' id='word_1_190' title='bbox 2074 2887 2403 2957; x_wconf 81' lang='lat' dir='ltr'><strong>romani²</strong></span> <span class='ocrx_word' id='word_1_191' title='bbox 2436 2884 2621 2981; x_wconf 84' lang='lat' dir='ltr'><strong>legi-</strong></span> 
     </span>
     <span class='ocr_line' id='line_1_25' title="bbox 484 2993 2621 3094; baseline -0 -25"><span class='ocrx_word' id='word_1_192' title='bbox 484 2997 624 3069; x_wconf 89' lang='lat' dir='ltr'><strong>bus</strong></span> <span class='ocrx_word' id='word_1_193' title='bbox 659 3009 954 3094; x_wconf 81' lang='lat' dir='ltr'><strong>petunt3</strong></span> <span class='ocrx_word' id='word_1_194' title='bbox 991 3020 1108 3069; x_wconf 89' lang='lat' dir='ltr'><strong>me</strong></span> <span class='ocrx_word' id='word_1_195' title='bbox 1139 2993 1595 3068; x_wconf 87' lang='lat' dir='ltr'><strong>defensorem</strong></span> <span class='ocrx_word' id='word_1_196' title='bbox 1633 2997 2117 3069; x_wconf 84' lang='lat' dir='ltr'><strong>calamitatum</strong></span> <span class='ocrx_word' id='word_1_197' title='bbox 2148 3021 2474 3084; x_wconf 87' lang='lat' dir='ltr'><strong>suarum,</strong></span> <span class='ocrx_word' id='word_1_198' title='bbox 2498 3020 2621 3068; x_wconf 89' lang='lat' dir='ltr'><strong>me</strong></span> 
     </span>
     <span class='ocr_line' id='line_1_26' title="bbox 482 3106 2623 3205; baseline -0 -27"><span class='ocrx_word' id='word_1_199' title='bbox 482 3108 796 3178; x_wconf 86' lang='lat' dir='ltr'><strong>ultorem</strong></span> <span class='ocrx_word' id='word_1_200' title='bbox 818 3106 1242 3201; x_wconf 84' lang='lat' dir='ltr'><strong>injuriarum</strong></span> <span class='ocrx_word' id='word_1_201' title='bbox 1261 3160 1278 3193; x_wconf 92' lang='lat'><strong>,</strong></span> <span class='ocrx_word' id='word_1_202' title='bbox 1305 3128 1423 3179; x_wconf 89' lang='lat' dir='ltr'><strong>me</strong></span> <span class='ocrx_word' id='word_1_203' title='bbox 1445 3110 1894 3205; x_wconf 87' lang='lat' dir='ltr'><strong>cognitorem</strong></span> <span class='ocrx_word' id='word_1_204' title='bbox 1910 3108 2096 3204; x_wconf 83' lang='lat' dir='ltr'><strong>juris</strong></span> <span class='ocrx_word' id='word_1_205' title='bbox 2120 3109 2265 3197; x_wconf 89' lang='lat' dir='ltr'><strong>sui,</strong></span> <span class='ocrx_word' id='word_1_206' title='bbox 2282 3132 2401 3178; x_wconf 89' lang='lat' dir='ltr'><strong>me</strong></span> <span class='ocrx_word' id='word_1_207' title='bbox 2430 3120 2623 3177; x_wconf 91' lang='lat' dir='ltr'><strong>acto-</strong></span> 
     </span>
     <span class='ocr_line' id='line_1_27' title="bbox 485 3218 2621 3310; baseline -0 -21"><span class='ocrx_word' id='word_1_208' title='bbox 485 3242 638 3289; x_wconf 85' lang='lat' dir='ltr'><strong>rem</strong></span> <span class='ocrx_word' id='word_1_209' title='bbox 675 3240 900 3288; x_wconf 84' lang='lat' dir='ltr'><strong>causae</strong></span> <span class='ocrx_word' id='word_1_210' title='bbox 937 3218 1158 3289; x_wconf 91' lang='lat' dir='ltr'><strong>totius</strong></span> <span class='ocrx_word' id='word_1_211' title='bbox 1201 3241 1352 3289; x_wconf 88' lang='lat' dir='ltr'><strong>esse</strong></span> <span class='ocrx_word' id='word_1_212' title='bbox 1398 3220 1811 3291; x_wconf 87' lang='lat' dir='ltr'><strong>voluerunt.</strong></span> <span class='ocrx_word' id='word_1_213' title='bbox 1863 3224 2160 3306; x_wconf 91' lang='lat' dir='ltr'><strong>Utrum,</strong></span> <span class='ocrx_word' id='word_1_214' title='bbox 2199 3224 2287 3310; x_wconf 88' lang='lat' dir='ltr'><strong>Q.</strong></span> <span class='ocrx_word' id='word_1_215' title='bbox 2344 3218 2621 3305; x_wconf 85' lang='lat' dir='ltr'><strong>Caecili,</strong></span> 
     </span>
     <span class='ocr_line' id='line_1_28' title="bbox 485 3326 2624 3427; baseline -0.001 -26"><span class='ocrx_word' id='word_1_216' title='bbox 485 3328 630 3401; x_wconf 89' lang='lat' dir='ltr'><strong>hoc</strong></span> <span class='ocrx_word' id='word_1_217' title='bbox 661 3326 893 3411; x_wconf 77' lang='lat' dir='ltr'><strong>dioeS,</strong></span> <span class='ocrx_word' id='word_1_218' title='bbox 951 3350 1066 3397; x_wconf 89' lang='lat' dir='ltr'><strong>me</strong></span> <span class='ocrx_word' id='word_1_219' title='bbox 1107 3350 1254 3397; x_wconf 87' lang='lat' dir='ltr'><strong>non</strong></span> <span class='ocrx_word' id='word_1_220' title='bbox 1291 3328 1700 3401; x_wconf 84' lang='lat' dir='ltr'><strong>Siculorum</strong></span> <span class='ocrx_word' id='word_1_221' title='bbox 1740 3344 2000 3427; x_wconf 87' lang='lat' dir='ltr'><strong>rogatu</strong></span> <span class='ocrx_word' id='word_1_222' title='bbox 2042 3329 2136 3401; x_wconf 90' lang='lat' dir='ltr'><strong>ad</strong></span> <span class='ocrx_word' id='word_1_223' title='bbox 2174 3350 2461 3401; x_wconf 85' lang='lat' dir='ltr'><strong>causam</strong></span> <span class='ocrx_word' id='word_1_224' title='bbox 2497 3351 2624 3398; x_wconf 90' lang='lat' dir='ltr'><strong>ac-</strong></span> 
     </span>
    </p>
   </div>
   <div class='ocr_carea' id='block_1_3' title="bbox 485 3509 2628 3975">
    <p class='ocr_par' dir='ltr' id='par_1_6' title="bbox 485 3509 2628 3975">
     <span class='ocr_line' id='line_1_29' title="bbox 563 3509 2625 3579; baseline -0 -19"><span class='ocrx_word' id='word_1_225' title='bbox 563 3526 642 3560; x_wconf 84' lang='grc' dir='ltr'><strong>ιο.</strong></span> <span class='ocrx_word' id='word_1_226' title='bbox 667 3509 758 3559; x_wconf 70' lang='lat' dir='ltr'><strong>Aa</strong></span> <span class='ocrx_word' id='word_1_227' title='bbox 781 3524 892 3557; x_wconf 71' lang='lat' dir='ltr'><strong>aaut</strong></span> <span class='ocrx_word' id='word_1_228' title='bbox 917 3520 1130 3574; x_wconf 71' lang='lat' dir='ltr'><strong>pamm.</strong></span> <span class='ocrx_word' id='word_1_229' title='bbox 1161 3512 1276 3559; x_wconf 76' lang='lat' dir='ltr'><strong>Hoc</strong></span> <span class='ocrx_word' id='word_1_230' title='bbox 1307 3526 1508 3573; x_wconf 79' lang='lat' dir='ltr'><strong>munus,</strong></span> <span class='ocrx_word' id='word_1_231' title='bbox 1598 3512 1727 3561; x_wconf 79' lang='lat' dir='ltr'><strong>cium</strong></span> <span class='ocrx_word' id='word_1_232' title='bbox 1742 3510 2117 3579; x_wconf 73' lang='lat' dir='ltr'><strong>nepetundarum</strong></span> <span class='ocrx_word' id='word_1_233' title='bbox 2132 3509 2249 3561; x_wconf 82' lang='lat' dir='ltr'><strong>inde</strong></span> <span class='ocrx_word' id='word_1_234' title='bbox 2264 3510 2625 3573; x_wconf 75' lang='lat' dir='ltr'><strong>dictum‚quod</strong></span> 
     </span>
     <span class='ocr_line' id='line_1_30' title="bbox 485 3587 2624 3656; baseline -0.001 -17"><span class='ocrx_word' id='word_1_235' title='bbox 485 3591 576 3639; x_wconf 74' lang='lat' dir='ltr'><strong>lun</strong></span> <span class='ocrx_word' id='word_1_236' title='bbox 619 3598 780 3654; x_wconf 64' lang='lat' dir='ltr'><strong>parm</strong></span> <span class='ocrx_word' id='word_1_237' title='bbox 825 3587 1138 3637; x_wconf 66' lang='lat' dir='ltr'><strong>sublevanda</strong></span> <span class='ocrx_word' id='word_1_238' title='bbox 1178 3591 1302 3655; x_wconf 76' lang='lat' dir='ltr'><strong>reip.</strong></span> <span class='ocrx_word' id='word_1_239' title='bbox 1341 3606 1508 3640; x_wconf 81' lang='lat' dir='ltr'><strong>susee-</strong></span> <span class='ocrx_word' id='word_1_240' title='bbox 1596 3606 1657 3641; x_wconf 83' lang='lat' dir='ltr'><strong>eo</strong></span> <span class='ocrx_word' id='word_1_241' title='bbox 1678 3592 1871 3653; x_wconf 78' lang='lat' dir='ltr'><strong>judicio</strong></span> <span class='ocrx_word' id='word_1_242' title='bbox 1906 3593 2030 3640; x_wconf 73' lang='lat' dir='ltr'><strong>socii</strong></span> <span class='ocrx_word' id='word_1_243' title='bbox 2066 3592 2297 3656; x_wconf 76' lang='lat' dir='ltr'><strong>pecunias</strong></span> <span class='ocrx_word' id='word_1_244' title='bbox 2328 3589 2425 3639; x_wconf 80' lang='lat' dir='ltr'><strong>sibi</strong></span> <span class='ocrx_word' id='word_1_245' title='bbox 2451 3600 2624 3638; x_wconf 75' lang='lat' dir='ltr'><strong>contra</strong></span> 
     </span>
     <span class='ocr_line' id='line_1_31' title="bbox 487 3667 2627 3736; baseline 0 -19"><span class='ocrx_word' id='word_1_246' title='bbox 487 3671 633 3733; x_wconf 69' lang='lat' dir='ltr'><strong>pinse.</strong></span> <span class='ocrx_word' id='word_1_247' title='bbox 655 3667 964 3717; x_wconf 71' lang='lat' dir='ltr'><strong>Manis-tior</strong></span> <span class='ocrx_word' id='word_1_248' title='bbox 981 3682 1150 3717; x_wconf 67' lang='lat' dir='ltr'><strong>mn</strong></span> <span class='ocrx_word' id='word_1_249' title='bbox 1173 3679 1323 3730; x_wconf 63' lang='lat' dir='ltr'><strong>met,</strong></span> <span class='ocrx_word' id='word_1_250' title='bbox 1349 3671 1390 3719; x_wconf 72' lang='lat' dir='ltr'><strong>ni</strong></span> <span class='ocrx_word' id='word_1_251' title='bbox 1406 3672 1512 3719; x_wconf 73' lang='lat' dir='ltr'><strong>sub-</strong></span> <span class='ocrx_word' id='word_1_252' title='bbox 1594 3671 1729 3735; x_wconf 74' lang='lat' dir='ltr'><strong>leges</strong></span> <span class='ocrx_word' id='word_1_253' title='bbox 1771 3682 1958 3736; x_wconf 71' lang='lat' dir='ltr'><strong>ereptas</strong></span> <span class='ocrx_word' id='word_1_254' title='bbox 1992 3680 2245 3735; x_wconf 75' lang='lat' dir='ltr'><strong>repetant,</strong></span> <span class='ocrx_word' id='word_1_255' title='bbox 2280 3686 2400 3734; x_wconf 75' lang='lat' dir='ltr'><strong>quas</strong></span> <span class='ocrx_word' id='word_1_256' title='bbox 2440 3684 2505 3718; x_wconf 82' lang='lat' dir='ltr'><strong>ex</strong></span> <span class='ocrx_word' id='word_1_257' title='bbox 2539 3667 2627 3717; x_wconf 83' lang='lat' dir='ltr'><strong>da·</strong></span> 
     </span>
     <span class='ocr_line' id='line_1_32' title="bbox 485 3744 2627 3813; baseline 0 -18"><span class='ocrx_word' id='word_1_258' title='bbox 485 3746 747 3795; x_wconf 64' lang='lat' dir='ltr'><strong>hundam</strong></span> <span class='ocrx_word' id='word_1_259' title='bbox 765 3744 938 3795; x_wconf 68' lang='lat' dir='ltr'><strong>darm</strong></span> <span class='ocrx_word' id='word_1_260' title='bbox 963 3747 1113 3796; x_wconf 73' lang='lat' dir='ltr'><strong>codd.</strong></span> <span class='ocrx_word' id='word_1_261' title='bbox 1133 3748 1301 3813; x_wconf 67' lang='lat' dir='ltr'><strong>aliqui.</strong></span> <span class='ocrx_word' id='word_1_262' title='bbox 1596 3760 1875 3800; x_wconf 71' lang='lat' dir='ltr'><strong>innatorum</strong></span> <span class='ocrx_word' id='word_1_263' title='bbox 1906 3750 2075 3799; x_wconf 72' lang='lat' dir='ltr'><strong>litibus</strong></span> <span class='ocrx_word' id='word_1_264' title='bbox 2110 3752 2385 3811; x_wconf 72' lang='lat' dir='ltr'><strong>aestimatis,</strong></span> <span class='ocrx_word' id='word_1_265' title='bbox 2421 3749 2627 3797; x_wconf 82' lang='lat' dir='ltr'><strong>domum</strong></span> 
     </span>
     <span class='ocr_line' id='line_1_33' title="bbox 565 3825 1868 3895; baseline 0.005 -22"><span class='ocrx_word' id='word_1_266' title='bbox 565 3842 588 3873; x_wconf 83' lang='grc' dir='ltr'>ι</span> <span class='ocrx_word' id='word_1_267' title='bbox 603 3841 648 3873; x_wconf 82' lang='grc' dir='ltr'><strong>ι.</strong></span> <span class='ocrx_word' id='word_1_268' title='bbox 665 3826 1024 3875; x_wconf 67' lang='lat' dir='ltr'><strong>D-nonsmvi.</strong></span> <span class='ocrx_word' id='word_1_269' title='bbox 1045 3825 1122 3876; x_wconf 73' lang='lat' dir='ltr'><strong>D·</strong></span> <span class='ocrx_word' id='word_1_270' title='bbox 1143 3827 1220 3877; x_wconf 72' lang='lat' dir='ltr'><strong>his</strong></span> <span class='ocrx_word' id='word_1_271' title='bbox 1247 3827 1362 3877; x_wconf 78' lang='lat' dir='ltr'><strong>vide</strong></span> <span class='ocrx_word' id='word_1_272' title='bbox 1377 3828 1515 3893; x_wconf 76' lang='lat' dir='ltr'><strong>qnod</strong></span> <span class='ocrx_word' id='word_1_273' title='bbox 1597 3841 1868 3895; x_wconf 75' lang='lat' dir='ltr'><strong>reportent.</strong></span> 
     </span>
     <span class='ocr_line' id='line_1_34' title="bbox 487 3904 2628 3975; baseline -0 -19"><span class='ocrx_word' id='word_1_274' title='bbox 487 3922 601 3971; x_wconf 73' lang='lat' dir='ltr'><strong>sup.</strong></span> <span class='ocrx_word' id='word_1_275' title='bbox 629 3906 777 3953; x_wconf 68' lang='lat' dir='ltr'><strong>ane.</strong></span> <span class='ocrx_word' id='word_1_276' title='bbox 804 3908 976 3957; x_wconf 56' lang='lat' dir='ltr'><strong>Amet„</strong></span> <span class='ocrx_word' id='word_1_277' title='bbox 995 3910 1050 3968; x_wconf 88' lang='lat'><strong>1,</strong></span> <span class='ocrx_word' id='word_1_278' title='bbox 1075 3918 1182 3958; x_wconf 70' lang='lat' dir='ltr'><strong>not.</strong></span> <span class='ocrx_word' id='word_1_279' title='bbox 1211 3908 1272 3967; x_wconf 79' lang='lat'><strong>⁶,</strong></span> <span class='ocrx_word' id='word_1_280' title='bbox 1311 3908 1515 3958; x_wconf 71' lang='lat' dir='ltr'><strong>nclnota-</strong></span> <span class='ocrx_word' id='word_1_281' title='bbox 1672 3924 1724 3957; x_wconf 79' lang='lat' dir='ltr'><strong>a.</strong></span> <span class='ocrx_word' id='word_1_282' title='bbox 1745 3908 1878 3959; x_wconf 71' lang='lat' dir='ltr'><strong>oum</strong></span> <span class='ocrx_word' id='word_1_283' title='bbox 1900 3910 2131 3975; x_wconf 76' lang='lat' dir='ltr'><strong>«populo</strong></span> <span class='ocrx_word' id='word_1_284' title='bbox 2149 3923 2355 3957; x_wconf 74' lang='lat' dir='ltr'><strong>romano</strong></span> <span class='ocrx_word' id='word_1_285' title='bbox 2369 3928 2397 3950; x_wconf 81' lang='grc' dir='ltr'><strong>ιι</strong></span> <span class='ocrx_word' id='word_1_286' title='bbox 2416 3922 2479 3957; x_wconf 82' lang='lat' dir='ltr'><strong>ex</strong></span> <span class='ocrx_word' id='word_1_287' title='bbox 2498 3904 2628 3955; x_wconf 75' lang='lat' dir='ltr'><strong>MSS</strong></span> 
     </span>
    </p>
   </div>
   <div class='ocr_carea' id='block_1_4' title="bbox 487 3986 2631 4130">
    <p class='ocr_par' dir='ltr' id='par_1_7' title="bbox 487 3986 2631 4130">
     <span class='ocr_line' id='line_1_35' title="bbox 487 3986 2631 4055; baseline -0 -21"><span class='ocrx_word' id='word_1_288' title='bbox 487 3986 665 4034; x_wconf 72' lang='lat' dir='ltr'><strong>vinnm.</strong></span> <span class='ocrx_word' id='word_1_289' title='bbox 1600 3988 1895 4053; x_wconf 79' lang='lat' dir='ltr'><strong>compendio</strong></span> <span class='ocrx_word' id='word_1_290' title='bbox 1925 3988 2205 4055; x_wconf 73' lang='lat' dir='ltr'><strong>profectum</strong></span> <span class='ocrx_word' id='word_1_291' title='bbox 2228 4002 2443 4037; x_wconf 84' lang='lat' dir='ltr'><strong>errorem</strong></span> <span class='ocrx_word' id='word_1_292' title='bbox 2467 4000 2631 4035; x_wconf 70' lang='lat' dir='ltr'><strong>eone-</strong></span> 
     </span>
     <span class='ocr_line' id='line_1_36' title="bbox 558 4062 1941 4130; baseline 0.004 -18"><span class='ocrx_word' id='word_1_293' title='bbox 558 4067 648 4112; x_wconf 79' lang='lat' dir='ltr'><strong>lv.</strong></span> <span class='ocrx_word' id='word_1_294' title='bbox 682 4079 727 4111; x_wconf 83' lang='grc' dir='ltr'><strong>ι.</strong></span> <span class='ocrx_word' id='word_1_295' title='bbox 767 4062 994 4113; x_wconf 52' lang='lat' dir='ltr'><strong>Pecunia]</strong></span> <span class='ocrx_word' id='word_1_296' title='bbox 1031 4065 1324 4130; x_wconf 70' lang='lat' dir='ltr'><strong>repetundis.</strong></span> <span class='ocrx_word' id='word_1_297' title='bbox 1366 4064 1513 4117; x_wconf 77' lang='lat' dir='ltr'><strong>sadi-</strong></span> <span class='ocrx_word' id='word_1_298' title='bbox 1600 4068 1675 4116; x_wconf 82' lang='lat' dir='ltr'><strong>xit</strong></span> <span class='ocrx_word' id='word_1_299' title='bbox 1701 4068 1941 4119; x_wconf 64' lang='lat' dir='ltr'><strong>Gravius.</strong></span> 
     </span>
    </p>
   </div>
  </div>
 </body>
</html>
