2984 4684
516 365 662 453 346
1172 372 1268 438 Μ.
1321 373 1398 440 Τ.
1454 371 2025 441 CICERONIS

511 506 706 562 runt.
740 490 942 581 Quid
971 492 1386 590 exspectas?
1409 517 1505 563 an
1534 491 1713 566 dum
1742 491 1834 564 ab
1859 489 2107 564 inferis
2132 490 2254 564 ille
2282 493 2666 568 Malleolus

511 605 840 690 exsistat,
880 615 1100 698 atque
1131 600 1262 672 abs
1299 617 1371 674 te
1403 601 1648 675 officia
1674 603 1945 689 tutelae,
1984 601 2379 676 sodalitatis
2400 661 2421 694 ,
2452 603 2663 677 fami-

509 709 978 808 liaritatisque
1039 708 1352 809 flagitet?
1413 717 1665 812 Ipsum
1730 727 1987 811 putato
2037 711 2330 786 adesse:
2374 720 2661 786 «Homo

507 852 542 886 α
566 822 973 894 avarissime
1007 835 1082 895 et
1109 824 1570 920 spurcissime
1590 878 1611 913 ,
1645 821 1870 895 redde
1906 821 2107 895 bona
2124 821 2428 896 sodalis-‘⁴²
2452 823 2605 896 filio
2636 852 2657 895 :

507 961 541 996 α
567 931 626 1002 si
653 956 806 1004 non
834 956 998 1028 quae
1025 931 1378 1004 abstulisti
1405 961 1424 1020 ;
1460 949 1536 1004 at
1564 959 1723 1032 quae
1750 932 2131 1006 confessus
2160 957 2261 1006 es.
2286 938 2437 1007 Cur
2464 937 2662 1033 cogis

509 1072 544 1110 α
567 1040 830 1114 sodalis
849 1041 1082 1115 filium
1109 1043 1298 1116 hanc
1313 1047 1627 1143 primam
1646 1049 1723 1116 in
1743 1042 1909 1117 foro
1932 1069 2184 1116 vocem
2212 1069 2381 1116 cum
2402 1044 2659 1118 dolore

505 1183 540 1220 α
567 1169 640 1226 et
662 1155 1119 1250 querimonia
1141 1155 1560 1227 emittere⁴?
1586 1179 1717 1227 cur
1734 1153 1999 1226 sodalis
2027 1179 2369 1242 uxorem,
2396 1155 2661 1228 sodalis

503 1295 537 1330 α
563 1289 878 1352 socrum,
898 1264 1199 1342 domum
1221 1263 1541 1363 denique
1562 1280 1793 1338 totam
1812 1264 2078 1338 sodalis
2090 1269 2387 1352 mortui,
2402 1279 2659 1338 contra

501 1390 632 1448 a-te
687 1377 1188 1449 testimonium
1239 1375 1521 1450 dicere?
1560 1401 1695 1449 cur
1743 1375 2307 1475 pudentissimas
2354 1375 2655 1448 lectissi-

502 1516 538 1552 «
559 1511 858 1585 masque
895 1485 1202 1560 feminas
1239 1490 1314 1559 in
1361 1502 1645 1560 tautum
1686 1490 2013 1559 virorum
2048 1500 2493 1560 conventum
2540 1488 2655 1558 in·

496 1598 800 1670 «solitas
860 1599 1268 1697 invitasque
1329 1597 1629 1697 prodire
1672 1597 1973 1694 cogis?»
2022 1599 2269 1668 Recita
2322 1597 2656 1669 omnium

497 1709 912 1778 testimonia
945 1735 961 1778 ε
994 1713 1512 1781 TEs-rmomum
1548 1733 1823 1780 munis
1858 1733 1945 1778 Εἰ·
1982 1732 2193 1778 Avia-3.

593 1823 988 1891 XXXVIII.
1046 1824 1549 1918 Proquaestore
1569 1831 1590 1863 ¹
1633 1843 1812 1892 vero
1852 1817 2231 1916 quomodo
2266 1821 2403 1890 iste
2452 1841 2653 1890 com·

495 1953 719 2001 mune
735 1940 764 1972 ²
791 1930 1188 2027 Milyadum
1211 1934 1521 2019 vexarit,
1537 1926 1919 2029 quomodo
1942 1929 2270 2026 Lyciam,
2296 1925 2653 2027 Pamphy-

497 2038 670 2110 liam
691 2093 710 2125 ,
742 2039 1080 2112 Pisidiam
1101 2095 1121 2126 ,
1161 2040 1697 2138 Phrygiamque
1736 2053 1967 2112 totam
2004 2037 2375 2110 frumento
2418 2041 2651 2135 impe-

494 2147 726 2220 rando
754 2204 774 2236 ,
817 2151 1278 2240 aestimande,
1321 2151 1455 2223 hac
1490 2171 1619 2223 sua
1642 2207 1663 2240 ,
1700 2176 1921 2250 quam
1966 2167 2125 2222 tum
2163 2151 2485 2248 primum
2520 2175 2653 2220 ex-

499 2262 872 2358 cogitavit,
937 2257 1338 2334 Siciliensi³
1391 2263 1861 2334 aestimatione
1905 2259 2277 2346 afflixerit,
2326 2283 2483 2330 nou
2540 2273 2653 2332 est

498 2395 790 2443 necesse
839 2371 1339 2447 demonstrare
1377 2373 1641 2444 verbiS.
1684 2378 1842 2444 Hoc
1881 2375 2139 2444 scitote
2180 2398 2197 2440 ε
2251 2368 2367 2440 his
2406 2371 2651 2462 nomi-

495 2480 715 2553 nibus
745 2481 959 2580 (quae
993 2509 1110 2556 res
1145 2509 1280 2583 per
1308 2509 1478 2556 eum
1516 2498 1731 2582 gestae
1774 2496 1980 2566 sunt,
2020 2505 2251 2578 quum
2291 2483 2425 2552 iste
2464 2481 2647 2551 civi-

487 2591 754 2664 tatibus
781 2591 1266 2680 frumentum,
1306 2597 1505 2666 coria
1520 2597 1577 2681 4,
1606 2593 1872 2680 cilicia,
1899 2616 2146 2664 saccos
2163 2588 2191 2636 ⁵
2222 2591 2647 2688 imperaret,

492 2729 736 2803 neque
760 2729 846 2776 ea
869 2720 1228 2794 sumeret,
1269 2729 1402 2802 pro
1442 2705 1559 2776 his
1581 2703 1806 2776 rebus
1832 2704 2223 2801 pecuniam
2250 2699 2651 2797 exigeret),

563 2925 613 2973 3.
637 2924 850 2976 δοᾰαίἰε.
883 2928 962 2975 sic
1003 2926 1279 2991 appellatur
1317 2925 1521 2991 proprie

489 3003 674 3068 collega
700 3019 759 3052 ac
784 3005 971 3067 socius,
1005 3021 1118 3054 cnm
1148 3021 1252 3071 quo
1275 3019 1410 3052 sacra
1437 3021 1519 3052 ce-

487 3081 747 3132 lebamus.

560 3168 610 3216 4.
633 3161 919 3219 Lambinus,
939 3149 1154 3212 minere:
1176 3165 1208 3212 J
1215 3198 1229 3212 .
1246 3165 1310 3209 V.
1336 3165 1395 3210 L.

557 3241 857 3290 XXXVIII.
895 3256 943 3290 1.
995 3243 1356 3305 quuaeseone.
1394 3243 1436 3289 1.
1473 3258 1517 3290 e.

488 3321 645 3368 factus
674 3331 890 3386 quator
921 3323 975 3368 in
997 3321 1163 3369 locum
1189 3323 1375 3370 mortui
1396 3321 1521 3369 Mal-

487 3399 629 3449 leoli.

561 3495 612 3529 α.
647 3476 929 3528 Commune.
950 3477 1380 3540 communitatem,
1394 3495 1543 3527 rem--

487 3558 753 3623 publicam.
792 3560 964 3608 Groeca
1005 3559 1228 3608 locutio:
1263 3559 1318 3608 τὸ
1343 3557 1517 3608 κοινόν.

487 3640 644 3687 Porro
668 3639 850 3704 Milyas
875 3648 1106 3687 montana
1131 3638 1266 3703 regio
1285 3637 1347 3686 ah
1365 3655 1519 3704 angu-

486 3720 590 3765 stiis
608 3719 760 3767 Tauri
777 3719 982 3777 montis,
993 3732 1148 3782 usque
1165 3715 1226 3766 ad
1241 3720 1517 3782 Apamam·

485 3798 612 3844 aium
643 3798 892 3862 regionem
928 3797 1228 3847 extenditur.
1273 3797 1432 3846 Strab-
1461 3799 1516 3845 in

487 3874 578 3925 fin.
595 3875 682 3923 lib.
699 3879 842 3924 XIII.

557 3955 605 4002 3.
637 3954 885 4005 Siciliensi.
917 3959 1028 4020 Qua
1065 3969 1234 4022 postea
1268 3959 1320 4005 iu
1351 3956 1513 4005 Sicilia

483 4049 598 4082 usus
613 4034 860 4084 estvm.
873 4039 976 4092 111,
1015 4037 1044 4082 8
1057 4053 1100 4085 ι.
1120 4039 1274 4086 Porro
1293 4047 1514 4100 quiesto-

482 4129 588 4160 rnm
611 4113 860 4177 praecipue
879 4115 1188 4163 frumentaria
1211 4127 1312 4164 erat
1335 4131 1515 4180 procu·

1608 2923 1765 2982 ratio,
1811 2923 1901 2986 qui
1941 2919 2177 2969 frumenti
2232 2930 2415 2968 certam
2472 2918 2577 2965 vim
2616 2935 2645 2964 a

1606 2999 1929 3065 vectigalibus
1996 2999 2103 3048 dari
2164 2996 2469 3062 imperabant
2494 3031 2510 3056 ‚
2559 3009 2647 3047 aut

1606 3083 1755 3132 etiam
1776 3079 2003 3130 emebant
2026 3095 2085 3128 nc
2109 3076 2431 3128 animabant.

1680 3169 1730 3217 4.
1764 3159 1929 3211 coria.
1960 3159 2158 3223 Quibus
2181 3157 2494 3206 tabernacula
2514 3157 2645 3204 mili-

1608 3241 1739 3289 tibus
1764 3237 2175 3288 conficiebantur.
2193 3239 2253 3286 T.
2281 3237 2471 3295 manv,
2501 3251 2551 3286 a.
2572 3263 2645 3274 ·-

1612 3319 1802 3369 Cilicia.
1828 3317 2003 3366 Vestes
2022 3335 2051 3366 c
2076 3317 2189 3366 lana
2225 3317 2427 3381 caprina
2454 3325 2617 3364 textas
2635 3349 2653 3368 .

1606 3399 1789 3464 quibus
1802 3399 1857 3446 in
1870 3398 2041 3446 castri·
2062 3395 2348 3454 utebantur,
2367 3405 2417 3442 et
2434 3411 2647 3459 quarum

1607 3495 1725 3526 unm
1752 3478 1805 3526 in
1840 3477 2014 3527 cilici·
2046 3485 2267 3540 repertus
2300 3485 2390 3522 est.
2408 3475 2553 3522 Varr.
2582 3473 2648 3522 dc

1606 3560 1681 3606 Re
1709 3569 1831 3606 rust.
1858 3558 1941 3614 11,
1992 3571 2073 3604 u.
2096 3553 2279 3618 Virgil.
2318 3555 2501 3618 (ὅσοις.
2538 3555 2651 3610 111,

1610 3639 1736 3687 313:
1761 3637 1972 3686 «barbas
2000 3636 2277 3698 incanaque
2300 3644 2460 3681 menta
2482 3634 2645 3697 Ciny-

1604 3719 1711 3783 phii
1728 3717 1939 3766 tondent
1955 3715 2109 3774 hirci,
2130 3727 2367 3778 natasque
2387 3713 2647 3770 comantis,

1604 3800 1761 3847 Usum
1786 3801 1839 3846 in
1860 3807 2165 3856 munorum,
2186 3807 2284 3844 etc.
2298 3817 2321 3838 ο

1678 3879 1729 3928 5.
1757 3877 1979 3926 Graevius
1994 3913 2009 3937 ‚
2034 3893 2195 3942 sagos.
2216 3878 2249 3924 J
2254 3877 2341 3924 Ν.
2362 3875 2649 3922 L—-Recte

1606 3958 1795 4006 monuit
1824 3961 2014 4006 Ernest.
2042 3974 2211 4004 saccos
2248 3957 2299 4002 in
2328 3955 2523 4001 urbium
2552 3969 2647 4016 op·

1604 4037 1991 4101 pugnationibus
2006 4037 2228 4100 usurpari
2244 4033 2309 4082 ad
2324 4031 2647 4096 frangendam

1606 4116 1705 4162 vim
1732 4117 1941 4164 telorum
1964 4151 1979 4178 ,
2007 4115 2242 4174 arietum,
2274 4125 2331 4162 ut
2354 4109 2545 4162 cilicia.
