2984 4684
706 397 843 467 DE
893 397 1406 471 PRAETORE
1463 402 2203 474 PROVINCIALI.
2388 396 2528 472 533

382 518 472 583 ris
494 540 616 584 suo
642 513 914 587 consilio
939 536 1137 607 atque
1163 521 1433 586 arbitrio
1450 522 1521 587 in
1552 545 1669 589 sua
1698 523 2033 612 provincia
2058 521 2525 611 gubernandae.

385 625 537 689 Tria
565 624 705 696 heac
733 626 1017 692 breviter
1051 627 1449 717 explicanda.

471 733 845 798 Exercitum
888 757 1122 822 praeses
1168 750 1283 800 aut
1329 758 1575 801 novum
1631 737 2045 824 conscripsit,
2080 752 2196 801 aut
2239 750 2524 800 veterem

381 837 464 903 ab
497 838 639 927 ipso
675 838 944 927 praeside
976 839 1328 907 decedente
1347 892 1366 925 ,
1403 859 1519 908 aut
1551 843 1634 907 ab
1672 843 1727 924 ej
1736 865 1809 907 us
1844 843 2057 932 legato
2092 841 2379 931 accepit:
2413 864 2525 907 ao-

383 959 646 1033 ceptum
684 946 1004 1028 lustravit,
1033 964 1134 1030 et,
1165 950 1482 1013 concione
1508 950 1765 1032 habita,
1792 950 1847 1015 si
1881 972 2011 1038 qua
2042 947 2425 1039 corrigenda
2456 950 2527 1011 in

383 1072 500 1133 eo,
547 1066 663 1113 aut
694 1050 1100 1117 immutanda
1135 1053 1269 1117 visa
1299 1051 1491 1136 sunt,
1530 1055 1869 1143 proposito
1915 1053 2167 1134 edicto,
2223 1052 2532 1117 emenda·-

383 1156 476 1219 vit
511 1173 577 1221 et
609 1157 997 1222 immutavit.
1052 1159 1277 1223 Cicero
1315 1160 1430 1235 lib.
1457 1160 1517 1221 V
1546 1159 1631 1225 ad
1664 1160 1857 1225 Attio.
1894 1160 2085 1249 epist.
2128 1181 2232 1223 20.
2278 1158 2529 1241 Livius,

384 1262 776 1344 XXXVIII,
820 1286 896 1327 12
921 1312 940 1347 ,
981 1279 1048 1328 et
1076 1265 1274 1348 XLV,
1311 1272 1420 1346 41.
1716 1264 1725 1270 ’

471 1371 799 1435 Lustratio
818 1419 837 1454 ,
883 1388 1022 1437 erat
1062 1373 1334 1438 solenne
1370 1373 1755 1440 sacrificium
1773 1420 1792 1455 ,
1833 1370 2015 1462 quod
2055 1371 2377 1436 faciebant
2404 1370 2529 1435 sub

385 1474 498 1541 dio
527 1475 612 1540 ad
645 1476 1042 1565 expiandum
1085 1480 1472 1563 exercitum,
1518 1480 1816 1545 censorio
1850 1501 1987 1543 non
2022 1477 2349 1559 absimile,
2393 1500 2531 1565 quo

383 1584 668 1673 populus
701 1606 1009 1649 romanus
1042 1586 1111 1648 in
1143 1607 1374 1674 campo
1397 1586 1635 1651 Martio
1656 1584 2071 1651 lustrabatur.
2106 1583 2433 1649 Plutarch.
2462 1584 2531 1647 in

383 1690 608 1755 Bruto.
641 1690 781 1754 Liv.
807 1690 956 1773 XL,
991 1692 1055 1756 6.
1093 1691 1176 1774 Q.
1213 1693 1397 1756 Curt.
1432 1693 1527 1773 X,
1562 1715 1625 1779 9.
2086 1708 2091 1712 ’

472 1796 842 1886 Disciplinae
873 1796 1168 1866 militaris,
1205 1778 1561 1863 emendatae
1598 1797 1851 1863 dabunt
1880 1798 2175 1885 exempla
2213 1795 2285 1860 P.
2314 1795 2530 1883 Scipio

385 1900 470 1967 ad
490 1902 936 1986 Numantiam,
962 1919 1029 1968 et
1051 1903 1132 1986 Q.
1150 1904 1453 1971 Metellus
1489 1905 1559 1969 in
1592 1902 1921 1977 Numidia.
1947 1902 2229 1992 Appian.
2255 1902 2325 1966 in
2349 1900 2527 1965 lber.

385 2007 641 2075 Sallust.
674 2009 742 2073 in
773 2009 920 2099 Jug.
957 2032 1097 2098 cap.
1131 2008 1241 2088 45.

471 2116 834 2205 Imperator
863 2108 932 2178 i'n
968 2116 1255 2183 exercitu
1291 2140 1428 2181 non
1467 2118 1746 2206 privatas
1778 2119 1991 2183 solum
2026 2114 2527 2203 controversias,

383 2219 501 2286 sed
543 2221 832 2311 publicas
860 2244 1012 2287 cum
1044 2224 1319 2288 consilio
1350 2247 1426 2288 ac
1457 2225 1597 2289 sine
1628 2226 1901 2295 consilio
1935 2223 2275 2313 cognovit3
2308 2243 2382 2286 ac
2415 2219 2531 2285 de-

385 2349 572 2400 mum
624 2349 947 2392 summam
981 2328 1128 2395 vitae
1173 2330 1481 2417 necisque
1526 2330 1845 2417 cujusque
1898 2346 2289 2417 potestatem
2343 2344 2409 2391 et
2462 2328 2531 2390 in
2644 2326 2649 2334 ’

383 2434 630 2513 socios,
657 2449 722 2497 et
755 2434 823 2495 in
863 2435 1034 2509 cives
1065 2435 1278 2522 ipsos,
1306 2435 1573 2517 habuit3
1607 2458 1688 2500 ac.
1714 2458 1999 2523 persaepe
2034 2436 2105 2498 in
2153 2436 2325 2498 cives
2358 2432 2527 2496 mili-

383 2556 616 2628 tesque
646 2560 952 2602 romanos
979 2562 1200 2609 severe
1228 2562 1302 2603 ac
1331 2540 1753 2607 vehementer
1778 2539 2157 2617 vindicavit,
2176 2553 2253 2601 ut
2278 2538 2367 2601 ait
2394 2538 2524 2601 Cic.

335 2676 342 2682 ·
386 2646 454 2715 in
479 2647 664 2710 Verr.
697 2643 807 2711 lib.
826 2644 907 2727 V,
948 2668 1088 2733 cap.
1124 2644 1231 2711 51.
1286 2646 1693 2736 Argumento
1742 2646 1825 2710 sit
1859 2642 2021 2709 illud
2068 2644 2142 2707 P.
2182 2642 2534 2731 Scipionis,

389 2774 526 2839 quo
559 2751 629 2815 in
667 2766 962 2815 auctores
999 2748 1337 2815 seditionis
1368 2750 1452 2819 ad
1486 2751 1847 2816 Sucronem
1893 2748 2363 2814 animadvertit.
2400 2747 2535 2811 Liv.

389 2857 505 2927 lib.
536 2857 831 2921 XXVIII
851 2906 870 2938 ,
903 2879 1040 2945 cap.
1069 2877 1174 2942 29.
1213 2857 1490 2945 Appian.
1522 2857 1590 2920 in
1618 2857 1787 2922 Iber.

476 2964 578 3027 De
613 2962 915 3052 auspiciis
946 2962 1378 3051 imperatoriis
1415 2961 1483 3026 id
1516 2963 1641 3027 fuit
1675 2961 2016 3043 ejusmodi.
2046 2962 2431 3027 Institutum
2453 2958 2537 3023 ab

389 3066 576 3137 initio
603 3070 828 3133 Romae
861 3070 1073 3134 fuerat
1095 3084 1170 3132 ut
1191 3068 1356 3133 nihil
1393 3091 1609 3157 neque
1639 3066 1821 3133 domi
1849 3090 2065 3156 neque
2091 3066 2337 3131 militiae
2358 3114 2376 3148 ,
2408 3065 2536 3129 nisi

387 3174 753 3261 auspicato,
803 3190 1154 3264 gereretur.
1198 3174 1394 3239 PanV.
1438 3172 1523 3239 de
1573 3174 1747 3240 civit.
1782 3176 1975 3239 Rom.
2024 3196 2166 3262 cap.
2213 3196 2311 3260 17.
2353 3173 2539 3235 Hanc

391 3302 652 3349 causam
688 3281 877 3344 affert
909 3282 1029 3344 Cn.
1054 3280 1337 3348 Manlius
1367 3278 1545 3369 apud
1577 3280 1861 3362 Livium,
1910 3278 2091 3369 quod
2142 3277 2385 3343 nullius
2427 3299 2538 3341 ca-

389 3384 660 3449 lumniae
687 3384 1162 3465 subjicerent-ur
1191 3406 1265 3449 ea
1297 3408 1441 3474 quae
1473 3385 1565 3451 dii
1590 3386 2209 3475 comprobavissent.
2235 3382 2541 3471 Auspicia

391 3489 463 3554 in
502 3492 792 3557 exercitu
823 3491 1019 3554 unius
1042 3505 1300 3554 tantum
1328 3492 1599 3555 fixerunt
1624 3491 2073 3580 imperatoris;
2106 3489 2303 3554 ceteri
2331 3489 2546 3576 auspi-

391 3599 507 3663 ciis
535 3599 672 3678 ejus
701 3620 1031 3688 pugnare3
1085 3597 1224 3685 ipse
1263 3596 1511 3662 bellum
1554 3612 1629 3662 ut
1659 3597 1900 3680 ductu,
1952 3599 2044 3663 sic
2068 3596 2375 3685 auspiciis
2408 3596 2543 3661 suis
2633 3618 2641 3625 ·

393 3725 621 3795 gerere
645 3701 998 3768 dicebatur.
1020 3700 1212 3766 Unde
1233 3701 1398 3781 dixit
1413 3702 1629 3791 Scipio
1648 3702 1731 3767 ad
1758 3702 2141 3767 seditiosum
2166 3702 2547 3783 exercitum,

397 3809 576 3900 apud
601 3810 738 3874 Liv.
765 3808 1083 3892 XXVIII,
1125 3832 1242 3898 27:
1277 3840 1303 3865 α
1325 3809 1506 3893 Quin
1540 3809 1704 3872 mihi
1734 3832 1819 3873 ne
1845 3806 2043 3873 hodie
2080 3806 2350 3897 quidem
2384 3808 2549 3871 seire

398 3915 713 3982 videmini
737 3937 872 4003 quo
898 3914 1196 3979 amentiae
1219 3914 1545 4003 progressi
1569 3914 1743 3978 sitis:
1779 3912 1941 4002 quid
1963 3912 2268 3979 facinoris
2303 3914 2371 3977 in
2410 3936 2547 3995 me,

406 4023 814 4113 patriamque
849 4036 1170 4105 vestram3
1198 4020 1360 4110 quid
1409 4020 1478 4084 in
1517 4018 1676 4084 deos
1716 4021 2097 4085 sacramenti
2131 4037 2360 4101 testes;
2391 4017 2551 4108 quid

381 4126 711 4203 ⁵adversus
743 4126 1025 4215 auspicia
1064 4127 1186 4191 sub
1229 4126 1470 4214 quibus
1522 4125 1840 4209 militatis;
1878 4126 2039 4215 quid
2070 4125 2377 4195 adversus
2410 4148 2555 4191 mo-
