2984 4684
356 480 997 505 mmmm
1005 478 1091 499 w·
1098 478 1373 500 mm
1380 476 1841 498 mmmmm
1845 477 2481 499 mmmm

853 670 1972 803 ARGUMENTUM.

352 939 620 1001 Tradidit
659 944 726 1001 C.
758 940 1011 1001 Fannius
1044 940 1287 1000 Chaerea
1316 941 1524 1012 (homo
1541 981 1558 1011 ,
1588 950 1658 997 ut
1683 936 1938 1012 videtur,
1961 938 2198 997 natione
2224 944 2483 1013 Graecus,
2524 944 2530 953 ⁴

430 1041 497 1097 C.
518 1037 723 1097 Fannii
753 1036 1053 1116 cujusdam
1078 1035 1355 1111 libertus,
1385 1036 1550 1114 cujus
1573 1035 1647 1096 de
1675 1055 1836 1095 more
1858 1056 2070 1095 nomen
2101 1034 2210 1094 sibi
2235 1036 2482 1115 adopta-

428 1136 614 1213 verat)
638 1140 711 1207 Q.
728 1134 974 1207 Roscio,
1003 1134 1269 1195 comoedo
1296 1133 1685 1204 nobilissime,
1708 1134 1783 1193 de
1808 1153 1928 1213 quo
1955 1132 2135 1193 fusius
2169 1132 2242 1191 ad
2270 1134 2482 1191 calcem

426 1231 603 1309 hujus
614 1232 895 1293 orationis
918 1232 1151 1307 dicitur,
1172 1238 1506 1311 Panurgum
1521 1252 1756 1293 servum
1766 1251 1958 1305 suum,
1972 1251 2042 1291 ea
2063 1228 2396 1289 conditione
2416 1240 2482 1289 ut

425 1344 552 1389 arte
578 1330 919 1391 bisti-ionica
948 1330 1024 1391 ab
1054 1332 1157 1393 illo
1184 1331 1607 1404 institueretur,
1634 1336 2002 1409 quaestusque
2026 1329 2178 1389 inter
2208 1348 2309 1387 eos
2333 1340 2483 1385 esset

420 1428 767 1487 communis.
790 1433 1093 1507 Panurgus
1122 1441 1343 1501 autem,
1372 1447 1556 1505 quum
1585 1427 1649 1487 in
1692 1447 1764 1486 ea
1801 1440 1926 1489 arte
1959 1425 2081 1505 jam
2123 1424 2482 1501 aliquantum

427 1524 797 1601 profecisset,
828 1538 889 1583 et
920 1546 957 1583 a
984 1525 1211 1599 multis,
1253 1537 1321 1583 ut
1353 1524 1552 1585 Roscii
1592 1524 1940 1603 discipulus,
1970 1524 2030 1583 in
2061 1542 2232 1583 scena
2259 1520 2481 1600 proba—

424 1632 607 1695 retur,
636 1641 673 1680 a
699 1622 898 1682 Flavio
926 1621 1183 1701 quodam
1203 1622 1612 1701 Tarquiniensi
1633 1622 1938 1681 occiditur.
1959 1620 2222 1681 Flavium
2239 1617 2481 1679 Roscius

427 1737 611 1795 quum
642 1718 867 1795 judicio
898 1720 1074 1779 vellet
1107 1720 1407 1798 persequi,
1450 1720 1604 1779 hanc
1642 1718 2003 1798 provinciam
2035 1716 2257 1777 Fannio
2286 1714 2481 1786 dedit,

426 1812 591 1891 cujus
617 1834 852 1893 quoque
882 1814 1029 1874 illud
1053 1816 1347 1875 intererat.
1374 1816 1608 1875 Judicio
1635 1828 1828 1875 autem
1851 1813 2198 1886 constitute,
2239 1831 2350 1890 pro
2375 1829 2482 1869 sua

424 1924 592 1987 parte
618 1910 833 1970 decidit
856 1913 1103 1971 Roscius
1130 1932 1265 1971 cum
1292 1913 1534 1983 Flavio,
1583 1924 1640 1970 et
1677 1912 1751 1971 ab
1782 1932 1852 1970 eo
1887 1911 2213 1970 sestertium
2249 1921 2479 1967 centum

423 2004 605 2064 millia
628 2006 868 2087 (20,5oo
890 2006 987 2085 fr.)
1016 2026 1128 2086 pro
1163 2007 1359 2067 damni
1394 2007 1542 2066 illati
1569 2007 1781 2085 injuria
1809 2006 2053 2077 obtinet,
2067 2025 2257 2084 neque
2290 2017 2480 2062 tamen

422 2116 785 2163 numeratam
830 2105 1167 2182 pecuniam,
1212 2104 1315 2163 sed
1355 2124 1466 2183 pro
1507 2124 1576 2163 ea
1621 2124 1821 2182 agrum
1867 2104 2082 2182 accipit
2123 2123 2243 2161 non
2290 2102 2484 2179 magni

420 2200 763 2258 estimatum
783 2244 802 2272 ,
850 2220 1061 2279 nempe
1100 2200 1293 2279 quod,
1340 2202 1496 2261 Sulla
1525 2202 1684 2261 hisce
1717 2200 2077 2280 temporibus
2115 2198 2480 2270 dominante,

419 2315 538 2367 non
571 2312 731 2355 certo
766 2295 924 2355 bona
956 2299 1073 2356 emi
1100 2310 1201 2357 aut
1231 2298 1519 2375 possideri
1555 2312 1810 2377 possent.
1857 2296 2085 2357 Deinde
2124 2295 2348 2355 Pisonis
2374 2314 2482 2353 ro-

417 2404 553 2471 gatu
568 2436 586 2466 ,
635 2412 809 2472 quem
852 2393 1137 2453 arbitrum
1186 2396 1441 2454 Fannius
1484 2396 1771 2474 elegerat,
1813 2376 2059 2455 Roscius
2095 2394 2318 2453 Fannio
2366 2410 2482 2469 pro

420 2507 631 2567 opera,
679 2508 791 2567 pro
840 2488 1042 2547 labore
1088 2488 1249 2567 quod
1288 2490 1576 2567 cognitor.
1613 2490 1840 2559 fuisset,
1884 2487 2044 2566 quod
2083 2488 2478 2547 vadimonium

420 2576 687 2657 obiisset,
726 2595 945 2643 certam
989 2585 1295 2663 pecuniam
1332 2584 1498 2643 dedit
1515 2628 1533 2657 ,
1571 2602 1640 2643 ea
1680 2585 1956 2643 nimirum
2004 2584 2367 2656 conditione,
2410 2596 2478 2643 ut

420 2681 611 2760 siquid
640 2695 699 2741 et
724 2682 850 2759 ipse
877 2702 986 2761 pro
1017 2702 1189 2741 servo
1215 2682 1566 2761 interempto
1594 2683 1875 2759 exegisset
1909 2696 1942 2740 a
1975 2678 2206 2751 Flavio,
2250 2692 2476 2757 partem

419 2778 540 2856 ejus
571 2778 869 2837 dimidiam
906 2780 1120 2837 Roscio
1148 2779 1513 2838 dissolveret.
1547 2775 1906 2857 Repromisit
1947 2776 2232 2849 Fannius3
2275 2776 2476 2836 Flavio

418 2874 577 2935 litem
602 2873 884 2947 intendit,
912 2887 971 2933 et
995 2890 1229 2954 sumpto
1257 2872 1367 2934 hac
1396 2876 1457 2933 in
1484 2876 1711 2954 privata
1744 2885 1916 2933 cau‘sa
1943 2872 2143 2952 judice
2174 2876 2238 2933 C.
2263 2874 2472 2933 Cluvio

416 2972 608 3048 equite
635 2990 897 3045 romano,
926 2970 1001 3031 ab
1024 2991 1097 3031 eo
1125 2974 1316 3051 exegit
1340 2975 1473 3032 H-s
1507 2987 1739 3031 centum
1767 2972 1976 3047 millia,
2016 2954 2180 3050 eujus
2211 2969 2473 3050 pecuniae

396 3086 549 3151 'pars
572 3067 845 3140 dimidia,
873 3088 1056 3146 quum
1075 3070 1290 3128 Roscio
1319 3090 1391 3127 ex
1414 3084 1704 3129 convento
1738 3066 2066 3141 deberetur,
2096 3068 2256 3127 nulla
2283 3067 2476 3127 disso-

410 3164 536 3221 luta
574 3177 679 3227 est.
714 3168 841 3223 Imo
870 3165 1155 3236 FanniuS,
1186 3178 1397 3243 quarto
1432 3185 1588 3225 anno
1623 3179 1788 3245 post,
1828 3166 2028 3231 Flavio
2055 3166 2280 3224 interea
2307 3182 2474 3222 mor-

413 3271 547 3334 tuo,
588 3260 804 3321 Roscio
833 3261 997 3320 litem
1032 3261 1312 3336 intendit,
1350 3261 1425 3321 ab
1466 3282 1656 3341 eoque
1687 3268 1806 3324 H-s
1837 3262 2255 3341 quinquaginta
2291 3261 2474 3319 millia

410 3358 649 3429 (1o‚25o
670 3360 803 3437 fn),
835 3358 1135 3419 dimidiam
1176 3361 1395 3419 scilieet
1436 3374 1662 3439 partem
1705 3360 1906 3439 pretii,
1951 3372 2072 3438 quo
2115 3378 2252 3437 ager
2293 3375 2470 3436 quem

412 3454 643 3514 Flavius
669 3456 809 3513 olim
846 3456 1065 3515 Roscio
1092 3457 1415 3515 tradiderat
1433 3500 1451 3529 ‚
1484 3475 1643 3516 nunc
1675 3456 2083 3530 aestimabatur,
2121 3454 2470 3534 postulavit,

408 3552 575 3629 quasi
600 3552 849 3611 Roscius
876 3562 999 3610 tum
1028 3570 1141 3631 pro
1175 3566 1297 3612 tota
1324 3554 1602 3612 societate
1627 3567 1764 3611 eum
1795 3554 1996 3611 Flavio
2037 3551 2373 3623 decidisset,
2411 3562 2470 3608 et

408 3646 471 3704 in
510 3648 768 3707 animum
803 3647 1126 3708 induxisset
1154 3651 1376 3709 socium
1409 3648 1651 3709 dimidia
1680 3662 1866 3727 parte,
1894 3648 2026 3726 quale
2053 3650 2107 3706 ei
2135 3646 2468 3720 deberetur,

408 3744 698 3805 fraudare.
745 3748 929 3807 Datus
982 3747 1158 3827 igitur
1194 3746 1376 3826 judex
1426 3768 1459 3806 a
1499 3760 1748 3826 praetore
1797 3748 1860 3804 C.
1909 3746 2258 3825 Calpurnius
2301 3745 2467 3819 Pi50,

408 3843 664 3904 triennio
694 3858 831 3905 ante
854 3844 915 3903 in
944 3844 1147 3904 eadem
1174 3866 1347 3907 causa
1368 3844 1606 3919 arbiter,
1648 3858 1706 3902 et
1726 3863 1935 3905 novem
1968 3841 2133 3903 annis
2163 3840 2470 3921 posthanc

405 3960 669 4011 causam,
708 3942 766 4001 h.
788 3964 842 4001 e.
866 3962 1021 4003 anno
1054 3944 1170 4001 686
1203 3946 1439 4015 consul,
1475 3958 1534 4003 et
1561 3942 1932 4003 severissimae
1965 3941 2106 4019 legis
2141 3940 2466 4018 Calpurniae

404 4040 477 4095 de
502 4038 722 4097 ambitu
752 4054 981 4099 auctor.
1004 4040 1158 4101 Huic
1179 4040 1393 4101 assidet
1416 4040 1477 4099 in
1505 4038 1747 4099 consilio
1777 4042 1860 4097 M.
1883 4043 2194 4116 Perperna,
2217 4036 2310 4095 vir
2329 4056 2466 4095 cen-

404 4134 596 4195 son-ius
624 4148 686 4195 et
706 4136 1053 4209 consularis,
1080 4138 1175 4197 cui
1199 4136 1343 4197 illud
1368 4137 1590 4209 evenit,
1621 4149 1686 4195 ut
1705 4154 1886 4213 quum
1909 4134 2142 4195 vixisset
2163 4151 2346 4192 annos
2367 4132 2464 4207 98,
