2984 4684
726 358 827 427 IN
879 358 1318 425 VERREM
1369 356 1588 423 ACT.
1637 357 1747 441 ΙΙ,
1798 357 1996 426 LIB.
2035 358 2090 423 l.
2343 355 2480 430 335

242 517 249 527 ·
342 504 497 553 rem
565 480 970 576 nequitiam
1031 493 1249 574 atque
1306 474 1919 575 improbissimam
1979 476 2487 577 cupiditatem?

341 595 495 662 Jam
518 644 537 677 ‚
566 588 785 683 jam⁷‚
812 586 1209 675 Dolabella,
1242 610 1485 683 neque
1517 588 1665 674 tui,
1705 611 1948 684 neque
1981 602 2277 662 tuorum
2310 589 2487 663 libe-

343 723 511 769 rum
533 753 554 786 ‚
596 722 783 795 quos
819 712 903 768 tu
937 698 1238 768 miseros
1272 697 1349 767 in
1388 710 1702 795 egestate
1735 712 1956 794 atque
1983 700 2062 770 in
2096 699 2487 772 solitudine

345 809 739 906 reliquisti,
778 804 1156 879 misereri⁸
1198 821 1462 905 potest.
1512 812 1869 880 Verresne
1915 807 2048 880 tibi
2090 812 2274 882 tanti
2313 810 2488 900 fuit,

348 933 432 991 ut
455 920 613 1014 ejus
645 916 1021 989 libidinem
1042 916 1430 989 hominum
1468 918 1968 992 innocentium
2005 922 2353 1017 sanguine
2384 922 2487 993 lui

348 1028 661 1100 velles9?
696 1027 1074 1101 Idcircone
1110 1028 1510 1099 exercitum
1551 1043 1771 1125 atque
1798 1027 2087 1101 hostem
2120 1030 2488 1127 relinque-

348 1136 514 1227 ba5‚
547 1152 631 1209 ut
663 1151 785 1209 tua
818 1138 892 1207 vi
926 1152 1002 1208 et
1036 1136 1459 1209 crudelitate
1499 1140 1704 1211 istius
1739 1139 2062 1211 hominis
2098 1138 2486 1239 improbis-

350 1249 510 1319 simi
548 1246 871 1345 pericula
912 1245 1376 1319 sublevares?
1415 1249 1637 1340 Quod
1674 1253 1865 1322 enim
1913 1276 2078 1322 eum
2116 1250 2254 1322 tibi
2296 1277 2490 1349 quae-

353 1360 569 1430 storis
604 1360 681 1428 in
720 1357 965 1429 locum
1002 1360 1475 1430 constitueras
1500 1414 1519 1448 ‚
1573 1358 1847 1432 idcirco
1891 1359 2023 1432 tibi
2059 1363 2372 1434 amicum
2418 1363 2494 1434 in

350 1483 783 1568 perpetuum
817 1466 975 1541 fore
1014 1470 1328 1566 putasti?
1363 1469 1779 1558 NesciebaS‚
1813 1467 1904 1542 ab
1937 1494 2024 1541 eo
2054 1474 2184 1541 Cn.
2217 1470 2492 1543 Carbo-

353 1579 924 1651 nem'consulem
943 1633 962 1666 ‚
996 1578 1205 1674 cujus
1235 1604 1317 1650 re
1344 1604 1515 1651 vera
1542 1596 1860 1677 quaestor
1882 1578 2020 1651 fuit·
2041 1634 2062 1670 ,
2094 1606 2246 1652 non
2274 1582 2497 1653 modo

354 1690 724 1778 relictum,
750 1689 877 1762 sed
909 1694 1126 1762 etiam
1154 1689 1544 1788 spoliatum
1574 1691 1891 1778 auxiliis,
1921 1693 2232 1789 pecunia
2250 1703 2339 1782 ¹⁰,
2375 1718 2501 1765 ne-

356 1798 532 1871 farie
586 1815 1091 1899 oppugnatum
1146 1816 1218 1871 et
1265 1800 1634 1899 proditum
1656 1802 1694 1891 3⁸,
1735 1806 2092 1899 Expertus
2143 1802 2363 1899 igitur
2421 1827 2498 1875 es

356 1913 561 1983 istius
587 1910 963 2009 perfidiam
990 1926 1170 2001 tum,
1198 1935 1428 2009 quum
1463 1935 1542 1983 se
1566 1910 1658 1982 ad
1688 1913 2018 1983 inimicos
2039 1922 2094 1955 ¹¹
2123 1926 2290 1985 tuos
2319 1937 2496 1984 con-

360 2020 561 2107 tulit;
601 2044 831 2118 quum
861 2023 937 2092 in
964 2037 1037 2093 te
1072 2021 1299 2093 homo
1335 2026 1490 2121 ipse
1536 2044 1808 2094 nocens
1840 2023 2268 2093 acerrimum
2312 2026 2502 2126 testi-=

358 2132 687 2202 monium
723 2130 938 2223 dixit3
970 2156 1199 2228 quum
1238 2129 1555 2205 rationes
1593 2133 1684 2204 ad
1725 2136 2088 2222 aerarinm,
2126 2134 2264 2204 nisi
2295 2132 2501 2205 dam·

360 2256 531 2313 nato
571 2256 640 2313 te
662 2294 685 2327 ,
722 2238 990 2313 referre
1033 2243 1293 2314 noluit.

458 2356 717 2423 XXXI.
784 2355 1122 2423 Tantaene
1168 2366 1337 2441 tuae,
1371 2357 1670 2440 VerreS‚
1723 2350 2060 2423 libidines
2106 2369 2358 2442 erunt,
2416 2367 2501 2425 ut

363 2486 481 2533 eas
511 2486 766 2561 capere
796 2486 879 2533 ac
906 2465 1261 2533 sustinere
1286 2486 1436 2533 non
1471 2463 1860 2559 provinciae
1895 2464 2150 2560 populi
2182 2466 2498 2553 romani,

364 2598 515 2644 non
574 2576 908 2644 nationes
963 2586 1223 2644 exterae
1278 2572 1608 2670 possint?
1669 2577 1876 2644 Tune
1938 2573 2141 2670 quod
2198 2572 2500 2662 videri3‚

364 2683 569 2781 quod
595 2682 942 2772 audieris,
974 2682 1172 2781 quod
1206 2681 1664 2779 concupieris
1686 2734 1706 2768 ‚
1729 2681 1935 2779 quod
1970 2684 2337 2779 cogitaris,
2363 2687 2502 2754 nisi

366 2794 439 2866 id
492 2794 581 2865 ad
644 2809 912 2865 nutum
960 2808 1169 2865 tuum
1228 2806 1490 2891 praesto
1543 2789 1796 2877 fuerit,
1841 2794 1982 2863 nisi
2023 2791 2305 2863 libidini
2362 2808 2503 2865 tuae

368 2904 894 3004 cupiditatique
940 2906 1327 3004 paruerit¹‚
1373 2904 1860 2975 immittentur
1899 2903 2326 2975 homines2?
2376 2930 2502 2976 ex-

371 3014 893 3114 pugnabuntur
928 3014 1238 3089 domus?
1264 3017 1588 3088 civitates
1618 3040 1769 3086 non
1794 3015 2015 3087 modo
2045 3013 2379 3113 pacatae-³,
2397 3042 2508 3089 ve-

444 3250 495 3295 7.
534 3237 676 3291 Jam,
684 3234 813 3298 jam.
846 3236 995 3282 Hunc
1017 3232 1276 3282 affectibus
1291 3232 1395 3297 ple·
1479 3230 1560 3279 liis
1607 3232 1956 3281 contineretur.
2001 3232 2098 3281 Sed
2139 3232 2410 3297 prudenter
2452 3249 2505 3281 en

368 3330 490 3362 num
522 3311 688 3361 locum
704 3345 723 3374 ‚
761 3328 862 3375 quo
900 3313 959 3361 in
995 3328 1169 3378 genere
1204 3311 1397 3361 mix-abi·
1482 3326 1585 3358 vox
1611 3312 1883 3362 retinetur:
1909 3313 1977 3361 ita
1995 3324 2158 3361 tamen
2181 3323 2240 3361 ut
2264 3312 2506 3377 explicata

368 3393 481 3441 liter
520 3392 695 3439 Cicero
728 3392 921 3439 excellit
940 3427 957 3455 ‚
1012 3392 1229 3441 indicare
1278 3394 1393 3441 satie
1482 3400 1533 3437 et
1547 3392 1763 3453 apertius
1781 3392 1972 3457 prolata
1991 3390 2088 3440 hoc
2107 3391 2342 3453 adjuncto
2365 3392 2508 3440 auxi-

370 3483 459 3521 eet.
485 3470 631 3519 Conf.
654 3470 865 3533 Quintil.
886 3472 987 3529 lx,
1030 3485 1076 3519 1.
1480 3467 1553 3515 lia
1573 3468 1914 3535 intelligamus.
1937 3474 2132 3520 Garr-

446 3552 495 3599 8.
522 3548 759 3598 Misereri.
782 3549 980 3597 Pucino
1012 3566 1157 3599 sensu
1188 3566 1217 3598 a
1255 3550 1407 3599 πίνοι.
1558 3565 1640 3599 11.
1658 3551 1906 3602 Inimicos.
1935 3550 2168 3598 Scaurum
2187 3548 2275 3613 qui
2292 3560 2340 3598 te
2357 3566 2505 3599 accu-

374 3648 477 3679 reo.
508 3629 674 3677 Lamb.
708 3644 737 3675 e
761 3628 879 3677 eod.
908 3629 1112 3679 Momm.
1139 3630 1274 3691 «jam
1294 3632 1397 3692 jem
1481 3632 1951 3683 savit—Damnate
1969 3640 2031 3677 ce.
2051 3630 2128 3679 Ne
2147 3628 2239 3677 tibi.
2257 3629 2372 3678 salu
2389 3631 2511 3680 mul-

375 3711 438 3760 D.
466 3724 547 3759 me
579 3723 764 3773 neque.
779 3742 795 3758 .
810 3707 1059 3757 ,πτήσει-πο
1080 3718 1247 3772 potest
1264 3730 1307 3759 ιο.
1482 3724 1534 3761 ta
1557 3710 1852 3761 tribuentem
1876 3708 2165 3772 redarguere
2191 3724 2378 3773 posses.

446 3804 496 3852 9.
524 3787 618 3837 Lm'
633 3788 805 3837 velles.
816 3787 1047 3851 Ala-tergi
1070 3804 1127 3849 gae
1155 3787 1321 3848 deleti,
1340 3800 1397 3837 ut
1556 3790 1758 3838 xxxl.
1795 3802 1843 3837 1.
1879 3788 2094 3835 Pessime
2128 3788 2348 3837 anbin.
2377 3792 2510 3852 coni.

377 3868 565 3919 nullum
590 3869 696 3931 eim
717 3868 977 3934 vestigium
1001 3868 1219 3916 miminis
1242 3867 1399 3917 nelin-
1491 3867 1741 3935 npetuerit
1751 3888 1794 3915 ιο.
1821 3869 2002 3915 Parere
2045 3864 2243 3915 libidini
2269 3868 2402 3918 idem
2442 3880 2516 3920 est

378 3957 570 4012 quatur.
1490 3952 1549 3999 a'c
1564 3948 1740 3997 servire
1764 3945 1974 3995 libidini.

456 4042 532 4078 zo.
547 4029 733 4077 Vocem
743 4026 963 4092 pecunia
988 4026 1259 4077 ominemnt
1278 4029 1399 4079 Hot.
1561 4047 1616 4079 α.
1641 4026 1898 4077 Homines.
1927 4026 2166 4076 satellites
2196 4028 2287 4076 tui.

381 4107 573 4157 Manat.
598 4110 819 4160 Lambin.
853 4108 991 4172 quod
1028 4108 1236 4172 pecnnia
1270 4108 1403 4159 auxi·
1563 4110 1614 4157 3.
1646 4108 1759 4157 Non
1795 4106 1941 4155 modo
1964 4116 2184 4170 pacata.
2215 4108 2333 4157 Non
2365 4108 2516 4157 modo
