2984 4684
523 325 658 397 1‘30
1147 323 1244 390 M.
1293 323 1370 389 T.
1426 319 2017 389 CICERONIS

505 445 716 520 bam!
775 447 1032 543 Neque
1060 438 1511 512 mehercules
1540 437 1684 510 hoc
1713 437 2013 535 indigne
2040 437 2195 512 fero
2217 493 2239 528 ,
2278 439 2483 538 quod
2514 466 2639 514 ve..

506 584 689 645 rear,
731 582 825 628 ne
857 552 1038 653 quid
1091 553 1364 652 possit:
1420 573 1675 622 verum
1726 549 1929 646 quod
1972 574 2194 622 ausus
2242 565 2395 640 est,
2440 553 2645 652 quod

507 669 820 766 speravit
845 719 864 752 ,
913 688 1066 736 sese
1107 660 1302 760 apud
1345 660 1519 732 tales
1550 662 1745 730 viros
1779 659 2063 757 aliquid
2108 659 2202 734 ad
2246 665 2647 761 perniciem

507 801 720 878 posse
770 775 1180 846 innocentis
1205 825 1226 858 ,
1258 769 1333 842 id
1370 772 1611 867 ipsum
1656 793 1945 866 queror.
2022 818 2025 824 -

605 889 849 960 XLIX.
891 883 1267 988 Idcircone
1302 893 1719 979 experrecta
1740 890 1759 924 ¹
1802 877 2141 956 nobilitas
2170 884 2388 953 armis
2416 896 2635 979 atque

509 995 700 1069 ferro
731 994 1254 1094 rempublicam
1287 993 1775 1089 recuperavit,
1800 1005 1884 1061 ut
1904 988 1999 1066 ad
2024 989 2403 1064 libidinem
2438 1017 2641 1064 suam

507 1107 746 1180 liberti
803 1105 1214 1204 servulique
1269 1099 1627 1176 nobilium
1651 1153 1670 1188 ,
1716 1099 1915 1172 bona
1934 1155 1955 1187 ‚
2006 1098 2335 1191 fortunas
2375 1117 2641 1174 vestras

507 1199 934 1314 nostrasque
961 1238 1217 1286 vexare
1249 1211 1594 1310 possent?
1626 1214 1701 1286 Si
1733 1210 1809 1284 id
1830 1225 2077 1284 actum
2108 1227 2241 1300 est,
2270 1211 2501 1285 fateor
2526 1237 2641 1288 me

505 1353 799 1416 errasse,
821 1329 950 1423 qui
983 1324 1169 1396 hoc²
1201 1322 1581 1392 maluerim
1602 1345 1623 1407 ;
1654 1317 1885 1392 fateor
1910 1323 2293 1410 insanisse,
2319 1324 2643 1419 quicum

505 1440 644 1510 illis
667 1441 1052 1510 senserim:
1083 1434 1362 1506 tametsi
1395 1433 1725 1519 inermis,
1755 1429 2077 1527 judiceS,
2114 1433 2329 1502 sensi.
2368 1433 2493 1504 Sin
2520 1455 2646 1504 au-

507 1564 652 1619 tem
688 1548 989 1617 victoria
1037 1541 1397 1616 nobilium
1431 1556 1863 1615 ornamento
1891 1557 2113 1639 atque
2146 1542 2645 1616 emolumento

503 1656 921 1754 reipublicae
943 1709 962 1742 ,
992 1651 1418 1752 populoque
1452 1669 1756 1728 romano
1788 1651 2009 1726 debet
2034 1677 2228 1744 esse;
2276 1667 2433 1724 tum
2470 1675 2641 1723 vero

506 1767 786 1863 optimo
819 1776 892 1834 et
919 1760 1370 1834 nobilissimo
1397 1764 1665 1859 cuique
1694 1785 1927 1834 meam
1946 1765 2366 1836 'orationem
2394 1765 2645 1860 gratis-

507 1878 762 1946 simam
815 1897 970 1946 esse
1011 1886 1320 1970 oportet.
1372 1871 1593 1961 Quod
1624 1875 1685 1944 si
1716 1875 1884 1970 quis
1920 1888 2071 1958 est,
2130 1877 2257 1971 qui
2294 1888 2368 1945 et
2414 1897 2531 1960 se,
2572 1886 2645 1948 et

507 2009 794 2057 causam
827 1983 986 2054 laedi
1021 1996 1231 2081 putet
1255 2037 1275 2066 ,
1318 2006 1552 2079 quum
1588 1981 2106 2080 Chrysogonus
2153 1987 2644 2082 vituperetur3

504 2099 564 2166 is
599 2117 886 2166 causam
921 2096 1243 2188 ignorat,
1276 2117 1352 2162 se
1384 2095 1625 2189 ipsum
1661 2117 1891 2192 prope
1926 2118 2079 2168 non
2112 2091 2378 2166 novit³.
2414 2097 2647 2170 Causa

509 2208 705 2274 enim
732 2200 1180 2299 splendidior
1200 2199 1328 2274 fiet
1343 2255 1362 2290 ,
1384 2203 1442 2272 si
1477 2205 1925 2299 nequissimo
1948 2206 2214 2302 cuique
2239 2209 2646 2290 resistetur;

507 2313 628 2386 ille
651 2310 1230 2411 improbissimus
1245 2310 1697 2409 Chrysogoni
1725 2311 1989 2402 fautor,
2012 2317 2141 2412 qui
2161 2312 2301 2388 sibi
2331 2339 2497 2386 cum
2518 2315 2645 2388 illo

507 2426 864 2494 rationem
885 2425 1489 2494 communicatam
1509 2437 1743 2519 putat,
1760 2423 2113 2511 laeditur4,
2130 2449 2363 2520 quum
2384 2421 2478 2496 ab
2502 2421 2645 2496 hoc

511 2532 896 2633 splendore
929 2555 1158 2604 causae
1185 2521 1577 2631 separatur.

604 2649 877 2716 Verum
908 2643 1061 2714 haec
1085 2645 1324 2714 omnis
1345 2647 1603 2731 oratio,
1637 2659 1721 2715 ut
1740 2646 1887 2741 jam
1916 2660 2083 2718 ante
2116 2643 2291 2734 dixi,
2314 2669 2473 2716 mea
2495 2660 2645 2730 est,

506 2779 652 2852 qua
686 2779 804 2826 me
836 2756 944 2824 uti
973 2750 1418 2851 respublica,
1459 2770 1533 2825 et
1564 2752 1776 2826 dolor
1808 2779 2015 2828 meus
2036 2809 2055 2844 ‚
2088 2770 2161 2828 et
2191 2747 2499 2828 istorum
2530 2759 2644 2826 in·

501 2865 692 2958 juria
720 2865 975 2958 coegit.
1007 2860 1148 2933 Sed
1173 2864 1477 2934 Roscius
1502 2863 1768 2935 horum
1798 2865 1979 2936 nihil
2001 2863 2383 2961 indignum
2412 2865 2647 2964 putat:

509 2977 876 3046 neminem
916 2987 1240 3068 accusat3
1275 2974 1454 3045 nihil
1488 2973 1581 3045 de
1614 2999 1749 3046 suo
1788 2978 2231 3076 patrimonio
2276 2979 2647 3073 queritur;

507 3097 718 3182 putat
760 3081 984 3152 homo
1029 3085 1410 3180 imperitus
1455 3109 1744 3156 morum
1767 3140 1787 3174 ‚
1822 3087 2133 3183 agricola
2171 3101 2245 3159 et
2287 3089 2647 3175 rusticus,

507 3199 640 3265 ista
668 3194 935 3278 omnia,
962 3215 1124 3288 quae
1146 3215 1274 3262 vos
1297 3218 1429 3290 per
1451 3195 1717 3266 Sullam
1746 3210 1943 3293 gesta
1962 3220 2116 3267 esse
2138 3195 2403 3284 dicitis,
2418 3221 2647 3284 more,

505 3309 698 3403 lege,
729 3306 892 3400 jure
932 3306 1258 3400 gentium
1293 3301 1476 3376 facta
1512 3331 1527 3374 :
1565 3308 1779 3405 culpa
1822 3306 2206 3395 liberatuS,
2234 3321 2308 3377 et
2340 3309 2646 3378 crimine

508 3413 781 3486 nefario
809 3412 1090 3485 solutus
1121 3415 1322 3512 cupit
1345 3437 1386 3484 a
1421 3414 1629 3487 vobis
1662 3416 2051 3489 discedere.
2078 3420 2149 3488 Si
2180 3415 2315 3487 hac
2348 3415 2649 3510 indigua

509 3528 920 3622 suspicione
945 3538 1180 3596 careat
1198 3577 1218 3610 ,
1243 3526 1488 3595 animo
1513 3551 1723 3625 aequo
1752 3553 1827 3600 se
1856 3553 2099 3601 carere
2124 3533 2271 3600 suis
2298 3523 2645 3597 omnibus

577 3731 756 3776 XLIX.
790 3743 830 3778 ι.
855 3728 1014 3788 Olim,
1040 3739 1353 3792 aspa-caea,-
1389 3740 1437 3777 et
1455 3731 1526 3778 sie
1617 3746 1777 3795 gono,
1804 3733 1982 3781 liberto
2006 3731 2233 3792 homine,
2270 3746 2529 3781 commune
2558 3731 2649 3780 ha-

509 3809 734 3857 nonnulli
757 3807 899 3857 MSS.
921 3809 972 3856 J.
990 3809 1054 3858 V.
1075 3811 1134 3858 L.
1614 3811 1743 3860 bere.

577 3905 632 3934 2.
653 3864 775 3933 Hoc.
805 3888 873 3934 Ut
899 3886 1088 3935 nobiles
1109 3887 1379 3936 vincerent.
1570 3923 1575 3928 ·
1686 3901 1737 3947 4.
1774 3891 2014 3940 Laedieur.
2044 3891 2107 3941 Se
2143 3893 2249 3956 ipse
2284 3890 2448 3950 laedit,
2491 3905 2645 3954 quum

576 3967 627 4014 3.
653 3966 768 4011 Non
793 3966 944 4014 novit.
963 3966 1080 4013 Non
1101 3967 1330 4031 intelligit
1354 3984 1404 4016 se
1431 3985 1523 4018 no·
1612 3987 1663 4018 se
1685 3989 1713 4018 a
1742 3971 2000 4035 splendida
2026 3971 2266 4022 nobilium
2284 3987 2449 4032 eflusa,
2468 3970 2648 4020 volens

502 4047 648 4096 bilem
676 4061 801 4104 esse,
835 4045 1055 4108 nihilque
1089 4063 1139 4095 se
1170 4065 1282 4097 cum
1305 4049 1523 4114 Chryso·
1610 4051 1879 4117 lubensque
1898 4063 2105 4118 separat.
