2984 4684
484 351 612 399 ιη
1102 334 1201 401 M.
1250 333 1327 401 T.
1382 334 1938 405 CICERONIS

572 452 928 523 XXXVII.
985 448 1097 523 Ad
1146 452 1552 524 Volaterras
1571 465 1592 497 ¹
1653 456 1730 525 in
1771 468 1999 525 castra
2041 460 2120 527 L.
2154 454 2365 526 Sullae
2411 480 2608 527 mors

474 565 633 633 Sex.
660 562 934 649 Roscii,
961 560 1379 659 quatridu0‚
1400 588 1554 660 quo
1577 567 1636 634 is
1659 567 1944 635 occisus
1970 579 2101 652 est,
2129 564 2608 663 Chrysogono

474 674 873 743 nuntiatur.
926 674 1289 763 Quaeritur
1336 676 1552 745 etiam
1597 698 1832 763 nunc,
1862 678 2030 772 quis
2061 700 2230 745 eum
2264 679 2610 746 nuntium

472 781 797 853 miserit?
828 784 1087 854 Nonne
1124 786 1592 881 perspicuum
1619 798 1726 855 est
1753 838 1773 872 ‚
1819 783 2158 856 eumdem
2179 838 2200 873 ‚
2235 788 2366 882 qui
2393 790 2610 857 Ame-

471 892 700 964 riam?
734 894 959 963 Curat
976 890 1520 989 Chrysogonus),
1541 908 1626 965 ut
1656 894 1858 990 ejus²
1895 893 2090 965 bona
2122 910 2434 967 veneant
2465 909 2608 966 sta-

406 1009 424 1025 ·
470 1004 635 1089 tim,
658 1004 787 1098 qui
818 1024 967 1071 non
994 1015 1205 1072 norat
1222 1001 1598 1075 hominem
1615 1000 1672 1091 ³,
1693 1018 1820 1075 aut
1835 1028 2012 1075 rem.
2043 1008 2135 1075 At
2161 1008 2288 1103 qui
2317 1008 2383 1076 ei
2411 1008 2612 1076 venit

469 1115 547 1183 in
578 1125 897 1183 mentem
922 1110 1190 1209 praedia
1213 1116 1728 1210 concupiscere
1758 1114 2078 1185 hominis
2099 1118 2354 1212 ignoti,
2385 1140 2610 1212 quem

471 1225 774 1295 omnino
812 1246 1212 1319 numquam
1240 1222 1566 1295 viderat?
1595 1224 1877 1313 Solem,
1908 1249 2136 1322 quum
2165 1224 2444 1323 aliquid
2475 1224 2614 1295 hu-

463 1335 867 1435 juscemodi
898 1334 1203 1425 auditiS,
1231 1336 1552 1433 judiceS‚
1585 1341 1939 1409 continuo
1985 1336 2224 1409 dicere
2259 1365 2275 1407 ε
2305 1342 2610 1411 Necesse

472 1463 581 1520 est
602 1502 623 1537 ,
652 1447 972 1544 aliquem
1008 1445 1271 1517 dixisse
1302 1450 1778 1545 municipem,
1815 1461 1944 1517 aut
1971 1450 2334 1535 vicinum3
2373 1450 2424 1517 ii
2461 1448 2614 1545 ple-

470 1582 785 1655 rumque
840 1554 1165 1627 indicant
1190 1582 1209 1643 ;
1260 1580 1395 1653 per
1444 1582 1570 1627 eos
1605 1558 1936 1655 plerique
1985 1556 2422 1655 produntur.
2478 1559 2613 1628 Hic

470 1668 657 1739 nihil
694 1682 837 1749 est,
863 1666 1065 1764 quod
1094 1669 1632 1764 suspicionem⁴
1663 1666 1851 1738 hanc
1883 1669 2172 1765 putetis,
2209 1670 2378 1740 Non
2413 1669 2611 1738 enim

470 1802 607 1875 ego
650 1780 750 1848 ita
784 1774 1172 1874 disputabo
1202 1778 1652 1848 :Verisimile
1683 1792 1830 1866 est,
1859 1782 2156 1849 Roscios
2202 1781 2412 1849 istam
2455 1800 2612 1847 rem

470 1887 564 1959 ad
590 1886 1147 1983 Chrysogonum
1177 1884 1556 1975 detulisse;
1584 1903 1738 1958 erat
1755 1892 1951 1959 enim
1976 1892 2078 1961 eis
2106 1914 2274 1959 cum
2303 1888 2614 1985 Chryso·

470 2022 667 2097 gono
684 1998 833 2094 jam
856 2010 1023 2067 ante
1053 1998 1410 2067 amicitia:
1446 2021 1617 2068 nam
1643 2020 1878 2095 quum
1911 1995 2228 2068 multos⁵
2263 2011 2542 2069 veteres
2567 2019 2610 2065 a

474 2106 871 2205 majoribus
898 2108 1138 2178 Roscii
1164 2119 1514 2204 patronos
1545 2106 2016 2206 hospitesque
2039 2106 2426 2195 haberent,
2457 2130 2614 2177 om-

473 2244 603 2291 nes
650 2242 776 2289 eos
822 2216 1059 2287 colere
1102 2230 1324 2314 atque
1370 2214 1754 2289 observare
1789 2217 2225 2289 destiterunt
2248 2272 2269 2307 ‚
2307 2242 2392 2289 ac
2417 2242 2493 2289 se
2533 2220 2610 2287 in

472 2329 926 2425 Chrysogoni
958 2323 1179 2397 fidem
1213 2342 1287 2398 et
1317 2326 1724 2399 clientelam
1757 2327 2248 2400 contulerunt.

571 2442 743 2508 Haec
770 2460 1071 2534 possum
1102 2440 1347 2507 omnia
1378 2434 1594 2510 vere⁶
1629 2437 1912 2527 dicere;
1953 2437 2080 2509 sed
2121 2440 2198 2507 in
2233 2436 2370 2509 hac
2401 2460 2612 2508 causa

474 2550 893 2644 conjectura
920 2546 1101 2617 nihil
1134 2572 1323 2645 opus
1350 2562 1481 2619 est.
1511 2554 1718 2646 Ipsos
1744 2564 1942 2620 certo
1971 2552 2120 2620 scio
2149 2573 2300 2620 non
2326 2572 2613 2645 negare,

474 2658 569 2731 ad
606 2658 759 2729 haec
809 2655 1007 2728 bona
1058 2656 1619 2754 Chrysogonum
1659 2662 2040 2730 accessisse
2088 2657 2412 2755 impulsu
2451 2681 2610 2728 suo.

474 2774 547 2843 Si
573 2794 743 2841 eum
760 2822 780 2855 ‚
804 2772 933 2866 qui
950 2822 969 2855 ‚
996 2764 1279 2839 indiciiv
1308 2782 1589 2865 partem
1615 2771 1996 2867 acceperit,
2022 2768 2252 2839 oculis
2283 2768 2616 2852 cernetis,

474 2880 898 2980 poteritisne
930 2876 1303 2965 dubitare,
1335 2876 1621 2972 judices
1643 2930 1663 2962 ‚
1697 2879 1826 2975 qui
1861 2875 2238 2947 indicarit?
2265 2876 2410 2965 Qui
2443 2886 2618 2944 sunt

476 3122 513 3154 a
526 3102 666 3153 nobit
678 3136 695 3161 ‚
722 3101 761 3152 i.
784 3118 829 3150 e.
844 3116 939 3167 pro
954 3102 1124 3160 nobis,
1141 3112 1198 3149 nt
1214 3100 1502 3165 elegantius.

544 3183 813 3233 XXXVII.
840 3198 885 3231 ι.
912 3180 1208 3229 Volaterras.
1232 3179 1384 3243 Quod
1410 3196 1500 3245 op-

474 3264 649 3331 pidum
680 3272 875 3311 centum
900 3260 1253 3324 quinquaginta
1284 3258 1503 3308 millibus

474 3358 705 3410 passuum
728 3340 792 3389 ab
819 3338 938 3387 urbe
960 3342 1115 3387 Rom
1136 3338 1362 3390 distabat.
1388 3343 1502 3389 Hoc

476 3424 734 3477 obsidebat
758 3421 1001 3487 oppidum
1019 3423 1153 3471 Sulla
1172 3456 1189 3483 ,
1222 3424 1363 3487 quod
1390 3424 1502 3473 Μι-

476 3505 625 3555 tinnis
646 3504 845 3553 favent.
872 3501 1033 3551 Victi·
1052 3512 1103 3549 et
1124 3516 1268 3565 agro·
1288 3502 1503 3563 ademit,

476 3596 529 3633 et
579 3584 662 3644 jus
710 3580 923 3630 civitati·
968 3596 1201 3631 romane.
1254 3581 1339 3631 Ad
1387 3584 1504 3633 Div-

475 3663 623 3723 1111,
643 3668 693 3717 4.

550 3754 603 3789 ο.
646 3740 786 3805 Ejus.
812 3739 1067 3803 Tanquam
1112 3739 1410 3805 proscripti3
1452 3751 1506 3789 et

480 3836 543 3869 ne
568 3818 893 3885 persequendi
926 3818 1121 3868 sceleri·
1154 3818 1363 3869 facultas
1394 3817 1504 3867 mio

480 3898 707 3965 supersit.
1163 3900 1165 3903 ’

552 3980 601 4027 3.
622 3976 892 4029 Hominem.
921 3976 973 4028 S.
986 3977 1241 4029 Roscium.
1258 3978 1391 4036 Rem,
1408 3975 1443 4027 ἰ.
1456 3990 1502 4025 e.

472 4060 579 4121 eju·
594 4056 741 4104 bom.

1663 3109 1715 3158 4.
1735 3100 2084 3168 Suspicionem.
2111 3102 2228 3151 Non
2265 3111 2340 3151 at
2369 3098 2616 3165 suspicio,
2663 3084 2666 3087 ⁴

1589 3180 1728 3245 qnod
1752 3182 1854 3230 dixi
1882 3182 1944 3229 de
1976 3182 2184 3247 proditis
2203 3198 2232 3229 ι
2259 3180 2452 3229 Rosciis
2469 3179 2616 3227 bonis

1590 3262 1644 3310 8.
1659 3262 1848 3321 Roscii,
1863 3272 1939 3311 est
1953 3262 2060 3326 ipsa
2083 3262 2275 3309 verim.

1663 3339 1713 3387 5.
1739 3342 1899 3402 Quum
1932 3340 2119 3389 multos.
2149 3339 2287 3387 Ordo
2309 3348 2417 3387 est:
2443 3338 2614 3400 Quum

1589 3420 1648 3467 T.
1663 3420 1852 3480 Roscii,
1867 3420 2044 3483 Capito
2061 3430 2114 3467 ct
2133 3420 2360 3480 Magnus,
2377 3414 2616 3463 haberent

1589 3515 1618 3546 ι
1639 3498 1907 3559 maioribus
1933 3499 2032 3546 mis
2055 3496 2238 3545 multo·
2253 3530 2270 3556 ,
2297 3506 2393 3545 etc.

1662 3579 1716 3628 6.
1740 3578 1862 3625 Tre·
1891 3576 2038 3625 codd.
2069 3577 2340 3625 oxoniem.
2371 3595 2396 3618 σ
2411 3574 2618 3623 omnino

1591 3674 1706 3707 vere
1717 3678 1761 3704 ιι.
1779 3658 1912 3705 Infra
1933 3656 2082 3705 iidem
2098 3654 2248 3703 codd.
2265 3675 2290 3698 σ
2301 3653 2560 3718 quitquam
2571 3674 2616 3703 -.

1589 3740 1640 3789 J.
1659 3738 1728 3787 V.
1749 3740 1804 3785 L.

1663 3832 1716 3879 7.
1749 3814 1949 3864 Iudicii.
1979 3812 2162 3863 Praeda
2184 3812 2430 3861 indicata.
2454 3809 2618 3875 Expli-

1591 3906 1670 3945 cat
1695 3898 1908 3961 teipoum
1933 3894 2124 3943 'rulliu-
2151 3892 2390 3941 continuo
2413 3889 2619 3951 snbjun-

1591 3990 1711 4039 gens
1760 3998 1788 4018 α
1803 3985 1992 4041 partem
2035 3974 2090 4021 in
2131 3972 2241 4021 intio
2293 3969 2440 4019 boni·
2459 3989 2502 4017 ι.
2539 3969 2618 4017 Sic

1591 4054 1802 4105 racciol.
1845 4052 2067 4115 Doni-td.
2112 4053 2278 4102 Garat.
2333 4047 2618 4113 Intelligunt
