2984 4684
714 381 823 452 m
870 381 1311 451 VERREM·
1343 383 1573 451 Ac‘r.
1613 383 1713 468 11,
1757 384 2085 454 LIB.11.
2325 387 2458 474 461

343 503 607 602 hospes
646 501 897 575 fuisset
942 517 1163 600 atque
1204 517 1425 592 esset,
1473 500 1566 573 ad
1601 527 1768 574 eum
1802 528 2190 576 numerum
2225 506 2470 578 claris·

342 616 691 684 simorum
747 612 1122 687 hominum
1165 625 1377 682 tuum
1424 636 1722 710 quoque
1759 637 2028 686 nomen
2069 612 2466 717 adscripsit.

338 727 583 814 Quare
603 722 692 795 de
717 722 1033 820 hospitio
1060 723 1323 794 violato
1338 776 1357 811 ‚
1375 736 1451 793 et
1471 719 1563 794 de
1591 725 1730 794 isto
1749 737 1880 794 tuo
1907 722 2181 796 nefario
2197 725 2464 800 scelere

337 834 521 905 nihil
567 857 887 931 queror:
946 831 1087 904 hoc
1130 831 1327 920 dico,
1376 857 1529 904 non
1566 835 1652 904 iis
1677 888 1697 921 ‚
1745 837 1874 930 qui
1914 833 2290 908 Sthenium
2329 863 2462 908 no-

337 958 553 1032 runt,
590 943 732 1015 hoc
770 957 913 1030 est,
948 945 1221 1013 nemini
1252 965 1547 1030 eorum,
1583 946 1710 1039 qui
1747 945 1824 1013 in
1856 944 2092 1016 Sicilia
2131 944 2463 1034 fuerunt3

338 1079 553 1126 nemo
586 1056 781 1125 enim
805 1055 1123 1151 ignorat,
1154 1078 1305 1151 quo
1334 1053 1455 1123 hic
1482 1055 1566 1128 in
1589 1049 1873 1126 civitate
1897 1079 2027 1126 sua
2053 1055 2467 1155 splendore,
2563 1133 2568 1138 ,

334 1188 481 1263 qua
502 1162 694 1261 apud
724 1189 977 1235 omnes
1003 1163 1281 1235 Siculos
1316 1163 1664 1262 dignitate
1693 1180 1910 1262 atque
1939 1167 2466 1240 existimatione

334 1277 459 1362 sit;
481 1273 603 1346 sed
622 1329 643 1365 ‚
662 1289 747 1346 ut
763 1275 862 1344 illi
884 1297 1207 1372 quoque,
1222 1276 1351 1371 qui
1378 1276 1453 1344 in
1478 1299 1560 1344 ea
1581 1277 1950 1372 provincia
1969 1301 2120 1348 non
2145 1275 2464 1364 fuerunt,

332 1385 729 1484 intelligere
761 1387 1071 1482 possint,
1100 1386 1177 1455 in
1214 1409 1365 1481 quo
1402 1384 1702 1457 homine
1735 1402 1822 1457 tu
1856 1389 2188 1460 statueris
2227 1414 2464 1462 exem-

331 1495 531 1594 plum
586 1493 974 1590 ejusmodi,
1034 1493 1235 1592 quod
1276 1509 1435 1566 tum
1472 1511 1773 1593 propter
1813 1498 2268 1595 iniquitatem
2315 1502 2456 1584 rei,

330 1619 487 1676 tum
515 1607 731 1675 etiam
766 1618 1068 1703 propter
1099 1603 1415 1676 hominis
1440 1603 1894 1702 dignitatem,
1917 1607 2262 1679 acerbum
2297 1633 2456 1680 om-

330 1715 545 1787 nibus
576 1729 792 1811 atque
828 1709 1361 1786 intolerandum
1406 1713 1788 1786 videretur.
1867 1709 1873 1714 ’

426 1829 677 1899 XLVI.
717 1830 935 1899 Estne
964 1826 1301 1914 Sthenius
1334 1827 1433 1914 is,
1470 1828 1601 1922 qui
1623 1851 1876 1898 omnes
1908 1826 2226 1900 honores
2259 1827 2457 1901 domi

328 1947 511 2006 suae‘
554 1934 887 2007 facillime
944 1959 1175 2034 quum
1238 1935 1546 2035 adeptus
1603 1951 1832 2024 esset,
1881 1939 2321 2036 amplissime
2373 1965 2458 2012 ac

328 2033 1023 2143 magnificentissune
1042 2045 1304 2144 gessit?
1326 2047 1453 2143 qui
1468 2044 1828 2145 oppidum
1853 2070 2003 2118 non
2033 2050 2455 2136 maximum,

326 2159 651 2230 maximis
696 2183 788 2231 ex
836 2157 1143 2256 pecunia
1178 2181 1307 2228 sua
1340 2155 1521 2228 locis
1567 2155 2080 2228 communibus
2096 2167 2151 2245 ²,
2187 2184 2452 2233 monu-

323 2269 729 2365 mentisque
752 2266 1156 2340 decoravit?
1179 2267 1383 2363 cujus
1407 2264 1498 2338 de
1527 2268 1802 2338 meritis
1831 2267 1904 2336 in
1926 2267 2450 2366 rempublicam

321 2375 953 2449 Thermitanorum
972 2429 993 2462 ‚
1021 2375 1443 2472 Siculosque
1488 2378 1892 2461 universos,
1929 2373 2069 2448 fuit
2111 2401 2304 2450 aenea
2343 2395 2452 2452 ta-

322 2483 492 2558 bula
548 2485 693 2558 fixa
728 2485 1052 2557 Thermis
1103 2489 1178 2554 in
1222 2487 1455 2568 curia,
1523 2485 1598 2554 in
1642 2508 1786 2581 qua
1829 2484 2118 2583 publice
2161 2503 2312 2558 erat
2360 2488 2452 2561 de

320 2595 539 2691 hujus
562 2595 935 2669 beneficiis
970 2597 1315 2692 scriptum
1356 2606 1430 2664 et
1456 2594 1812 2666 incisum?
1842 2619 2004 2690 quae
2028 2593 2272 2668 tabula
2295 2612 2450 2669 tum

320 2707 626 2804 imperio
659 2719 785 2776 tuo
808 2703 1091 2776 revulsa
1108 2759 1129 2792 ,
1156 2727 1353 2774 nunc
1377 2727 1419 2774 a
1456 2728 1570 2774 me
1599 2719 1841 2774 tamen
1866 2701 2246 2802 deportata
2261 2703 2289 2748 ³
2309 2722 2449 2795 est,

320 2831 403 2888 ut
442 2841 697 2888 omnes
728 2814 947 2910 hujus
980 2813 1297 2888 honores
1332 2815 1524 2884 inter
1559 2837 1767 2899 suos,
1796 2827 1870 2884 et
1897 2813 2448 2912 amplitudinem

320 2940 615 3022 possent
672 2947 1127 3021 cognoscere.
1188 2927 1407 2994 Estne
1457 2922 1612 3011 hic,
1651 2924 1781 3021 qui
1823 2923 2020 3022 apud
2057 2928 2192 2996 Cn.
2233 2929 2447 2998 Pom-

316 3038 565 3133 peium
584 3039 641 3124 ⁴,
699 3036 1167 3106 clarissimum
1217 3037 1485 3122 virum,
1527 3059 1760 3132 quum
1809 3049 2178 3107 accusatus
2227 3053 2448 3125 esset,

317 3144 555 3240 quod,
612 3161 912 3245 propter
942 3149 1020 3216 C.
1068 3144 1277 3216 Marii
1318 3142 1874 3215 familiaritatem
1909 3161 1980 3217 et
2017 3145 2446 3244 hospitium,

317 3269 569 3326 contra
605 3251 1179 3354 rempublicam-⁵
1212 3257 1514 3327 sensisse
1549 3280 1717 3326 eum
1754 3256 2026 3327 inimici
2059 3271 2130 3328 et
2157 3283 2446 3331 accusa·

386 3471 569 3518 val.
608 3487 653 3518 ι.
689 3475 801 3518 Suae
835 3471 1093 3520 delendum
1128 3471 1331 3537 putabat
1417 3471 1682 3520 ταῦ-ωσι
1697 3471 1910 3522 tabulam
1928 3471 2132 3531 revellit,
2151 3489 2260 3538 (με
2277 3486 2441 3524 tamen

316 3549 595 3598 Gronovius
614 3560 769 3615 pater,
786 3550 991 3600 oboen.
1010 3553 1059 3610 1,
1088 3565 1177 3610 ης
1198 3552 1329 3599 nimi·
1417 3551 1669 3614 diligentia
1699 3553 1950 3600 Ciceronis
1977 3553 2259 3616 investigata
2285 3567 2379 3604 est.

313 3627 377 3678 lia
424 3643 539 3676 vero
579 3630 795 3694 exempla
833 3629 1041 3678 adduxit
1080 3627 1241 3688 filius,
1276 3631 1331 3678 in
1488 3637 1540 3686 4.
1561 3631 1654 3680 Cn.
1681 3631 1979 3695 Pompeium..
2007 3633 2172 3693 Quum
2197 3631 2252 3680 in
2279 3634 2440 3686 sieilia

313 3711 453 3757 Ἴθι-ι’.
480 3709 527 3756 11
546 3739 563 3767 ,
590 3709 655 3756 28
674 3723 690 3766 ς
724 3709 801 3756 111
815 3742 830 3766 ,
852 3709 947 3770 23,
969 3719 1063 3757 etc.
1079 3710 1113 3757 J
1116 3710 1209 3756 N.
1238 3711 1296 3759 1..
1414 3709 1539 3771 fuit,
1555 3707 1830 3758 Carbonem
1853 3725 2172 3774 persequens,
2201 3713 2444 3766 Mariana..

385 3804 434 3836 a.
490 3788 627 3836 lacis
690 3787 1043 3839 communibus.
1092 3785 1327 3840 AEdifleii·
1413 3805 1524 3836 rum
1549 3788 1760 3853 partium
1785 3789 1975 3838 ducem.
2015 3789 2144 3837 Nam
2174 3793 2436 3858 Pompeius

312 3867 523 3930 publicio
538 3903 555 3929 ,
575 3883 787 3930 quorum
804 3861 921 3914 usu·
942 3877 1015 3916 eat
1030 3869 1323 3918 communis.
1416 3883 1508 3931 pro
1525 3867 1656 3918 suna
1667 3901 1682 3926 ‚
1713 3883 1742 3916 a
1763 3883 1866 3932 quo
1887 3869 2148 3933 imperator
2166 3872 2436 3936 appellatus

384 3947 433 3994 3.
454 3946 587 3994 olim
604 3982 619 4006 ,
654 3956 920 4012 reportata.
949 3948 999 3995 J.
1028 3949 1075 3996 F.
1102 3948 1324 3999 Gronov.
1414 3959 1516 4004 est,
1547 3957 1716 3996 contra
1743 3948 1956 3996 Marium
1977 3951 2226 4013 pugnavit.

308 4024 565 4087 legendum
582 4036 723 4090 putat
738 4059 753 4084 ‚
774 4047 799 4066 -ι
814 4041 945 4072 nunc
969 4041 997 4072 a
1022 4041 1099 4074 me
1117 4027 1325 4074 Romam
1490 4029 1540 4074 5.
1557 4025 1740 4074 Contra
1765 4027 2126 4091 rempublicam.
2141 4029 2323 4079 Contra
2349 4048 2440 4081 no-

310 4103 563 4168 deportata
588 4116 717 4154 est».
739 4106 772 4152 J
776 4107 861 4152 ΑΙ.
882 4106 935 4154 1..
953 4132 1021 4144 —
1041 4104 1187 4154 Male.
1212 4108 1333 4152 Ver·
1419 4104 1544 4154 biles
1577 4117 1628 4153 et
1663 4105 1883 4155 Sullam·
1925 4117 2088 4172 partes
2130 4125 2240 4172 qna
2287 4127 2440 4176 remp.
