2984 4684
817 350 1207 419 ORATIO
1257 350 1459 417 PRO
1509 349 1578 415 S.
1635 349 2038 419 ROSCIO.
2355 374 2479 419 111

348 473 639 561 dixerit,
660 469 1145 559 credendum3
1181 494 1275 541 an
1295 468 1502 568 quod
1525 469 1776 541 fecerit
1791 524 1810 557 ,
1833 469 2353 543 vindicandum
2377 476 2490 543 sit.

444 589 700 681 Itaque
726 607 929 654 more
956 583 1315 678 majorum
1342 594 1840 677 comparatum
1863 596 2005 670 est,
2051 596 2136 652 ut
2166 586 2242 652 in
2279 586 2493 653 mini-

347 696 481 763 mis
518 690 742 763 rebus
768 691 1105 763 homines
1132 690 1563 788 amplissimi
1596 693 2092 762 testimonium
2125 691 2218 764 de
2259 718 2388 764 sua
2415 718 2494 764 re

348 827 498 874 non
530 800 861 875 dicerent
874 805 927 873 4.
956 800 1360 890 Africanus,
1388 802 1520 899 qui
1549 825 1685 872 suo
1715 804 2150 897 cognomine
2175 801 2492 874 declarat

351 914 635 983 tertiam
666 926 947 1011 partem
975 909 1173 982 orbis
1196 925 1554 982 terrarum
1581 935 1658 981 se
1690 909 2093 1008 subegisse,
2124 927 2364 985 tamen
2385 970 2406 1003 ,
2433 919 2492 985 si

350 1046 481 1093 sua
506 1047 620 1093 res
644 1036 1004 1119 ageretur,
1034 1024 1532 1093 testimonium
1564 1046 1716 1092 non
1753 1020 2028 1093 diceret
2051 1048 2068 1092 ε
2089 1048 2284 1113 nam,
2312 1025 2494 1095 illud

352 1136 429 1202 in
458 1134 673 1205 talem
704 1135 943 1203 virum
974 1156 1127 1203 non
1158 1129 1396 1203 audeo
1428 1130 1696 1220 dicere,
1719 1134 1778 1201 si
1807 1130 2114 1221 diceret,
2146 1157 2298 1203 non
2333 1159 2490 1205 cre-

352 1240 667 1313 deretur.
698 1241 957 1313 Videte
990 1265 1191 1313 nunc
1210 1294 1231 1327 ,
1276 1266 1500 1338 quam
1523 1266 1728 1312 versa
1767 1255 1842 1312 et
1881 1257 2158 1313 mutata
2191 1246 2268 1313 in
2296 1246 2498 1342 pejo-

350 1375 505 1422 rem
536 1366 815 1449 partem
848 1356 994 1422 sint
1024 1354 1289 1422 omnia.
1343 1352 1594 1440 Quum
1649 1349 1741 1421 de
1780 1349 1998 1422 bonis
2039 1365 2114 1422 et
2160 1342 2252 1423 de
2301 1352 2494 1424 caede

345 1477 627 1558 agatur,
654 1464 1149 1533 testimonium
1181 1459 1510 1531 dictums
1542 1473 1652 1530 est
1679 1463 1777 1547 is,
1818 1463 1948 1557 qui
1981 1474 2055 1531 et
2083 1474 2320 1532 sector
2351 1476 2498 1547 est,

351 1588 427 1645 et
446 1568 789 1645 sicarius⁵
800 1600 821 1660 ;
842 1572 985 1644 hoc
1002 1587 1111 1643 est
1128 1626 1149 1661 ,
1172 1575 1300 1670 qui
1325 1586 1400 1643 et
1420 1573 1712 1642 illorum
1740 1574 2068 1669 ipsorum
2095 1571 2493 1662 bonorum,

350 1681 444 1753 de
467 1682 741 1780 quibus
762 1686 1026 1779 agitur,
1047 1696 1335 1780 emptor
1362 1696 1435 1753 et
1463 1705 1836 1779 possessor
1869 1696 2012 1772 est,
2053 1698 2128 1755 et
2157 1708 2328 1755 eum
2361 1684 2494 1755 ho-

282 1856 287 1863 .
348 1795 621 1863 minem
649 1791 1133 1864 occidendum
1167 1795 1474 1881 curavit,
1492 1790 1586 1863 de
1607 1794 1815 1889 cujus
1847 1808 2084 1865 morte
2111 1798 2491 1891 quaeritur.

442 1903 643 1995 Quid
676 1900 828 1992 ωδ,
871 1907 983 1975 vir
1013 1903 1338 2002 optime?
1378 1902 1644 2000 ecquid
1690 1901 1953 1991 habes,
1999 1904 2202 2002 quod
2251 1904 2492 1977 dicas?

348 2012 534 2083 Mihi
582 2014 909 2085 ausculta
942 2038 959 2083 ε
1000 2012 1167 2084 vide
1194 2067 1215 2101 ,
1273 2037 1369 2084 ne
1418 2012 1553 2083 tibi
1599 2011 1834 2102 desis3
1879 2026 2005 2083 tua
2039 2038 2338 2112 quoque
2383 2042 2498 2089 res

348 2146 745 2221 permagna
786 2127 1043 2221 agitur.
1102 2124 1335 2195 Multa
1386 2123 1726 2195 scelerate
1746 2178 1766 2211 ‚
1823 2125 2050 2195 multa
2101 2124 2500 2217 audaciter,

349 2235 580 2305 multa
606 2233 939 2332 improbe
966 2232 1235 2321 fecisti3
1266 2258 1502 2305 unum
1531 2235 1948 2305 stultissime
1967 2287 1987 2323 ,
2015 2234 2343 2333 profecto
2373 2253 2499 2309 tua

348 2360 637 2443 sponte,
660 2370 811 2415 non
840 2344 932 2416 de
958 2347 1199 2417 Erucii
1224 2346 1616 2415 sententia:
1645 2343 1827 2413 nihil
1856 2368 2044 2441 opus
2071 2342 2212 2416 fuit
2237 2360 2306 2417 te
2333 2350 2498 2419 istic

350 2453 625 2526 sedere.
638 2458 893 2553 Neque
912 2458 1103 2527 enim
1124 2468 1544 2525 accusatore
1565 2479 1688 2524 mu
1698 2468 1800 2542 t0,
1823 2479 2066 2550 neque
2096 2471 2275 2528 teste
2303 2461 2500 2554 quis-

351 2588 575 2662 quam
608 2569 836 2637 utitur
886 2590 1013 2654 eo,
1061 2568 1191 2662 qui
1234 2562 1324 2637 de
1362 2566 1799 2635 accusatoris
1847 2562 2193 2634 subsellio
2239 2570 2496 2663 surgit.

348 2680 511 2747 Huc
538 2675 821 2747 accedit
842 2729 863 2764 ,
918 2674 1118 2774 quod
1150 2675 1395 2773 paullo
1430 2688 1672 2745 tamen
1690 2684 1717 2730 ⁷
1754 2674 2112 2743 occultior
2133 2687 2355 2771 atque
2384 2688 2493 2745 te-

352 2788 539 2856 ctior
576 2800 813 2857 vestra
843 2789 979 2857 ista
1010 2783 1367 2883 cupiditas
1400 2797 1628 2855 esset:
1668 2808 1870 2853 nunc
1903 2781 2085 2880 quid
2122 2798 2261 2872 est,
2294 2785 2497 2883 quod

350 2898 741 2993 quisquam
774 2919 863 2966 ex
899 2893 1104 2966 vobis
1133 2893 1385 2965 audire
1419 2892 1812 2981 desideret,
1840 2918 2096 2990 quum,
2115 2920 2291 2992 ,quae
2323 2894 2497 2967 faci-

350 3010 477 3095 tis,
509 3004 869 3103 ejusmodi
896 3008 1078 3093 sint,
1121 3020 1208 3075 ut
1236 3028 1358 3091 ea,
1385 3001 1628 3073 dedita
1660 3026 1918 3101 opera,
1948 3001 2208 3075 nobis⁸
2244 3022 2496 3077 contra

351 3130 637 3185 vosmet
673 3118 871 3213 ipsos
907 3111 1141 3185 facere
1172 3112 1606 3184 videamini?
1637 3116 1822 3211 Age,
1865 3138 2066 3186 nunc
2101 3116 2221 3186 illa
2259 3116 2500 3188 videa-

348 3248 541 3313 mus,
560 3224 883 3322 judices,
913 3250 1075 3323 quae
1107 3225 1347 3294 statim
1376 3238 1829 3321 consequuta
1859 3238 2050 3295 sunt.

424 3464 473 3513 4.
510 3456 625 3504 Non
663 3453 897 3502 dicerent.
927 3454 1055 3503 Nam
1081 3452 1245 3501 nullus
1268 3452 1375 3501 ido-
1459 3451 1676 3499 rioribus
1710 3451 1962 3501 Ciceronis
2007 3450 2152 3499 dictis
2189 3462 2464 3501 commotus
2479 3490 2498 3517 ‚

350 3550 473 3581 nem
498 3536 635 3583 testis
660 3536 717 3582 iu
740 3550 793 3583 re
821 3550 909 3582 sun
942 3532 1254 3597 intelligitur,
1300 3533 1377 3579 in-
1461 3546 1708 3579 murmure
1752 3532 1954 3581 sortasse
1997 3531 2208 3595 speciem
2254 3532 2496 3597 obloquu-

350 3614 461 3676 quit
484 3614 731 3677 Pomponi.
753 3614 943 3677 Digest.
961 3614 1132 3670 xxn,
1152 3612 1201 3669 5,
1226 3626 1305 3661 10.
1463 3613 1562 3659 turi
1587 3611 1818 3676 praebuit.

424 3694 473 3740 5.
498 3693 874 3741 Sicanius.Hinc
889 3692 1139 3756 colligitur
1150 3691 1378 3740 sicarium
1541 3708 1591 3752 7.
1623 3690 1753 3739 Add.
1782 3702 1946 3737 tamen
1972 3706 2000 3739 ο
2025 3689 2168 3739 MSS.
2189 3692 2308 3740 JN.
2329 3693 2383 3742 L.

352 3772 485 3832 dici,
515 3786 565 3822 et
583 3790 697 3821 eum
714 3773 801 3837 qui
820 3772 1027 3831 occidit,
1050 3781 1098 3820 et
1125 3771 1265 3819 illum
1292 3775 1379 3836 qui
1543 3772 1592 3819 8.
1643 3770 1807 3819 Nobis.
1847 3772 1946 3818 Pro
1977 3770 2122 3818 nobis
2159 3786 2391 3835 pugnare.
2435 3776 2496 3821 In

351 3850 681 3901 occidendum
716 3862 870 3901 curat.
1468 3862 1590 3900 vett.
1611 3850 1725 3900 edd.
1747 3860 1797 3898 et
1825 3850 1948 3899 MSS
1983 3850 2274 3913 quibusdam
2309 3851 2494 3916 legitur

422 3932 477 3980 6.
508 3932 645 3994 Quid
682 3944 753 3983 tu.
778 3934 839 3980 Τ.
873 3930 1107 3980 Roscium
1144 3932 1383 3995 Magnum
1470 3948 1507 3979 a
1529 3930 1700 3991 vobis,
1744 3930 1880 3995 quod
1913 3931 2086 3979 retinet
2123 3930 2332 3979 Facciol.
2353 3932 2495 3996 quasi

350 4010 646 4074 alloquitur,
689 4010 777 4075 qui
796 4026 1010 4076 presens
1042 4011 1244 4072 assidet,
1278 4025 1382 4059 uon
1470 4012 1567 4072 sit,
1603 4026 1706 4057 «ex
1732 4010 1874 4058 vobis
1893 4044 1907 4068 ,
1948 4020 2122 4073 sponte
2153 4020 2311 4058 vestra
2333 4034 2390 4070 n,
2435 4022 2492 4059 ut

352 4092 642 4156 Capitonem
678 4093 768 4157 qui
805 4092 977 4141 absens
1014 4104 1104 4141 est.
1154 4094 1201 4139 1⁸
1234 4106 1377 4155 supe·
1469 4090 1604 4155 apud
1631 4092 1830 4139 Graecos
1863 4086 1946 4153 ἀφ’
1979 4087 2129 4155 ὑμῶν.
2157 4088 2300 4137 Mulie
2321 4091 2490 4137 Garat.
