2984 4684
1052 386 1814 459 ARGUMENTUM.
1890 384 1900 401 ’
2360 387 2498 461 285

522 516 719 575 Primo
756 515 935 593 igitur
968 516 1215 577 actionis
1254 516 1526 576 secuudae
1558 516 1712 577 libro
1755 516 1869 576 tria
1909 516 2110 595 priora
2143 517 2336 597 capita
2362 539 2503 599 per-

448 626 783 672 tractantur.

523 715 609 769 Ac
636 712 887 790 primum
920 710 1156 789 quidem
1192 710 1383 791 agitur
1412 712 1487 770 de
1513 712 1638 791 ejus
1666 724 1956 790 quaestura
1981 712 2043 770 in
2067 713 2273 773 Gallia.
2308 719 2504 789 Quum

444 809 599 867 enim
635 822 893 887 quaestor
935 830 1009 868 ex
1045 813 1198 871 SCto
1244 810 1608 889 provinciam
1660 810 1902 869 sortitus
1942 824 2089 869 esset
2121 814 2513 883 consularem,

445 903 791 983 additusque
836 920 986 965 esset
1030 887 1259 966 consuli
1300 912 1404 966 Cn.
1451 908 1689 988 Papirio
1739 906 1998 967 Carboni
2032 912 2104 966 Δ.
2149 914 2222 969 U.
2262 910 2328 967 C.
2359 910 2510 987 699,

444 1002 610 1060 venit
644 1002 703 1060 in
743 1002 990 1063 Galliam
1027 1002 1103 1061 ad
1146 1003 1467 1062 exercitum
1507 1004 1874 1063 consularem
1915 1024 2048 1063 cum
2096 1006 2342 1083 pecunia
2387 1026 2507 1085 pu·-

446 1098 619 1173 blica,
642 1118 835 1177 quam,
861 1100 1052 1180 prima
1086 1100 1388 1160 occasione
1416 1100 1577 1173 data,
1599 1101 1831 1174 avertit,
1847 1115 1906 1161 et
1931 1102 2256 1173 consulem,
2285 1104 2510 1162 exerci-
2579 1148 2584 1153 -

448 1208 569 1255 tum
584 1238 601 1267 ,
631 1211 849 1256 sortem
874 1197 1355 1277 provinciamque
1379 1197 1668 1270 deseruit;
1691 1199 1946 1258 rationes
1971 1200 2120 1257 male
2141 1197 2414 1257 reddidit.
2436 1202 2510 1259 Et

446 1305 648 1371 postea
665 1336 683 1364 ,
706 1312 891 1371 quum
916 1313 1050 1351 eum
1076 1298 1183 1353 Cn.
1206 1291 1507 1353 Dolabella
1528 1337 1546 1366 ,
1573 1298 1636 1377 C:
1657 1294 1936 1352 Malleolo
1958 1294 2174 1366 occisn,
2204 1314 2316 1374 pro
2349 1315 2513 1374 quae-

445 1402 603 1448 store
636 1388 916 1463 haberet,
950 1410 1081 1468 quae
1124 1391 1317 1468 ipsum
1354 1389 1678 1468 gravabant
1704 1390 1946 1450 crimina
1971 1392 2034 1449 in
2055 1391 2218 1450 illum
2242 1392 2514 1463 contulit,
2569 1411 2586 1431 ·

446 1498 508 1544 et
560 1486 623 1544 in
668 1506 803 1546 eum
846 1486 1303 1546 inimicissimum
1356 1500 1533 1565 atque
1579 1486 2076 1566 improbissimum
2119 1490 2512 1549 testimonium

447 1583 627 1657 dixit,
663 1586 851 1643 13-16.

527 1682 797 1741 Secundo
826 1684 957 1741 loco
985 1684 1179 1761 agitur
1212 1683 1287 1743 de
1324 1684 1614 1763 legatione
1653 1684 1776 1761 ejus
1810 1683 2083 1744 Asiatica.
2111 1689 2320 1759 'Quum
2357 1686 2512 1743 enim

448 1782 553 1837 Cn.
594 1778 912 1840 Dolabellae
957 1781 1261 1859 provincia
1301 1782 1506 1843 Cilicia
1547 1780 1885 1859 obtigisset,
1915 1788 2126 1841 Verres
2164 1783 2511 1860 legationem

448 1874 562 1935 sibi
603 1876 761 1956 apud
799 1898 933 1937 eum
972 1878 1347 1957 cupidissime
1378 1878 1752 1958 expugnavit.
1787 1884 1918 1953 Qua
1959 1880 2020 1937 in
2063 1879 2348 1957 legatione
2382 1900 2514 1957 quae

447 1971 601 2031 furta
632 1974 836 2033 fecerit
861 1976 921 2033 in
947 1974 1199 2050 Achaia,
1237 1975 1396 2045 Deli,
1440 1976 1503 2033 in
1528 1976 1670 2035 Asia
1693 1989 1985 2048 narratur,
2013 1996 2080 2050 17
2098 1977 2242 2035 -a3,
2284 1977 2514 2036 Deinde

446 2090 579 2148 quae
617 2072 834 2130 fuerint
864 2072 987 2151 ejus
1013 2074 1229 2152 flagitia
1260 2074 1321 2132 in
1352 2071 1694 2132 libidinibus
1735 2085 1794 2132 et
1829 2074 2048 2153 stupris
2076 2073 2420 2152 exponitur,
2453 2073 2514 2131 in

446 2168 651 2246 primis
670 2170 894 2248 insigne
924 2171 1145 2230 facinus
1170 2176 1654 2251 Lampsacenum.
1678 2176 1874 2246 Quum
1902 2170 2056 2230 enim
2082 2171 2384 2250 Lampsaci
2413 2170 2514 2230 de-

446 2266 716 2326 vertisset
742 2266 815 2326 ad
851 2266 1258 2327 Philodamum
1294 2270 1592 2328 hominem
1625 2267 1910 2341 nobilem,
1939 2270 2068 2327 filiae
2099 2269 2224 2347 ejus
2263 2270 2383 2329 vim
2417 2270 2513 2327 in-

449 2363 604 2422 ferre
630 2365 849 2438 voluit,
890 2380 950 2425 et
986 2386 1169 2444 quum
1204 2366 1581 2445 Lampsaceni
1622 2365 1970 2425 Philodamo
2001 2367 2240 2445 ejusque
2275 2368 2394 2425 filio
2431 2368 2512 2426 ita

449 2476 885 2536 succurrerent,
920 2476 987 2521 ut
1003 2469 1214 2522 Verres
1248 2467 1369 2541 ipse
1402 2464 1506 2521 vix
1533 2462 1726 2520 salvus
1753 2462 2056 2535 evaderet,
2097 2484 2205 2543 per
2231 2462 2512 2524 Dolabel-

448 2556 564 2617 lam
596 2559 753 2639 apud
796 2564 863 2619 C.
896 2564 1193 2619 Neronem
1227 2560 1381 2617 Asiae
1420 2570 1735 2637 praetorem
1765 2559 1997 2632 effecit,
2047 2572 2112 2617 ut
2139 2558 2511 2621 Philodamus

448 2654 689 2735 ejusque
735 2658 887 2716 filius
937 2656 1381 2725 damnarentur,
1422 2666 1483 2713 et
1523 2655 1716 2713 securi
1758 2668 2230 2735 percuterentur,
2285 2658 2509 2725 24-33.

451 2755 731 2834 Sequitur
781 2755 1033 2814 avaritiae
1086 2754 1417 2833 exemplum
1473 2752 1628 2832 apud
1686 2752 1980 2827 Milesios,
2035 2752 2249 2831 quibus
2299 2768 2514 2833 praeter

450 2850 639 2910 lanam
664 2850 961 2931 publicam
986 2850 1239 2911 ablatam
1255 2894 1273 2923 ,
1294 2850 1524 2930 iniquos
1547 2864 1812 2930 sumptus
1841 2852 1904 2909 in
1935 2849 2274 2924 adventum,
2303 2864 2514 2911 contu-

450 2948 651 3008 melias
686 2962 745 3009 et
774 2948 1013 3029 injurias
1052 2950 1113 3009 in
1146 2948 1542 3027 magistratum
1571 2948 1862 3009 Milesium
1881 2992 1900 3020 ‚
1927 2967 2344 3028 myoparonem
2376 2951 2512 3029 pul-

450 3045 803 3107 cherrimum
834 3046 1074 3107 abstulit
1103 3060 1161 3108 et
1189 3046 1485 3120 vendidit,
1517 3047 1626 3120 34,
1664 3046 1759 3106 35.
1788 3047 1952 3106 Idem
1981 3048 2089 3106 iste
2119 3067 2299 3125 quum
2325 3048 2387 3105 in
2417 3047 2510 3106 lo·-

450 3163 585 3201 cum
623 3147 688 3204 C.
718 3146 979 3205 Malleoli
1009 3145 1239 3206 comitis
1282 3166 1350 3204 ac
1396 3144 1612 3204 sodalis
1655 3145 1776 3217 sui,
1818 3144 1881 3203 in
1919 3144 2234 3223 quaestorio
2273 3164 2510 3204 munere

452 3240 847 3314 successisset,
891 3243 1061 3301 simul
1100 3242 1312 3322 pupilli
1346 3241 1606 3301 Malleoli
1646 3253 1807 3300 tutor
1840 3242 2055 3314 factus,
2089 3241 2145 3300 in
2187 3241 2312 3319 ejus
2353 3240 2511 3301 bona

454 3338 850 3398 scelestissime
905 3340 1188 3419 impetum
1236 3340 1374 3399 fecit
1397 3383 1414 3410 ,
1466 3352 1528 3398 et
1579 3359 1761 3418 quum
1809 3341 1932 3401 H-S
1977 3340 2154 3398 vicies
2201 3340 2506 3417 quinquies

454 3434 735 3516 (512,500
776 3436 870 3508 fr.)
923 3436 1213 3515 redegisse
1267 3449 1594 3511 constaret,
1645 3450 1712 3496 ut
1754 3440 2000 3497 Romam
2041 3436 2250 3509 rediit,
2289 3438 2508 3497 nullam

450 3531 707 3591 libellam
737 3534 996 3613 pupillo,
1033 3533 1253 3593 nullam
1277 3534 1447 3593 matri
1468 3533 1626 3611 ejus,
1655 3534 1874 3593 nullam
1902 3533 2194 3593 tutoribus
2222 3532 2509 3608 reddidit,

456 3630 558 3701 36,
605 3630 702 3703 37.
741 3632 857 3687 Pro
903 3641 1193 3708 quaestore
1235 3648 1377 3689 vero
1417 3630 1686 3707 Lyciam,
1721 3629 2120 3709 Pamphyliam
2140 3674 2158 3702 ‚
2199 3628 2503 3704 Pisidiam,

451 3726 877 3806 Phrygiamque
905 3726 1198 3785 frumento
1226 3726 1594 3806 imperando,
1625 3726 1986 3797 aestimandO,
2009 3726 2250 3806 aliisque
2269 3728 2509 3787 rationi-

452 3822 561 3882 bus
584 3824 889 3902 pecuniam
912 3821 1203 3901 exigendo
1225 3825 1459 3883 vexavit
1473 3868 1490 3898 ,
1522 3824 1598 3881 38
1613 3867 1630 3896 ,
1658 3826 1752 3901 39.

531 3922 829 3980 Postremo
856 3921 989 3980 loco
1024 3920 1268 3980 crimina
1302 3940 1335 3978 a
1353 3927 1540 3981 Verre
1577 3921 1638 3978 in
1670 3932 1922 4000 praetura
1955 3919 2182 3993 urbana
2207 3921 2510 3981 commissa

456 4028 905 4093 pertractantur,
950 4016 1053 4076 ubi
1096 4016 1347 4095 primum
1397 4016 1672 4091 docetur,
1723 4017 1910 4095 qualis
1952 4017 2012 4075 in
2059 4017 2250 4078 edicto
2289 4020 2509 4078 consti-

460 4112 676 4172 tuendo
707 4114 918 4192 fuerit,
948 4115 1230 4195 exemplis
1260 4114 1588 4174 edictorum
1616 4116 1690 4175 ‹le
1727 4116 2034 4175 mulierum
2064 4115 2511 4189 hereditatibus,
