2984 4684
471 375 609 448 362
1111 379 1210 446 M.
1258 379 1339 446 T.
1392 377 1960 449 CICERONIS

464 501 543 570 in
578 495 852 596 quibus
888 501 987 568 ita
1028 501 1429 570 intercessit
1448 495 1504 586 ⁵,
1555 496 1752 596 quod
1797 501 1932 568 iste
1990 494 2222 585 aliter,
2262 509 2482 596 atque
2525 513 2612 572 ut

460 609 815 696 edixerat,
857 608 1307 682 decrevisset.
1369 608 1594 702 Quod
1633 633 1764 681 vos
1799 606 2072 680 oblitos
2107 631 2262 680 esse
2299 634 2452 680 non
2495 635 2612 681 ar·

458 718 719 806 bitror,
760 743 925 816 quae
970 705 1435 808 multitudo⁶,
1480 723 1610 817 qui
1655 717 1839 790 ordo
1897 718 1991 790 ad
2033 719 2314 790 Pisonis
2357 719 2606 791 sellam

454 830 597 902 isto
634 843 939 927 praetore
974 829 1228 901 solitus
1253 833 1346 902 sit
1380 833 1811 904 convenire:
1841 855 2063 929 quem
2093 834 2225 901 iste
2257 830 2606 929 collegam

454 946 599 1030 nisi
630 941 1002 1014 habuisset
1021 996 1041 1031 ,
1068 940 1431 1041 lapidibus
1457 957 1848 1040 coopertus
1888 955 2076 1013 esset
2120 945 2198 1013 in
2237 938 2422 1014 foro.
2461 939 2604 1014 Sed

454 1076 545 1123 eo
586 1051 891 1124 leviores
942 1055 1149 1124 istius
1188 1053 1470 1150 injuriae
1527 1051 1962 1124 videbantur
1983 1107 2004 1140 ,
2060 1050 2266 1149 quod
2315 1065 2468 1124 erat
2525 1055 2604 1123 in

450 1163 789 1260 aequitate
842 1161 1373 1262 prudentiaque
1424 1165 1708 1236 Pisonis
1757 1165 2298 1261 paratissimum
2354 1161 2606 1262 perfu-

452 1275 693 1368 gium,
731 1298 883 1371 quo
919 1274 1071 1344 sine
1112 1273 1360 1346 labore
1382 1329 1403 1362 ,
1438 1277 1596 1345 sine
1635 1274 2003 1361 molestia,
2039 1275 2194 1344 sine
2239 1277 2606 1372 impensa,

454 1386 673 1454 etiam
712 1386 868 1455 sine
908 1398 1225 1482 patrono
1254 1385 1590 1456 homines
1623 1399 2027 1456 uterentur.
2059 1387 2244 1456 Nam
2263 1438 2282 1470 ,
2325 1407 2604 1480 quaeso,

456 1489 687 1576 redite
702 1504 728 1548 ⁷
758 1495 836 1563 in
859 1497 1318 1585 memoriam,
1340 1493 1818 1592 judiceS,quae
1849 1491 2081 1566 libido
2111 1497 2316 1565 istius
2344 1497 2418 1565 in
2442 1494 2606 1589 jure

458 1598 781 1673 dicundo
815 1599 1069 1691 fuerit,
1104 1629 1265 1702 quae
1302 1609 1606 1677 varietas
1652 1603 2112 1677 decretorum
2137 1659 2158 1693 ,
2202 1629 2366 1702 quae
2409 1629 2605 1674 nun-

450 1709 770 1804 dinatio,
810 1739 1031 1812 quam
1064 1719 1313 1787 inanes
1342 1713 1607 1788 domus
1641 1734 1894 1786 corum
1928 1719 2304 1803 omnium,
2343 1718 2470 1812 qui
2513 1713 2606 1786 de

444 1823 609 1918 jure
656 1824 847 1896 civili
898 1826 1182 1898 consuli
1226 1825 1457 1898 solent
1477 1881 1498 1913 ,
1547 1849 1768 1924 quam
1813 1825 2030 1924 plena
2073 1839 2292 1921 atque
2342 1821 2608 1896 referta

450 1933 874 2008 Chelidonis
910 1963 927 2005 :
974 1922 1027 2007 a‘
1061 1959 1207 2034 qua
1262 1937 1564 2008 muliere
1609 1961 1837 2035 quum
1881 1951 2037 2007 erat
2087 1933 2178 2007 ad
2221 1960 2393 2006 eum
2433 1961 2608 2006 ven-

452 2058 645 2132 tum,
680 2059 755 2116 et
799 2048 875 2116 in
907 2070 1157 2118 aurem
1194 2047 1351 2142 eJ'us
1387 2047 1961 2135 insusurratum,
2008 2045 2180 2117 alias
2219 2043 2606 2117 revocabat

450 2175 617 2240 eos,
667 2156 857 2225 inter
898 2180 1087 2253 quos
1121 2155 1269 2250 jam
1308 2153 1764 2244 decreverat,
1802 2154 2326 2255 decretumque
2363 2172 2601 2228 muta-

449 2261 618 2351 bat3
676 2264 846 2336 alias
896 2269 1087 2338 inter
1129 2266 1309 2337 alios
1363 2271 1808 2340 contrarium
1847 2269 2004 2340 sine
2054 2267 2206 2340 ulla
2247 2267 2601 2366 religione

449 2372 914 2464 decernebat,
939 2401 1023 2447 ac
1062 2381 1412 2476 proximis
1448 2379 1698 2478 paullo
1734 2394 1901 2451 ante
1935 2375 2374 2451 decreverat.
2421 2382 2604 2450 Hinc

448 2485 552 2556 illi
596 2485 933 2558 homines
969 2502 1212 2577 erant,
1245 2493 1375 2586 qui
1414 2494 1630 2562 etiam
1665 2485 2000 2562 ridiculi⁸
2047 2485 2606 2561 inveniebantur

449 2621 541 2667 ex
572 2595 866 2668 dolore:
897 2622 1220 2695 quorum
1248 2601 1399 2690 alii,
1436 2617 1522 2673 ut
1548 2600 1846 2674 audistis
1859 2613 1916 2689 9,
1943 2599 2304 2699 negabant
2329 2603 2602 2669 miran-

450 2705 625 2777 dum
654 2732 841 2796 esse,
864 2709 983 2805 jus
1003 2725 1148 2781 tam
1172 2737 1492 2809 nequam
1514 2721 1576 2755 ¹⁰
1595 2737 1747 2784 esse
1785 2714 2158 2782 verrinum
2190 2736 2206 2779 :
2236 2709 2356 2780 alii
2384 2711 2600 2780 etiam

453 2812 862 2915 frigidiores
899 2837 1140 2910 erant3
1184 2823 1312 2894 sed
1333 2878 1353 2910 ,
1400 2825 1575 2920 quia
1611 2820 2277 2910 stomachabantur,
2313 2817 2598 2891 ridiculi

530 3037 577 3086 ⁵.
600 3040 890 3088 lutet-cessit.
909 3043 1081 3090 Verris
1113 3042 1306 3092 decreta
1334 3045 1481 3092 reaci-

452 3117 543 3167 dit.
576 3119 770 3167 Etenim
808 3131 991 3184 pretor
1030 3123 1266 3187 pretori,
1309 3124 1481 3172 consul

448 3197 665 3252 con-uli.
697 3208 747 3246 et
776 3215 867 3263 par
902 3199 1115 3264 deniqne
1148 3203 1310 3249 omnis
1342 3213 1481 3265 pote—

450 3289 549 3327 ιω
573 3279 681 3342 pari
696 3312 713 3338 ,
746 3278 863 3326 item
888 3290 947 3327 ut
976 3279 1203 3344 superior
1230 3281 1481 3342 inferiori,

450 3357 803 3407 intercedebat.
850 3359 953 3408 Cic.
1002 3359 1065 3407 de
1107 3361 1224 3424 Leg.
1274 3361 1349 3406 111
1364 3395 1380 3420 ,
1430 3367 1481 3416 4.

452 3441 577 3487 Caes.
596 3437 659 3485 de
682 3437 807 3508 Bell.
826 3437 923 3484 civ.
942 3441 1047 3498 111,
1072 3453 1158 3487 ao.

522 3517 573 3568 6.
592 3517 880 3567 Multitudo.
902 3519 1137 3566 Homines
1162 3535 1189 3566 e
1224 3517 1385 3583 plebe.
1406 3545 1478 3556 —

456 3597 607 3646 Ordo.
632 3599 887 3662 Equester,
913 3609 998 3647 aut
1014 3599 1277 3662 generatim
1296 3598 1480 3664 potina,

452 3676 709 3725 hominum
741 3678 889 3726 turb·
910 3679 1100 3737 omnis,
1138 3695 1197 3727 ac
1216 3680 1361 3727 etiam
1386 3694 1477 3726 no-

450 3755 645 3805 biliam.

522 3849 578 3900 7.
594 3835 897 3896 Priscianus,
924 3853 975 3902 p.
1000 3837 1159 3896 1154,
1180 3839 1260 3887 ed.
1278 3839 1479 3887 Putoeh.

453 3914 687 3964 reducite.
705 3917 739 3963 J
744 3917 837 3963 .V.
850 3917 909 3964 L.

524 3995 575 4041 8.
614 3993 841 4044 Ridicule:
882 3998 1047 4045 Faceti
1080 4011 1137 4044 ac
1178 3998 1331 4045 risum
1374 4013 1481 4046 mo-

453 4083 639 4121 ventes.
1216 4083 1223 4090 “

522 4167 573 4214 9.
592 4151 719 4200 cod.
740 4153 935 4212 Ursini,
961 4153 1050 4201 «id
1080 4153 1217 4218 quod
1244 4169 1375 4219 sepe
1394 4171 1477 4203 au-

1579 3043 1718 3092 distis
1733 3065 1782 3107 ιο,
1817 3041 1956 3107 quod
1987 3043 2215 3092 Muretus
2249 3041 2482 3107 probavit
2501 3077 2516 3100 ,
2555 3052 2604 3088 et

1569 3125 1756 3190 recepit
1772 3125 2053 3174 Lambinus.
2081 3127 2116 3172 J
2119 3123 2206 3173 ΠΨ.
2233 3124 2293 3172 1..

1647 3221 1727 3252 xo.
1749 3207 1838 3251 Ius
1859 3216 1964 3252 tam
1985 3219 2214 3267 nequam.
2247 3204 2339 3251 ui·
2363 3201 2528 3250 verbis
2551 3213 2602 3251 et

1572 3284 1778 3330 Vei-rina
1803 3282 2116 3343 iun-indictio,
2149 3293 2198 3330 et
2223 3281 2392 3346 liquor
2417 3281 2504 3329 ille
2527 3281 2605 3328 in·

1569 3361 1755 3424 anavia,
1789 3361 1844 3409 in
1879 3378 1982 3426 quo
2003 3363 2210 3410 Vei-tina
2245 3376 2364 3409 earo
2397 3361 2602 3408 decocta
2709 3403 2724 3412 .

1567 3453 1667 3501 eat,
1707 3441 1920 3505 intelligi
1955 3451 2134 3506 potest.
2158 3442 2338 3488 Verre·
2383 3439 2516 3486 enim
2551 3450 2604 3488 et

1567 3521 1782 3569 hominia
1813 3537 1996 3570 nomen
2009 3555 2024 3579 ,
2063 3531 2114 3569 et
2147 3535 2334 3584 poi-cua
2375 3535 2480 3566 non
2517 3533 2602 3567 ex-

1567 3612 1744 3648 sectus.
1769 3602 1966 3650 Auctor
1989 3601 2110 3648 dial.
2131 3599 2194 3648 de
2211 3601 2351 3650 Orat.
2373 3595 2463 3656 23,
2485 3598 2604 3660 hoe,

1569 3682 1708 3745 quasi
1745 3681 1999 3746 frigidius,
2035 3682 2224 3731 dictum
2253 3677 2602 3745 reprehendit,

1571 3769 1814 3824 tamquam
1841 3775 1906 3808 ex
1926 3762 2160 3810 Cicerone
2183 3761 2266 3809 ait.
2283 3759 2492 3824 AEquior
2511 3757 2603 3806 ci-

1571 3841 1740 3887 ceroni
1764 3841 2100 3903 Quintilianus
2118 3875 2134 3900 ,
2161 3843 2248 3904 qui
2277 3843 2368 3898 vl,
2389 3841 2420 3887 3
2433 3872 2449 3896 ,
2469 3839 2602 3888 cieo-

1571 3933 1740 3967 ronem
1765 3931 1968 3968 excusat
1977 3953 2004 3986 ‚·
2027 3921 2168 3984 quod
2187 3921 2242 3968 in
2259 3919 2470 3968 aliorum
2489 3933 2602 3982 per·

1570 4013 1688 4046 aona
1716 3997 1814 4047 hoe
1841 3999 2052 4048 dicatur.
2076 4001 2138 4048 Et
2161 4001 2268 4062 ipsa
2296 4014 2388 4063 per
2411 4013 2464 4044 se
2481 3997 2602 4044 satia

1569 4077 1790 4126 indicant
1819 4094 1932 4142 qua
1963 4091 2266 4143 sequnntur,
2309 4077 2599 4126 Ciceronem

1571 4156 1632 4204 de
1655 4157 1755 4217 his,
1775 4168 1831 4206 nt
1855 4157 2074 4222 frigidis,
2097 4157 2341 4219 judicium
2361 4156 2544 4205 tulisse.
