2984 4684
494 352 631 424 322
1138 352 1233 417 M.
1284 350 1361 415 T.
1416 346 1976 417 CICERONIS

488 477 757 546 virtute
787 486 1019 571 capta,
1047 468 1220 543 belli
1234 470 1392 567 lege
1410 524 1430 559 ‚
1459 484 1678 567 atque
1709 470 2176 567 imperatorio
2181 469 2356 571 jure
2391 484 2626 541 sustu·

488 586 617 670 lit,
659 608 743 657 ea
788 580 1067 681 populo
1124 604 1428 651 romano
1478 582 1932 678 apportavit,
1989 604 2125 678 per
2167 581 2626 679 triumphum

488 700 683 768 vexit
700 748 719 781 ‚
782 698 857 765 in
900 690 1183 763 tabulas
1233 690 1562 790 publicas
1601 690 1692 761 ad
1735 691 2066 761 aerarium
2111 690 2626 789 perscribenda

486 807 781 879 curavit.
818 803 1245 901 Cognoscite
1274 826 1361 873 ex
1389 802 1612 873 literis
1639 799 1953 898 publicis
1983 800 2304 873 hominis
2331 802 2624 902 amplis-

488 917 651 986 simi
672 913 1139 1011 diligentiam.
1172 916 1457 983 Recita:
1482 916 1844 983 Iunoni-:s
1875 934 2164 983 annum
2190 914 2263 983 P.
2288 915 2622 984 Smivmn.

484 1030 647 1097 Non
692 1023 925 1097 solum
964 1044 1353 1095 numerum
1396 1026 1770 1119 signorum
1791 1074 1812 1109 ‚
1849 1020 1976 1092 sed
2019 1024 2236 1092 etiam
2271 1024 2626 1095 uniuscu-

476 1137 741 1233 jusque
768 1132 1367 1233 magnitudinem,
1384 1130 1694 1228 figuram
1713 1128 1772 1219 ⁶,
1793 1131 2320 1219 statum,literis
2339 1129 2626 1204 definiri
2649 1204 2666 1213 ,
2705 1134 2713 1139 ’

486 1247 700 1317 vides.
754 1250 967 1317 Certe
998 1244 1268 1339 major⁷
1312 1258 1421 1315 est
1460 1245 1746 1315 virtutis
1787 1244 2251 1339 victoriaeque
2281 1241 2624 1338 jucundi-

485 1370 627 1443 taS‚
666 1379 885 1453 quam
912 1357 1047 1427 ista
1080 1355 1448 1451 volupta3‚
1482 1378 1646 1451 quae
1673 1355 2074 1451 percipitur
2105 1378 2196 1425 ex
2221 1352 2524 1425 libidine
2551 1368 2628 1425 et

486 1463 881 1562 cupiditate
920 1492 937 1534 :
976 1462 1209 1535 multo
1247 1463 1671 1561 diligentius
1720 1462 1988 1537 habere
2031 1463 2196 1536 dico
2243 1462 2626 1536 Servilium

484 1572 797 1671 praedam
834 1574 1085 1673 populi
1119 1576 1441 1662 romani,
1484 1598 1705 1672 quam
1735 1588 1810 1647 te
1847 1590 1974 1646 tua
2005 1572 2196 1646 furta
2231 1588 2482 1645 notata
2513 1588 2624 1645 at-

485 1709 631 1782 que
664 1684 1045 1783 descripta.

582 1800 803 1867 XXH.
838 1797 1088 1883 Dices»,
1116 1810 1243 1865 tua
1274 1818 1576 1891 quoque
1603 1796 1807 1891 signa
1833 1809 1906 1867 et
1941 1794 2224 1867 tabulas
2259 1795 2488 1893 pictas
2511 1820 2626 1867 or-

484 1918 829 1975 namento
848 1902 1017 1975 urbi
1036 1916 1054 1947 ¹
1089 1901 1397 2001 foroque
1426 1905 1680 2003 populi
1705 1908 1990 1977 romani
2023 1904 2261 1977 fuisse.
2291 1908 2624 1993 Memini;

482 2012 629 2083 vidi
666 2010 879 2083 simul
916 2035 1083 2082 cum
1122 2012 1397 2109 populo
1438 2036 1748 2085 romano
1785 2014 2026 2085 forum
2051 2015 2624 2112 comitiumque²

482 2122 917 2193 adornatum
936 2118 991 2205 ³,
1017 2119 1109 2191 ad
1131 2123 1448 2219 speciem
1473 2120 1862 2220 magnifico
1885 2138 2150 2195 ornatu
2167 2178 2186 2209 ‚
2213 2121 2303 2194 ad
2333 2148 2628 2197 sensum

484 2234 1145 2329 cogitationemque
1203 2229 1468 2303 acerbo
1521 2246 1594 2303 et
1663 2229 1976 2330 lugubri.
2040 2232 2206 2303 Vidi
2266 2232 2628 2307 collucere

485 2347 729 2416 omnia
757 2339 967 2413 furtis
1002 2344 1148 2413 tuis
1170 2396 1189 2430 ‚
1224 2340 1465 2441 praeda
1497 2344 2072 2439 provinciarum,
2108 2343 2355 2441 spoliis
2393 2348 2626 2416 socio·

482 2478 649 2524 rum
676 2466 897 2550 atque
928 2453 1351 2524 amicorum.
1380 2454 1551 2541 Quo
1578 2452 1874 2550 quidem
1899 2468 2231 2551 tempore
2249 2510 2270 2541 ‚
2305 2453 2588 2548 judices
2605 2510 2628 2542 ‚

482 2572 616 2637 iste
654 2589 855 2662 spem
886 2570 1267 2635 maximam
1298 2564 1748 2662 reliquorum
1789 2592 2088 2664 quoque
2113 2572 2621 2664 peccatorum‘·

480 2692 735 2748 nactus
770 2689 901 2748 est.
928 2675 1129 2746 Vidit
1170 2678 1363 2747 enim
1408 2700 1575 2764 εοε,
1598 2677 1726 2775 qui
1757 2674 2246 2773 judiciorum⁵
2289 2678 2628 2750 dominos

487 2810 563 2857 se
632 2784 774 2856 dici
834 2782 1180 2856 volebant
1202 2840 1221 2873 ‚
1273 2785 1532 2858 harum
1599 2787 2078 2885 cupiditatum
2143 2813 2303 2861 esse
2359 2815 2628 2863 servoS.

556 3039 607 3087 6.
654 3036 904 3101 Figuram.
956 3038 1117 3085 Situm
1178 3038 1510 3087 membrorum

488 3116 625 3181 (gall.
654 3115 941 3181 I'aetitude).
955 3118 1243 3165 -Staemm
1270 3116 1508 3165 Habitum

488 3212 573 3243 aen
596 3206 821 3245 ornatum
841 3195 1012 3257 vestis,
1038 3195 1326 3259 insignium,
1354 3212 1512 3244 armo·

488 3292 595 3323 rum
624 3274 756 3340 (gall.
782 3274 834 3321 Ia
856 3274 1111 3338 draperie,
1152 3274 1217 3323 les
1238 3274 1508 3340 attribues).

564 3372 616 3415 7.
648 3356 784 3405 certe
818 3353 999 3417 major.
1047 3354 1266 3401 Asconio
1300 3354 1512 3403 anbobe·

490 3450 638 3482 eni-na
682 3432 880 3481 videtur
924 3432 1066 3481 locun
1084 3467 1100 3492 ,
1135 3448 1281 3497 quem
1324 3434 1512 3499 optime

490 3514 705 3577 explieat
718 3514 919 3561 Hotom.
929 3528 1021 3577 per
1030 3513 1353 3578 epiphonema
1367 3528 1381 3563 ι
1398 3525 1512 3563 snnt

490 3604 541 3641 et
565 3610 653 3641 ana
684 3592 907 3639 victorie
934 3608 993 3641 ae
1020 3594 1193 3641 virtuti
1218 3594 1395 3656 gandia
1416 3610 1514 3642 ma·

480 3672 593 3732 jora
618 3688 789 3735 qnam,
810 3682 909 3720 ete.

564 3754 735 3800 1111.
763 3766 809 3799 ι.
848 3750 981 3799 Urbi.
1018 3752 1145 3801 Nam
1169 3750 1329 3811 adili,
1364 3761 1512 3815 atque

494 3831 693 3894 pretori
721 3828 985 3879 Hortensio
998 3863 1017 3891 ‚
1050 3841 1103 3879 et
1126 3830 1339 3879 Metellis
1374 3842 1514 3895 rapta

490 3926 555 3957 ex
596 3908 865 3973 provinciis
902 3909 1041 3973 signa
1074 3914 1251 3959 Verre·
1286 3911 1512 3961 ornando

494 3988 605 4035 soro
630 3987 1043 4040 commodaverat.

566 4083 615 4117 α.
660 4067 932 4116 Comatam.
972 4070 1135 4117 Locus
1174 4080 1275 4118 erat
1308 4072 1363 4119 in
1400 4072 1512 4121 foro

1592 3039 1734 3099 juxta
1773 3041 1984 3103 cni-iam,
2019 3040 2106 3089 nbi
2146 3052 2333 3101 roatra3
2383 3044 2466 3091 hic
2507 3042 2626 3093 olim

1595 3116 1900 3171 habebantur
1924 3121 2108 3169 curiata
2132 3124 2360 3181 comitia,
2393 3134 2446 3173 et
2471 3140 2628 3173 aume-

1599 3198 1777 3247 bantur
1813 3200 2054 3265 supplicia
2093 3200 2156 3249 de
2193 3202 2438 3251 aontibna.
2475 3204 2626 3253 Aliud

1597 3288 1830 3340 praterea
1863 3279 1958 3325 fnit
1991 3281 2248 3331 comitium
2275 3294 2410 3331 extra
2443 3283 2626 3333 Urbem

1597 3356 1651 3403 in
1691 3372 1866 3419 eampo
1901 3358 2084 3407 Martio
2121 3360 2188 3409 ad
2223 3363 2426 3411 comitia
2459 3376 2630 3415 centn·

1597 3438 1736 3487 riam.

1671 3520 1724 3567 3.
1755 3519 2018 3569 Lambinus
2044 3520 2182 3569 malit
2219 3521 2516 3571 adornatum
2541 3524 2630 3573 ab·

1599 3614 1720 3647 ease.
1749 3602 1800 3649 J.
1819 3604 1886 3650 V.
1913 3604 1970 3651 L.
2007 3628 2079 3641 --
2105 3606 2335 3653 Attamen
2361 3603 2529 3653 eadem
2565 3604 2630 3655 de

1601 3694 1652 3725 re
1681 3679 1854 3727 Cicero
1878 3683 2020 3729 Vei-r.
2049 3684 2140 3742 1v,
2177 3684 2206 3729 3
2225 3717 2240 3741 ‚
2282 3705 2309 3726 ιι
2328 3687 2632 3733 ominentia

1600 3769 1832 3807 ornarent
1843 3780 1890 3811 ιι.

1673 3846 1723 3894 4.
1759 3841 2100 3890 Peccator-um.
2147 3840 2368 3891 Suband.
2407 3859 2510 3891 non
2537 3860 2632 3908 pu·

1597 3914 1900 3969 rtiendomm.

1673 3992 1724 4045 5.
1751 3997 2054 4047 Iudiciomm
2091 3999 2334 4051 dominos.
2369 4000 2630 4051 Manifeote

1598 4074 1652 4121 in
1681 4076 1996 4125 Hortensium
2011 4110 2026 4135 ‚
2052 4094 2110 4127 ac
2133 4078 2325 4129 nobiles
2349 4090 2556 4131 eeteros.
