2984 4684
452 321 594 396 366
1092 325 1191 392 M.
1246 323 1323 392 Τ.
1378 322 1944 394 CICERONIS
2003 340 2010 348 ·

450 463 594 518 tam
652 443 991 544 diligens,
1034 459 1180 516 tam
1222 459 1542 516 attentus
1577 459 1808 516 esset:
1845 440 2114 514 debere
2149 465 2318 516 eum
2352 445 2596 519 aiebat

444 581 649 628 suam
676 557 1013 654 quoque⁴
1046 559 1395 626 rationem
1426 553 1726 642 ducere;
1757 553 1988 626 multa
2021 551 2160 626 sibi
2193 579 2382 652 opus
2409 582 2591 646 esse,

447 669 675 738 multa
713 665 1012 738 canibus
1047 669 1231 754 suiS,
1274 691 1461 764 quos
1502 669 1690 740 circa
1725 691 1802 738 se
1844 663 2166 738 haberet.
2208 669 2376 738 Non
2415 693 2588 765 pos-

446 801 615 848 sum·
642 777 761 847 illa
793 775 1079 874 planius
1114 800 1710 864 commemorare,
1737 801 1958 875 quam
1985 777 2226 875 ipsum
2253 781 2594 875 Ligurem

443 912 581 985 pro
618 890 1036 958 testimonio
1084 885 1323 959 dicere
1374 885 1698 960 audistis.
1746 885 1942 977 Quid
1989 891 2184 958 euim
2217 941 2238 976 ,
2287 891 2596 962 Verres?

446 1014 697 1070 utrum
738 1022 832 1068 ne
867 997 981 1069 his
1010 996 1308 1094 quidem
1346 997 1652 1070 testibus
1679 997 2101 1070 crederetur
2129 999 2159 1068 ἱ)
2197 1025 2292 1070 an
2321 999 2472 1072 haec
2501 1000 2596 1073 ad
2673 1085 2681 1090 ,

446 1134 605 1180 rem
636 1133 786 1180 non
828 1111 1245 1206 pertinent?
1282 1133 1435 1179 non
1480 1113 1580 1180 Μ.
1615 1108 1961 1180 Octavio?
1997 1133 2148 1179 non
2186 1113 2264 1180 L.
2295 1111 2596 1207 Liguri?

444 1220 627 1311 Quis
669 1216 883 1291 nobis
915 1205 1241 1291 credet5?
1275 1223 1395 1290 cui
1434 1219 1625 1291 nos?
1659 1215 1842 1317 quid
1871 1232 2012 1306 est,
2049 1221 2346 1302 VerreS,
2391 1219 2596 1318 quod

446 1330 751 1427 planum
790 1328 949 1401 fieri
996 1329 1301 1402 testibus
1344 1333 1604 1428 possit,
1649 1333 1709 1402 si
1751 1327 1899 1400 hoc
1947 1351 2102 1399 non
2144 1326 2276 1400 fit?
2325 1333 2440 1400 An
2483 1329 2594 1418 id,

330 1539 347 1550 .
448 1439 655 1538 quod
696 1438 987 1538 dicunt,
1028 1441 1186 1513 leve
1219 1442 1374 1512 est?
1418 1440 1603 1511 nihil
1645 1439 1910 1527 levius,
1941 1463 2162 1536 quam
2211 1455 2598 1538 praetorem

448 1551 655 1624 urbis
692 1551 835 1623 hoc
872 1553 1057 1648 juris
1097 1555 1173 1622 in
1210 1576 1347 1623 suo
1382 1554 1808 1648 magistratu
1850 1549 2328 1638 constituere,
2365 1554 2598 1622 omni-

446 1660 589 1732 bus
618 1665 729 1752 iis»,
748 1661 1017 1759 quibus
1045 1659 1405 1736 hereditas
1430 1665 1733 1749 venerit,
1759 1658 2188 1732 coheredem
2213 1676 2598 1758 praetorem

447 1796 601 1843 esse
630 1786 992 1869 oportere.
1020 1777 1133 1844 An
1160 1797 1335 1843 vero
1366 1771 1806 1860 dubitamus,
1826 1795 1978 1868 quo
2001 1796 2130 1842 ore
2157 1773 2290 1843 iste
2319 1786 2598 1844 ceteros

452 1877 787 1952 homines
822 1879 1163 1954 inferiore
1199 1880 1402 1969 loc0,
1439 1883 1908 1970 auctoritate,
1947 1881 2204 1954 ordine
2225 1936 2246 1970 ,
2281 1907 2435 1980 quo
2467 1909 2596 1955 ore

452 1987 787 2062 homines
826 1995 1232 2064 rusticanos
1272 2017 1363 2062 ex
1398 1994 1851 2092 municipiis,
1890 2017 2044 2091 quo
2078 1991 2398 2092 denique
2427 2019 2554 2065 ore
2575 2049 2598 2082 ‚

450 2125 640 2196 quos
692 2126 1097 2199 numquam
1138 2101 1405 2175 liberos
1442 2107 1760 2201 putavit,
1795 2103 2178 2177 libertinos
2217 2104 2552 2178 homines
2573 2161 2594 2194 ,

450 2210 705 2282 solitus
742 2213 835 2282 sit
877 2213 1241 2311 appellare
1263 2209 1322 2300 ⁶,
1364 2219 1496 2310 qui
1531 2217 1624 2285 ob
1655 2215 1778 2310 jus
1814 2214 2212 2288 dicundum
2256 2219 2358 2288 M.
2391 2223 2598 2290 Octa·

447 2322 647 2391 vium
667 2323 1003 2418 Ligurem
1021 2377 1041 2410 ,
1068 2322 1443 2396 hominem
1470 2328 2012 2396 ornatissimum
2040 2325 2240 2414 loco,
2267 2325 2524 2398 ordine
2541 2339 2595 2414 7,

452 2431 790 2518 nomine,
830 2433 1095 2504 virtute
1116 2490 1136 2522 ,
1170 2434 1465 2532 ingenio
1487 2489 1508 2522 ,
1543 2436 1774 2534 copiis
1801 2491 1822 2524 ,
1867 2460 2170 2534 poscere
2209 2442 2597 2536 pecuniam

453 2566 605 2612 non
640 2542 1037 2614 dubitarit?

551 2656 797 2723 XLIX.
830 2658 915 2723 In
950 2658 1154 2724 sartis
1181 2659 1387 2726 tectis
1406 2679 1588 2726 vero
1612 2653 2236 2752 quemadmodum
2263 2681 2418 2730 sese
2447 2683 2600 2756 ges·

454 2763 661 2850 serit,
692 2761 871 2859 quid
897 2787 1035 2860 ego
1058 2761 1336 2835 dicam?
1362 2763 1706 2836 dixerunt
1724 2819 1743 2854 ,
1771 2768 1901 2862 qui
1939 2781 2326 2838 senserunt
2345 2778 2396 2855 ¹3
2427 2783 2599 2840 sunt

450 2872 603 2959 alii,
632 2877 763 2970 qui
808 2871 1089 2960 dicant3
1126 2889 1315 2944 notae
1344 2900 1459 2946 res
1494 2899 1580 2947 ac
1617 2874 2038 2963 manifestae,
2069 2875 2366 2975 prolatae
2395 2892 2596 2964 sunt,

452 2998 527 3053 et
547 2981 1039 3081 proferuntur.
1082 2985 1281 3054 Dixit
1300 2989 1379 3056 C.
1410 2991 1750 3076 FanniuS,
1785 3010 2012 3083 eques
2039 3009 2386 3058 romanus
2407 3041 2427 3076 ,
2453 2983 2598 3058 fra-

450 3105 606 3165 ter²
638 3117 1025 3191 germanus
1052 3098 1144 3186 Q.
1182 3095 1458 3183 Titinii,
1475 3095 1739 3190 judicis
1768 3097 1910 3184 tui,
1941 3094 2076 3167 tibi
2108 3120 2185 3166 se
2215 3097 2598 3194 pecuniam

524 3301 571 3350 4.
596 3295 748 3341 Suam
777 3311 986 3359 quoque.
1016 3295 1124 3352 sni,
1163 3295 1269 3344 scil.
1278 3296 1447 3343 Verris
1462 3330 1479 3356 ,
1638 3297 1688 3345 6.
1737 3297 2024 3362 Appellare.
2067 3297 2148 3346 Ad
2195 3297 2408 3345 tribunal
2458 3314 2598 3347 suum

354 3405 362 3412 -
449 3374 687 3421 rationem
706 3373 903 3422 habere.
920 3373 1215 3422 -canibus
1237 3375 1357 3424 suis.
1386 3377 1479 3423 As·
1566 3375 1734 3426 citare.

450 3454 591 3502 seclis
616 3453 734 3502 suis.
754 3453 835 3502 Sic
862 3454 1040 3518 sepius
1066 3465 1235 3502 orator
1259 3453 1365 3518 ipse
1392 3469 1479 3518 ap-
1641 3471 1690 3517 7.
1721 3455 1920 3506 Ordine.
1944 3458 2150 3506 Senator
2165 3466 2268 3504 erat
2280 3455 2598 3506 lid-Octavius

450 3533 603 3596 pellat
616 3567 631 3592 ‚
656 3533 723 3581 ob
739 3549 843 3581 eam
862 3549 1072 3592 eausam,
1092 3533 1228 3597 quod
1246 3533 1481 3598 predam,
1567 3535 1735 3600 Ligur.

450 3628 623 3660 canum
654 3627 793 3660 more
806 3649 821 3673 ,
866 3611 1065 3661 odorari
1106 3623 1154 3660 et
1188 3613 1479 3676 investigare
1639 3617 1824 3664 xux.
1867 3631 1913 3664 ι.
1949 3617 2219 3664 Senserunt.
2265 3617 2368 3679 Qui
2409 3614 2599 3682 experti

452 3692 680 3740 solerent.
710 3693 947 3740 Lambere
978 3692 1198 3741 tribunal
1216 3692 1385 3740 Verris
1408 3693 1478 3741 di·
1517 3691 1528 3700 ”
1564 3706 1680 3744 sunt
1707 3697 1812 3757 ejus
1839 3693 2064 3754 injurias.

450 3783 645 3834 cuntur,
674 3773 814 3820 Verr.
836 3774 935 3830 111,
977 3788 997 3818 1
1014 3789 1061 3821 1.
1638 3790 1687 3822 a.
1709 3776 1898 3822 Frater.
1929 3777 2024 3822 Per
2045 3774 2364 3840 adoptionem
2391 3775 2448 3822 in
2463 3775 2592 3824 Titi-

524 3850 570 3896 5.
618 3849 735 3911 Quis
778 3851 916 3899 nobis
954 3851 1131 3900 credet.
1167 3851 1386 3902 Subaud.
1431 3853 1473 3900 si
1563 3853 1696 3902 niam
1713 3851 1992 3920 adscriptus
2019 3865 2238 3919 gentem,
2254 3865 2311 3902 ut
2325 3853 2602 3918 phcetMn·

448 3928 681 3988 testibus,
718 3931 865 3978 tantis
895 3931 1039 3993 viris,
1074 3943 1172 3980 tam
1220 3933 1472 3996 gravibus,
1564 3934 1740 3989 nutio;
1767 3933 1843 3982 vel
1869 3935 2065 4000 potius,
2085 3944 2142 3982 ut
2167 3933 2333 3982 multis
2359 3933 2600 3998 exemplis

451 4024 555 4056 non
586 4008 801 4057 creditur
814 4011 838 4056 ἓ
1569 4024 1762 4064 constat
1782 4048 1799 4074 ,
1843 4014 2142 4063 credendum
2189 4030 2360 4064 eorum
2397 4025 2599 4062 matrem
