2984 4684
457 343 551 416 30
1109 339 1207 408 Μ.
1249 337 1330 406 Τ.
1381 337 1945 408 CICERONIS

417 511 424 516 ·
455 485 778 558 cureque
817 454 1246 530 conceditur
1277 481 1295 524 ε
1349 459 1464 527 cui
1514 458 1831 554 magistri
1852 457 1881 506 ⁴
1916 451 2143 550 fiunfi,
2196 469 2271 526 et
2311 456 2589 527 domini

455 573 1027 656 constituuntur,
1052 571 1208 664 qui,
1233 589 1380 665 qua
1405 566 1565 664 lege
1591 581 1665 638 et
1690 589 1837 664 qua
1868 564 2287 636 conditione
2313 581 2591 664 pereat,

451 684 972 784 pronuntient3
1001 677 1092 749 de
1125 703 1276 775 quo
1310 676 1611 748 homine
1642 677 1995 776 praeconis
2023 698 2161 744 vox
2194 673 2591 774 praedicat⁵‚

455 809 530 866 et
558 793 874 893 pretium
917 785 1212 860 conficit
1227 815 1258 876 ς,
1284 786 1460 858 huic
1500 785 2041 858 acerbissimum
2086 787 2253 855 vivo
2285 784 2592 856 videnti·

455 929 602 1004 que
636 901 860 974 funus
895 895 1280 988 ducitur⁶3
1321 901 1380 970 si
1415 897 1638 969 funus
1684 897 1759 968 id
1793 893 2214 967 habendum
2260 899 2383 983 sit,
2436 921 2589 993 quo

456 1036 608 1084 non
658 1012 868 1082 amici
915 1011 1364 1080 conveniunt
1405 1007 1499 1080 ad
1548 1017 1925 1104 exsequias
1976 1005 2590 1094 cohonestandaS,

457 1120 583 1195 sed
636 1120 1002 1192 bonorum
1058 1132 1458 1217 emptoreS,
1500 1131 1585 1187 ut
1628 1115 1999 1193 carnifices
2016 1127 2072 1205 ⁷,
2119 1114 2213 1186 ad
2251 1117 2591 1214 reliquias

453 1235 618 1303 vitae
647 1228 1060 1303 lacerandas
1095 1243 1170 1298 et
1200 1225 1725 1298 distrahendas.

549 1351 740 1420 XVI.
771 1349 1024 1442 Itaque
1063 1345 1369 1440 majores
1406 1345 1634 1413 nostri
1680 1366 1841 1412 raro
1878 1339 1957 1411 id
1980 1339 2312 1411 accidere
2348 1341 2595 1412 volue-

455 1471 632 1529 runt
651 1482 671 1545 ;
687 1469 1052 1555 praetoreS,
1071 1469 1157 1525 ut
1182 1451 1631 1526 considerate
1651 1450 1859 1523 fieret
1877 1506 1898 1538 ,
1921 1465 2523 1549 comparaverunt
2538 1461 2589 1524 ¹.

457 1571 612 1639 Viri
641 1567 820 1639 boni
843 1621 862 1654 ,
884 1591 1118 1664 quum
1145 1565 1382 1662 palam
1409 1563 1863 1651 fraudantur,
1895 1586 2128 1660 quum
2161 1559 2593 1660 experiundi

455 1689 775 1775 potestas
831 1699 984 1745 non
1029 1689 1168 1762 est,
1221 1673 1470 1746 timide
1512 1689 1753 1745 tamen
1797 1687 1871 1744 et
1920 1672 2365 1771 pedetentim
2406 1675 2597 1744 istuc

459 1783 918 1856 descendunt
937 1838 956 1873 ,
982 1787 1054 1854 vi
1080 1806 1166 1854 ac
1193 1786 1621 1855 necessitate
1648 1785 1877 1854 coacti
1894 1837 1914 1870 ,
1940 1785 2183 1870 inviti,
2208 1783 2455 1853 multis
2478 1807 2598 1853 va·

459 1894 803 1964 dimoniis
835 1892 1135 1964 desertis
1152 1948 1172 1982 ,
1199 1917 1384 1991 saepe
1411 1894 1601 1965 illusi
1628 1917 1715 1964 ac
1741 1892 2090 1964 destituti.
2118 1892 2599 1964 Considerant

457 2006 655 2074 enim
672 2057 691 2090 ‚
716 2001 899 2100 quid
930 2017 1004 2074 et
1030 2016 1386 2100 quantum
1415 2005 1544 2092 sit,
1574 2004 1868 2074 alterius
1898 2001 2096 2073 bona
2120 2001 2595 2100 proscribere.

457 2118 497 2184 J
503 2111 798 2208 ugulare
822 2113 1052 2183 civem
1077 2136 1168 2183 ne
1186 2113 1354 2208 jure
1384 2112 1685 2211 quidem
1713 2116 2102 2210 quisquam
2134 2112 2377 2184 bonus
2402 2114 2595 2185 vult:

463 2223 738 2292 mavult
768 2225 963 2292 enim
993 2245 1584 2311 commemorare,
1604 2249 1707 2312 se,
1733 2247 1965 2322 quum
1999 2239 2245 2322 posset
2268 2223 2599 2322 perdere,

461 2335 893 2430 pepercisse,
924 2356 1170 2430 quam,
1205 2358 1434 2430 quum
1463 2359 1757 2433 parcere
1792 2339 2137 2434 potuerit,
2170 2336 2594 2434 perdidisse.

461 2447 628 2514 Haec
659 2444 736 2512 in
766 2441 1102 2514 homines
1140 2441 1651 2532 alienissimos,
1682 2445 2001 2543 denique
2031 2448 2596 2534 inimicissimOS,

461 2555 595 2622 viri
619 2550 798 2622 boni
823 2549 1139 2641 faciunt,
1162 2567 1236 2623 et
1271 2550 1654 2626 hominum
1679 2558 2227 2626 existimationis
2248 2611 2267 2644 ,
2300 2571 2374 2627 et
2397 2580 2595 2628 com-

467 2666 710 2735 munis
750 2662 1221 2735 humanitatis
1271 2688 1485 2736 causa
1510 2693 1527 2736 ε
1556 2681 1677 2754 ut,
1724 2691 1957 2763 quum
2000 2669 2137 2764 ipsi
2178 2665 2362 2736 nihil
2396 2668 2601 2738 alteri

459 2779 768 2846 scientes
811 2774 1465 2864 incommodarint,
1499 2775 1683 2846 nihil
1727 2779 1903 2875 ipsis
1944 2779 2109 2873 jure
2152 2775 2601 2864 incommodi

463 2883 720 2957 cadere
749 2888 997 2983 possit.
1040 2884 1152 2956 Ad
1181 2885 1679 2958 vadimonium
1718 2912 1870 2958 non
1902 2889 2123 2958 venit.
2166 2887 2398 2977 Quis?
2431 2893 2606 2960 Pro-

462 3064 591 3130 piter
618 3072 724 3110 acta
760 3061 860 3110 vita
894 3061 1112 3110 honesta
1144 3064 1316 3112 mortis
1342 3063 1487 3113 laud·
1647 3065 1697 3116 5.
1718 3065 1981 3114 Praedfcae.
2000 3065 2152 3126 Cujus
2178 3065 2394 3114 bominis
2423 3081 2607 3115 nomeu

467 3143 568 3208 tegi
602 3152 798 3208 potest;
846 3140 934 3189 sed
969 3141 1159 3189 homiui
1193 3143 1364 3207 probri
1403 3143 1487 3192 da-
1572 3145 1884 3209 pronuntiat,
1927 3155 1977 3193 et
1999 3146 2139 3206 cujus
2178 3160 2243 3193 ex
2266 3143 2413 3192 bonis
2438 3147 2489 3192 in
2519 3161 2601 3194 an-

467 3233 633 3270 mutto
669 3238 733 3269 ne
773 3221 858 3268 illa
901 3219 1101 3285 quidem
1147 3223 1487 3288 recuperanda
1576 3226 1737 3274 ctione
1790 3223 2003 3272 venditis
2052 3225 2325 3274 confectam
2378 3226 2606 3290 pecunia

467 3303 607 3351 famae
645 3302 770 3350 ratio
804 3312 1048 3366 προνοεῖς
1077 3318 1230 3365 quum
1257 3305 1491 3352 moriatur
1575 3318 1809 3352 summam
1836 3302 2035 3366 publice
2062 3305 2248 3352 recitat.

469 3381 684 3447 quodam
705 3381 855 3430 modo
881 3392 993 3430 ante
1016 3393 1237 3430 mortem.
1263 3384 1489 3432 Ceterum
1649 3383 1703 3430 6.
1720 3381 1963 3429 [adicitur
1986 3383 2119 3446 apud
2140 3384 2289 3432 Grut.
2316 3399 2345 3430 e
2370 3384 2608 3447 quibusd-

468 3461 594 3526 quid
621 3461 682 3511 de
709 3462 803 3509 isto
827 3459 1032 3522 juvenili
1053 3472 1106 3510 et
1135 3461 1392 3510 ambitioso
1420 3461 1492 3510 di·
1578 3459 1690 3510 edd.
1709 3473 1757 3510 et
1778 3461 1922 3510 Mss,
1944 3461 2070 3511 LV.
2090 3463 2142 3509 1..
2168 3461 2320 3511 Male.

469 3539 615 3589 cendi
642 3557 815 3606 genere
837 3541 1014 3590 cicero
1041 3541 1145 3604 ipse
1175 3543 1369 3602 sentiat,
1383 3540 1490 3591 vid.
1656 3557 1703 3602 ⁹7.
1740 3541 2019 3609 Garnfices.
2048 3541 2257 3589 Videtur
2292 3552 2457 3590 orator
2496 3553 2609 3592 toto

473 3621 528 3668 in
555 3622 690 3669 omt.
1582 3619 1679 3668 boc
1705 3619 1820 3669 loco
1839 3619 1903 3667 ad
1924 3631 2131 3668 veterem
2158 3621 2297 3669 illum
2322 3636 2507 3670 morem
2532 3639 2613 3672 re-

547 3709 597 3757 4.
648 3699 892 3765 Magistri.
937 3699 1020 3748 Sic
1060 3697 1370 3758 dicebantur,
1410 3701 1497 3764 qui
1582 3699 1791 3764 spicere,
1815 3714 1921 3763 quo
1942 3715 2004 3747 ex
2032 3701 2137 3749 XII
2164 3701 2303 3750 tabb.
2332 3699 2522 3765 legibus
2546 3701 2614 3749 li-

471 3779 618 3829 bonis
659 3779 935 3827 debitorum
977 3779 1174 3844 publice
1222 3779 1494 3830 vendendit
1582 3778 1721 3827 eebat
1746 3767 2073 3828 creditoribus
2095 3781 2387 3840 debitorem,
2404 3783 2489 3844 qui
2514 3781 2615 3830 sol-

475 3870 714 3926 praeerant
728 3894 744 3919 ,
785 3861 1070 3908 auctoritate
1102 3860 1324 3924 pretoria
1359 3855 1492 3924 (gall.
1582 3857 1744 3906 vendo
1759 3865 1860 3906 non
1874 3869 1996 3921 erat,
2016 3875 2195 3919 secare,
2209 3871 2259 3909 ct
2277 3862 2382 3922 ejus
2396 3861 2615 3910 membra

475 3941 648 4006 {radic
670 3939 754 3990 des
775 3937 1084 4004 creant-iem).
1109 3939 1310 3988 Domini
1332 3950 1494 3988 autem
1582 3937 1709 3984 inter
1727 3953 1777 3984 se
1803 3938 1987 4002 partiri.
2003 3938 2125 3987 vid.
2148 3941 2209 3988 A.
2228 3939 2357 3990 Gell.
2378 3941 2503 4000 XX,
2532 3958 2575 3989 1.

475 4024 740 4073 creditores
767 4030 903 4070 erant
923 4053 938 4080 ,
960 4019 1049 4083 qui
1085 4017 1215 4067 bona
1243 4018 1394 4068 vendi
1415 4020 1494 4080 jn·
1653 4018 1793 4065 XVI.
1846 4033 1893 4065 1.
1945 4019 2378 4086 Compar-averunt.
2424 4019 2617 4072 Edictis

476 4103 674 4152 bebant.
1586 4094 1964 4146 constituerunt.
