2984 4684
501 377 634 450 116
709 439 715 445 .
1133 384 1232 452 M.
1285 384 1365 452 T.
1418 383 1979 455 CICERONIS

487 501 844 589 homines,
865 517 1085 600 atque
1115 503 1299 576 adeo
1331 509 1521 577 inter
1546 509 1747 577 vivos
1770 503 2355 577 numerabitur*
2378 507 2462 576 In
2492 509 2623 577 mi·

489 615 704 683 nimis
735 614 1179 711 privatisque
1211 613 1430 687 rebus
1461 618 1679 688 etiam
1725 617 2161 714 negligentia
2191 616 2511 687 mandati
2544 620 2647 686 in·

485 725 758 822 crimen
766 721 1274 822 judiciumque
1292 723 1638 797 infamiae³
1656 741 1980 816 vocatur,
1995 741 2383 826 propterea
2395 725 2622 825 quod,

487 835 546 902 si
579 847 772 904 recte
804 829 930 904 fiat
944 836 1000 922 4,
1030 834 1238 904 illum
1276 837 1640 933 negligere
1667 851 2036 936 oporteat,
2069 839 2197 935 qui
2222 836 2620 925 mandarit;

463 967 637 1013 ·non
665 944 893 1032 illum,
918 947 1048 1041 qui
1081 945 1505 1016 mandatum
1532 950 1928 1045 receperit:
1961 950 2039 1017 in
2070 971 2147 1019 re
2178 961 2414 1035 tanta,
2458 970 2621 1044 quae

481 1051 772 1151 publice
800 1069 996 1151 gesta
1022 1068 1244 1153 atque
1269 1060 1651 1128 commissa
1680 1061 1805 1146 sit,
1832 1060 1963 1155 qui
1990 1081 2143 1128 nou
2182 1057 2620 1154 negligentia

478 1167 840 1262 privatum
865 1164 1166 1262 aliquod
1199 1165 1670 1236 commodum
1702 1167 1995 1256 laeserit,
2022 1166 2150 1238 sed
2178 1165 2482 1265 perfidia
2512 1168 2618 1240 le-

481 1277 789 1372 gationis
823 1277 1052 1374 ipsius
1095 1279 1581 1347 caerimoniam
1600 1273 1631 1320 ⁵
1663 1277 2030 1375 polluerit,
2057 1279 2480 1375 maculaque
2510 1275 2617 1348 af-

477 1384 753 1473 fecerit,
776 1410 926 1484 qua
949 1389 1011 1456 is
1038 1385 1330 1458 tandem
1356 1410 1580 1484 poena
1599 1384 2141 1459 afficietur?aut
2162 1411 2323 1484 quo·
2340 1385 2617 1484 judicio

479 1495 986 1568 damnabitur?

573 1609 644 1677 Si
677 1605 867 1676 hanc
897 1607 964 1676 ei
997 1627 1150 1676 rem
1189 1608 1526 1702 privatim
1557 1611 1714 1679 Sex.
1754 1609 2059 1679 Roscius
2098 1605 2615 1698 mandavisset,

473 1732 559 1788 ut
580 1741 750 1788 cum
773 1713 1250 1811 Chrysogono
1279 1720 1704 1814 transigeret
1726 1733 1948 1815 atque
1971 1717 2363 1807 decideret,
2388 1721 2615 1816 inque

473 1851 633 1900 eam
663 1850 815 1897 rem
838 1822 1062 1897 fidem
1089 1849 1317 1915 suam,
1349 1830 1408 1898 si
1442 1827 1622 1926 quid
1656 1853 1843 1927 opus
1876 1853 2029 1901 esse
2054 1844 2369 1928 putaret,
2394 1833 2615 1901 inter-

470 1951 821 2038 poneret:
845 1935 1000 2024 ille,
1031 1938 1161 2033 qui
1189 1961 1342 2008 sese
1371 1936 1734 2008 facturum
1766 1941 2187 2036 recepisset,
2224 1963 2515 2027 nonne,
2546 1941 2607 2008 si

471 2074 561 2120 ex
587 2072 674 2119 eo
703 2047 998 2142 negotio
1013 2046 1415 2145 tantulum'
1397 2071 1472 2116 m
1504 2071 1657 2118 rem
1673 2073 1879 2118 suam
1897 2050 2390 2138 convertisset,
2414 2048 2615 2120 dam-

369 2201 384 2210 ·
469 2173 682 2228 natus
699 2180 830 2254 per
850 2152 1276 2244 arbitrumfl,
1311 2171 1386 2227 et
1405 2181 1561 2228 rem
1581 2161 2027 2247 restitueret,
2055 2173 2127 2229 et
2151 2157 2607 2232 honestatem

471 2291 768 2340 omnem
799 2266 1200 2337 amitteret?

563 2381 780 2449 Nunc
806 2400 958 2446 non
984 2373 1174 2446 hanc
1197 2378 1269 2446 ei
1304 2400 1456 2447 rem
1487 2379 1644 2449 Sex.
1677 2380 1979 2450 Roscius
2002 2378 2407 2470 mandavit3
2442 2379 2608 2470 sed,

468 2488 546 2561 id
565 2486 769 2586 quod
789 2487 1020 2558 multo
1040 2489 1325 2583 gravius
1345 2502 1453 2559 est
1467 2542 1487 2577 ,
1528 2490 1682 2586 ipse
1707 2491 1865 2561 Sex.
1882 2493 2185 2561 Roscius
2206 2515 2373 2562 cum
2399 2489 2607 2582 fama,

466 2602 636 2687 vita,
653 2597 1016 2694 bonisque
1036 2595 1381 2670 omnibus
1410 2621 1454 2669 a
1479 2597 1999 2671 decurionibus
2029 2600 2323 2700 publice
2348 2606 2605 2674 Roscio

465 2852 686 2902 Lambin.
705 2852 956 2901 lamentian
985 2861 1150 2902 autem
1183 2853 1492 2919 suppleverat
1579 2853 1775 2919 sequuti
1828 2867 1945 2906 suut
1992 2855 2175 2906 Olivet.
2220 2855 2521 2905 hllemmd.
2557 2865 2607 2904 et

478 2953 502 2976 α
517 2931 696 2979 damno
740 2931 908 2980 vivum
927 2949 950 2974 n
963 2965 979 2992 ,
1019 2947 1130 2996 quoe
1178 2932 1324 2994 verba
1377 2945 1491 2984 aute
1574 2931 1778 2984 Schiitz.

464 3035 489 3054 «ι
503 3014 690 3074 ignom.
732 3021 914 3060 mort.»
952 3023 1198 3076 posuerat.
1245 3013 1341 3062 sed
1387 3016 1490 3076 jam
1653 3022 1701 3070 4.
1735 3013 1791 3062 Si
1822 3014 2085 3083 rectefiae.
2120 3015 2172 3062 si
2198 3013 2269 3074 is,
2305 3013 2387 3062 cui
2423 3031 2501 3062 res
2532 3023 2605 3062 est

465 3093 744 3151 conjectura
771 3105 873 3138 non
900 3105 1026 3155 opus
1045 3101 1136 3140 est.

533 3187 588 3220 ο.
611 3169 974 3220 Νωιιεναόἰεειν.
1011 3173 1058 3218 1³
1092 3183 1198 3219 uon
1221 3171 1370 3219 modo
1397 3171 1486 3220 ho-

464 3261 700 3300 nestatem
737 3249 956 3310 amittat,
995 3248 1083 3297 sed
1123 3249 1271 3298 vitam
1314 3251 1484 3314 ipsam.

462 3334 655 3396 Dignus
675 3339 764 3390 est,
778 3328 981 3394 quinon
1000 3327 1150 3376 modo
1174 3345 1236 3377 ex
1259 3329 1489 3379 honesto-

461 3429 570 3459 rum
585 3445 599 3470 ,
633 3409 720 3458 sed
743 3411 969 3457 vivorum
999 3410 1143 3457 etiam
1171 3425 1378 3457 numero
1403 3427 1488 3458 ex-

461 3502 724 3555 pungatur,
739 3491 826 3554 qui
850 3490 975 3538 tanti
993 3489 1209 3537 criminis
1230 3505 1341 3537 reus
1361 3501 1448 3540 est.

533 3571 579 3617 3.
603 3570 844 3634 Insamioe.
875 3571 935 3616 In
957 3568 1147 3617 levibus
1180 3567 1324 3615 rebus
1349 3585 1482 3616 man-

461 3647 632 3695 datarii
651 3647 944 3712 negligentia
972 3650 1157 3698 crimen
1181 3647 1331 3695 habet
1351 3664 1486 3696 mnu-

460 3726 562 3774 dati
581 3726 704 3774 male
723 3728 844 3790 gesti
857 3762 872 3788 ,
897 3743 955 3775 ιο
976 3729 1122 3776 etiam
1136 3727 1326 3788 judicio
1350 3727 1486 3792 turpi

458 3805 678 3870 punitur.
705 3809 839 3853 Loco
871 3804 1094 3870 infamioe
1129 3807 1184 3854 iu
1217 3816 1335 3856 vett.
1361 3805 1479 3853 edd.

452 3883 632 3948 legitur
645 3882 874 3948 infamia,
902 3901 1046 3949 quam
1064 3885 1268 3938 omniuo
1293 3901 1484 3950 expun-

455 3965 526 4029 git
557 3965 720 4011 Graev.
743 3967 1042 4014 Hotomanu.
1073 3975 1261 4024 autem,
1306 3967 1479 4013 Faeru.

453 4042 678 4092 Lambin.
724 4039 910 4106 infame
925 4077 940 4102 ,
991 4045 1185 4093 Manat.
1241 4043 1476 4109 infamiae.

453 4123 662 4174 Raeciol.
689 4121 998 4189 «judiciique
1013 4123 1260 4174 infamiam
1275 4147 1318 4189 ιο,
1336 4141 1480 4188 quem

1578 3093 1800 3142 mandata
1814 3129 1829 3156 ,
1847 3109 2046 3142 munere
2064 3093 2295 3156 fungatur
2321 3093 2465 3156 probi
2483 3093 2602 3152 viri,

1578 3171 1641 3220 de
1666 3189 1721 3220 ea
1746 3189 1800 3222 re
1822 3189 1925 3223 uon
1945 3174 2045 3234 jam
2073 3172 2217 3220 debet
2244 3188 2349 3220 esso
2366 3172 2603 3222 sollicitus

1576 3251 1849 3318 mandator,
1880 3251 1967 3300 sed
2002 3252 2055 3300 in
2091 3253 2224 3313 eius,
2261 3251 2343 3298 cui
2378 3251 2601 3300 mandata

1576 3343 1675 3392 est,
1700 3331 1798 3380 fide
1822 3343 1875 3380 et
1897 3331 2147 3395 diligentia
2167 3331 2493 3394 acquiescere.
2524 3331 2600 3379 Sic

1576 3411 1797 3460 Lambin.
1818 3422 1869 3458 et
1892 3411 2084 3459 Manut-
2122 3410 2455 3473 Heusingerus
2486 3425 2599 3458 vem

1576 3491 1647 3537 sio
1676 3489 1921 3554 explicat:
1966 3489 2019 3538 Si
2040 3488 2166 3536 ratio
2200 3489 2263 3535 sit
2284 3487 2472 3553 aliqua,
2514 3505 2599 3536 cur

1575 3585 1651 3618 res
1676 3568 1901 3616 mandata
1926 3567 2225 3632 negligatur,
2247 3583 2353 3615 uon
2376 3568 2419 3615 is
2436 3567 2589 3632 negli-

1574 3663 1687 3712 gere
1708 3647 1883 3705 debet,
1920 3647 2003 3694 cui
2036 3662 2091 3694 en
2124 3646 2188 3693 sit
2212 3645 2439 3694 mandata
2457 3681 2476 3708 ,
2512 3645 2597 3694 sed

1571 3728 1659 3790 qui
1676 3726 1931 3775 manduit.
1948 3728 2030 3774 Sic
2060 3729 2205 3774 etiam
2226 3728 2423 3775 Emest.

1644 3807 1697 3854 5.
1727 3805 2085 3856 Coerimoniam.
2110 3806 2425 3854 sanctitatem
2446 3805 2601 3853 iuvio-

1568 3883 1737 3934 latam.
1763 3887 1843 3934 Sic
1863 3887 2009 3934 Tuae.
2042 3887 2099 3948 1,
2138 3899 2200 3934 η
2224 3902 2237 3933 =
2280 3906 2307 3927 ι
2326 3884 2599 3934 caerimonia

1568 3966 1901 4030 sepulcrorum
1924 3987 1965 4016 ι.

1639 4045 1695 4093 6.
1724 4045 1997 4094 Arbitrum.
2036 4046 2096 4092 In
2133 4046 2239 4106 eius
2279 4044 2471 4106 musis,
2495 4057 2599 4107 quae

1568 4135 1707 4176 aaut
1747 4123 1865 4175 fidei
1908 4125 2053 4174 boue
2092 4124 2281 4174 arbe'oer
2310 4123 2564 4185 judicabat
2576 4153 2595 4184 ,
