2984 4684
790 419 899 488 IN
949 411 1376 491 VERREM
1423 421 1789 506 ACT.11‚
1839 423 2027 491 Lm.
2062 424 2113 490 1.
2371 419 2507 516 327

383 539 790 635 adjutorem
807 564 1022 611 suum
1051 553 1124 611 et
1159 545 1531 614 conscium
1549 596 1569 631 ,
1593 565 1851 640 parum
1883 541 2118 638 laute}
2150 539 2509 614 deversari

380 650 596 740 di'cit3
626 649 719 721 ad
748 649 1249 722 Philodamum
1278 651 1537 724 deduci
1569 651 1797 749 jubet.
1820 651 2039 742 Quod
2056 651 2187 723 ubi
2220 666 2331 724 est
2352 653 2511 724 Phi-

381 760 672 832 lodamo
712 762 1157 849 nuntiatum,
1201 764 1484 836 tametsi
1505 759 1535 806 ⁵
1580 777 1736 835 erat
1770 766 2097 860 ignaruS,
2154 777 2511 859 quantum

378 869 628 944 sibiae
662 871 910 944 liberis
929 879 1078 946 suis
1096 874 1246 971 jam
1274 889 1432 946 tum
1451 874 1621 946 mali
1649 877 2234 964 constitueretur,
2264 887 2510 946 tamen

378 980 470 1053 ad
494 984 712 1055 istum
743 984 978 1074 venit3
1006 983 1360 1072 ostendit,
1379 1009 1649 1057 munus
1674 982 1859 1055 illud
1890 1007 2102 1055 suum
2137 1007 2291 1054 non
2317 1007 2507 1054 esse:

377 1117 478 1180 se,
506 1117 735 1190 quum
767 1117 912 1166 suae
933 1092 1220 1192 partes⁶
1241 1109 1481 1167 essent
1513 1094 1887 1192 hospitum
1910 1089 2511 1191 recipiendorum,

375 1215 532 1276 tum
561 1205 756 1301 ipsos
788 1217 1030 1276 tamen
1061 1219 1406 1304 praetores
1438 1217 1513 1276 et
1540 1203 1897 1292 consuler„
1926 1227 2078 1274 non
2106 1202 2506 1300 legatorum

373 1314 706 1404 assecla,
742 1320 1064 1415 recipere
1094 1317 1348 1390 solere.
1386 1323 1531 1390 Iste
1552 1372 1573 1406 ,
1622 1317 1750 1414 qui
1782 1341 1929 1388 una
1966 1314 2362 1413 cupiditate
2398 1338 2509 1384 ra-

373 1440 694 1523 peretur,
712 1441 950 1500 totum
983 1427 1172 1500 illius
1187 1427 1640 1528 postulatum
1662 1436 2131 1524 causamque⁷
2150 1423 2505 1525 ‘neglexit3
2584 1465 2595 1474 ·

372 1538 511 1632 ὼ·
529 1537 674 1606 vim
703 1537 795 1608 ad
822 1563 990 1610 eum
1012 1592 1032 1626 ‚
1064 1541 1192 1635 qui
1226 1541 1553 1636 recipere
1582 1562 1734 1608 non
1766 1534 2115 1622 debebat,
2149 1533 2507 1607 Rubrium

371 1644 634 1718 deduci
671 1647 1066 1746 imperavit.

467 1759 716 1828 XXVI.
749 1760 878 1828 Hic
914 1756 1411 1845 PhilodamuS,
1452 1772 1925 1857 posteaquam
1957 1755 2075 1850 jus
2121 1777 2332 1825 suum
2377 1749 2509 1822 ob-

370 1869 608 1939 tinere
632 1892 780 1939 non
811 1870 1077 1966 potuit,
1093 1883 1174 1940 ut
1203 1869 1730 1940 humanitatem
1754 1863 2503 1958 consuetudinemque

370 2001 575 2048 suam
607 1979 974 2064 retineret,
1010 1977 1451 2052 laborabat¹.
1475 1985 1755 2068 Homo,
1788 1981 1917 2076 qui
1943 1998 2231 2073 semper
2258 1972 2501 2068 hospi-

369 2088 756 2161 talissimus
806 2091 1420 2190 amicissimusque
1475 2105 1897 2162 nostrorum
1935 2087 2321 2159 hominum
2358 2086 2505 2154 exi-

369 2199 698 2271 stimatus
755 2216 976 2289 esset,
1033 2202 1270 2272 noluit
1321 2199 1549 2274 videri
1608 2204 1845 2301 ipsum
1890 2197 2096 2270 illum
2148 2193 2507 2285 Rubrium

371 2309 636 2379 invitus
653 2309 730 2380 in
749 2307 1052 2382 domum
1077 2336 1278 2382 suam
1307 2312 1661 2409 recepisse
1684 2306 2097 2406 3magnifice
2118 2319 2191 2376 et
2210 2317 2464 2376 ornate
2480 2356 2499 2386 ‚

373 2432 454 2487 ut
479 2419 729 2490 eratin
755 2420 1006 2517 primis
1035 2421 1225 2492 inter
1251 2444 1418 2491 suos
1459 2424 1797 2517 copiosus
1814 2473 1833 2499 ,
1870 2417 2283 2488 convivium
2313 2438 2503 2485 com-

371 2541 603 2624 parat:
655 2543 861 2626 rogat
898 2527 1292 2616 Rubrium,
1331 2543 1452 2615 ut,
1498 2552 1685 2624 quos
1726 2529 1791 2597 ei
1828 2524 2296 2598 commodum
2333 2525 2495 2608 εἰτ’,

369 2637 658 2723 invitet3
693 2634 934 2720 locum
967 2637 1106 2709 sibi
1140 2637 1314 2724 soli,
1350 2640 1409 2709 si
1443 2636 1798 2723 videatur,
1832 2636 2194 2732 relinquat
2225 2661 2240 2703 :
2286 2636 2497 2703 etiam

367 2745 599 2819 filium
622 2773 868 2838 suum,
893 2749 1362 2822 lectissimum
1393 2747 1923 2820 adolescentem
1948 2799 1969 2832 ,
1995 2743 2187 2815 foras
2212 2742 2299 2814 ad
2336 2767 2499 2840 pro-

367 2859 723 2957 pinquum
751 2883 966 2932 suum
1001 2857 1392 2958 quemdam
1428 2853 1694 2928 mittit3
1726 2854 1815 2926 ad
1846 2877 2153 2926 coenam.
2183 2851 2504 2924 Rubrius

439 3055 486 3104 4.
530 3049 713 3096 Parum
749 3049 900 3098 laute.
938 3049 1056 3098 Non
1100 3047 1214 3096 ntis
1253 3064 1388 3096 com-

367 3123 528 3173 mode.

439 3205 490 3253 5.
508 3203 590 3253 Sic
610 3205 829 3266 Nonius,
847 3209 937 3266 lv,
955 3209 1040 3269 67.
1061 3205 1193 3255 olim
1215 3205 1388 3253 edeba-

367 3293 448 3330 tur
477 3283 638 3332 minus
667 3285 1004 3350 probabiliter,
1030 3309 1056 3330 a
1069 3285 1262 3334 tametsi
1285 3299 1386 3332 non

367 3371 469 3408 erat
483 3362 678 3425 ignarus
692 3385 734 3414 n.
753 3366 878 3413 J.v.
907 3367 958 3412 L.
978 3391 1052 3402 —-
1068 3365 1277 3414 Codices
1292 3379 1386 3429 pro

367 3443 590 3489 «tametsi
604 3463 630 3484 ιο
663 3459 840 3508 magno
885 3459 1126 3492 consensu
1165 3443 1388 3492 scribunt

367 3529 569 3568 ttamen
600 3521 689 3570 etsi
709 3543 731 3564 ι
749 3556 764 3581 ,
803 3538 950 3585 quam
993 3539 1167 3571 vocem
1201 3523 1251 3570 h.
1278 3522 1312 3569 l.
1337 3532 1388 3570 et

366 3598 536 3647 multis
555 3598 662 3646 aliis
681 3600 907 3650 Ciceroni
923 3599 1266 3648 restituendam
1285 3617 1386 3650 esse

368 3688 532 3726 censet
549 3679 864 3728 Muret.Vnr.
891 3678 1004 3729 lect.
1027 3681 1136 3740 11,
1165 3695 1245 3742 17.

436 3755 492 3806 6.
530 3759 646 3805 Sum
675 3768 861 3822 partes.
908 3759 1020 3806 Suae
1067 3760 1215 3807 vices.
1265 3758 1388 3808 Inde

366 3847 572 3901 apparet
612 3853 737 3889 onus
777 3837 1044 3904 recipiendi
1079 3854 1206 3887 rom.
1237 3840 1388 3902 magi-

367 3925 542 3964 stratus
567 3931 630 3966 ex
654 3917 834 3966 foedere
857 3917 1190 3982 locupletibus
1225 3918 1387 3966 mnni-

367 3993 560 4058 dpibnn
590 3996 815 4060 injungi3
852 3998 938 4061 qni
975 3997 1073 4045 isto
1103 3993 1269 4043 officio
1296 3997 1393 4044 sin-

369 4072 472 4132 guli
533 4091 622 4139 per
690 4075 912 4124 ordinem
987 4075 1392 4140 def-angebantur.

367 4149 680 4202 Philodamus
703 4165 864 4203 nutem
884 4155 1026 4202 Verri
1054 4171 1105 4204 se
1133 4153 1396 4218 dupliciter

1475 3045 1768 3096 excusabat:
1796 3054 1899 3093 tum
1924 3044 2040 3108 quia
2064 3027 2170 3108 ipse
2188 3059 2289 3092 non
2312 3054 2415 3092 erat
2440 3059 2500 3090 eo

1475 3142 1607 3174 anno
1634 3141 1761 3174 unus
1783 3141 1845 3172 ex
1870 3123 2069 3174 delectis
2102 3121 2166 3170 ad
2190 3121 2499 3187 recipiendos

1473 3204 1721 3270 hospitem
1740 3215 1845 3254 tum
1864 3203 1979 3268 quia
1994 3237 2010 3262 ‚
2042 3217 2146 3267 quo
2170 3203 2263 3250 sibi
2284 3213 2502 3266 tempore

1475 3283 1529 3332 id
1546 3301 1575 3334 a
1604 3285 1802 3333 civitate
1818 3299 1995 3331 munus
2018 3281 2383 3345 injungebatur,
2408 3297 2501 3346 pro

1475 3380 1562 3411 sna
1608 3363 1845 3429 dignitate
1895 3378 1999 3411 non
2048 3360 2313 3424 recipiebat
2331 3395 2345 3419 ,
2407 3361 2503 3409 nisi

1475 3453 1707 3507 praetores
1728 3444 1889 3508 ipson,
1912 3457 2013 3489 non
2030 3441 2301 3506 legatorum
2318 3455 2502 3502 servos,

1474 3522 1635 3587 qualis
1671 3533 1773 3570 erat
1807 3522 1890 3571 hic
1922 3519 2155 3568 Rubrius.
2196 3520 2342 3570 Conf.
2361 3522 2500 3569 Vei-r.

1473 3603 1563 3662 w,
1590 3619 1611 3649 ι
1628 3617 1670 3648 1.

1549 3697 1573 3742 7
1586 3717 1598 3730 .
1622 3679 1849 3728 Causam.
1866 3678 2255 3735 Exeuntionem,
2272 3688 2327 3725 ut
2338 3677 2505 3742 paullo

1475 3759 1565 3810 inf.
1582 3775 1759 3808 «omen
1772 3759 1923 3823 magis
1939 3757 2166 3808 Patribus
2181 3759 2473 3822 conscriptis
2485 3791 2503 3818 ‚

1476 3855 1621 3904 quam
1646 3853 1788 3886 canu
1806 3837 2043 3901 placuit».

1546 3919 1741 3966 xxvl.
1777 3931 1825 3966 1.
1856 3917 2160 3966 Laborabat.
2196 3917 2499 3967 Enitebetur.

1552 4014 1600 4045 α.
1624 3994 1935 4044 Commodum
1958 3995 2034 4045 sie.
2063 3997 2205 4060 Quos
2226 3999 2270 4044 ei
2300 4000 2505 4045 invitare

1481 4076 1647 4125 libeat.

1554 4157 1603 4203 3.
1633 4155 1761 4203 Olim
1792 4153 2027 4204 edebatur
2055 4165 2149 4204 «nt
2181 4159 2323 4205 etiam
2352 4155 2527 4206 fllium'
