2984 4684
555 354 700 441 434
1203 357 1300 425 Μ.
1339 359 1421 426 Τ.
1475 355 2034 430 CICERONIS

647 479 778 550 Hic
817 499 1018 548 nunc
1077 475 1168 548 de
1211 479 1497 550 miseria
1540 477 1985 578 Siculorum,
2036 474 2359 570 judices,
2408 473 2678 548 audite.

546 595 636 660 Et
671 589 1038 660 Heraclius
1073 587 1192 658 ille
1227 591 1713 685 Syracusanus
1734 642 1757 675 ,
1794 600 1867 656 et
1901 585 2021 657 hic
2061 585 2353 657 Bidinus
2384 591 2678 684 Epicra-

548 712 690 785 tes»,
723 697 1000 796 expulsi
1035 695 1249 768 bonis
1276 696 1650 785 omnibuS,
1688 703 1991 768 Romam
2014 711 2371 767 venerunt
2398 723 2417 766 :
2446 695 2678 767 sordi-

547 807 732 894 dati,
756 807 1066 883 maxima
1093 805 1316 878 barba
1345 821 1419 877 et
1443 807 1727 903 capi110,
1756 811 1997 878 Romae
2025 806 2403 878 biennium
2442 831 2675 905 prope

543 915 856 988 fuerunt.
910 919 1158 1006 Quum
1204 922 1286 988 L.
1313 916 1651 988 Metellus
1688 917 1763 986 in
1808 917 2251 1013 provinciam
2300 913 2673 1013 profectus

541 1044 683 1116 est,
721 1042 874 1098 tum
908 1028 1022 1098 isti
1055 1026 1244 1098 bene
1281 1025 1766 1098 commendati
1798 1051 1965 1097 cum
1984 1025 2281 1097 Metello
2317 1051 2460 1096 una
2494 1051 2668 1124 pro·

541 1137 978 1209 ficiscuntur.
1011 1135 1345 1207 Metellus
1379 1134 1592 1206 simul
1620 1161 1701 1206 ac
1726 1139 1923 1206 venit
1954 1139 2370 1232 Syracusa5,
2400 1149 2675 1228 utrumf

539 1273 686 1344 que
713 1245 1002 1317 rescidit
1025 1299 1045 1328 ,
1073 1260 1149 1316 et
1169 1243 1262 1314 de
1288 1249 1617 1340 Epicrate
1636 1297 1654 1332 ‚
1681 1259 1753 1315 et
1785 1241 1875 1316 de
1895 1245 2246 1316 Heraclio·
2280 1250 2365 1316 In
2400 1250 2673 1317 utrius-

537 1345 682 1455 que
715 1357 928 1428 bonis
959 1355 1140 1426 nihil
1177 1369 1329 1426 erat
1347 1349 1400 1440 ⁸,
1432 1351 1635 1450 quod
1666 1354 1947 1427 restitui
1982 1368 2258 1452 posset3
2293 1356 2431 1426 nisi
2466 1355 2673 1452 quod

543 1467 816 1538 moveri
857 1464 1018 1536 loco
1057 1489 1210 1535 non
1253 1477 1559 1561 poterat.

633 1581 888 1648 XXVI.
923 1577 1215 1646 Fecerat
1240 1573 1391 1644 haec
1419 1576 1703 1672 egregie
1724 1575 1963 1672 primo
1980 1572 2295 1645 adventu
2310 1573 2671 1658 Metellus,

535 1703 620 1758 ut
653 1711 907 1758 omnes
943 1687 1148 1756 istius
1191 1685 1527 1777 injurias,
1568 1708 1750 1781 quas
1792 1683 2012 1754 modo
2056 1698 2345 1781 posset,
2385 1685 2667 1754 rescin-

535 1798 773 1886 deret,
818 1813 891 1868 et
931 1795 1166 1866 irritas
1209 1793 1498 1866 faceret.
1541 1793 1948 1866 Heraclium
1990 1795 2274 1866 restitui
2302 1793 2664 1888 jusserat:

535 1934 688 1978 non
741 1905 1254 1979 restituebatur
1279 1915 1338 1974 ¹:
1387 1905 1719 2001 quisquis
1768 1915 1965 1976 erat²
2022 1902 2325 1976 eductus
2378 1919 2673 1978 senator

531 2021 1016 2113 Syracusanus
1063 2015 1154 2086 ab
1191 2014 1523 2085 Heraclio
1546 2069 1567 2100 ,
1609 2013 1777 2086 duci
1811 2013 2117 2109 jubebat
2154 2041 2172 2083 ε
2214 2015 2461 2112 itaque
2505 2038 2671 2113 per·

531 2129 740 2199 multi
761 2127 960 2198 ducti
983 2142 1175 2196 sunt.
1199 2126 1562 2222 Epicrates
1584 2124 1885 2221 quidem
1914 2127 2266 2198 continuo
2294 2126 2670 2199 restitutus

533 2251 662 2308 est.
708 2235 859 2308 Alia
884 2235 1155 2330 judicia
1188 2233 1514 2330 Lilybaei,
1552 2235 1687 2305 alia
1719 2237 2121 2332 Agrigenti,
2160 2235 2295 2306 alia
2330 2241 2669 2308 Panormi

532 2349 862 2419 restituta
889 2359 1079 2416 sunt.
1121 2346 1394 2416 Census
1412 2341 1465 2432 3,
1504 2347 1635 2442 qui
1674 2347 2159 2444 isto.praetore
2194 2359 2365 2416 sunt
2390 2344 2621 2417 habiti
2644 2401 2666 2434 ‚

532 2483 684 2528 non
738 2470 1184 2528 servaturum
1235 2477 1350 2538 se,
1394 2455 1729 2528 Metellus
1776 2455 2242 2528 ostenderat:
2282 2456 2664 2540 decumas,

532 2591 713 2664 quas
754 2569 886 2638 iste
937 2580 1188 2636 contra
1223 2563 1454 2662 legem
1492 2565 1943 2638 Hieronicam
1981 2565 2471 2652 vendiderat⁴,
2506 2591 2667 2640 sese

529 2677 997 2748 venditurum
1055 2676 1436 2745 Hieronica
1487 2674 1681 2772 lege,
1726 2675 2004 2748 dixerat
2022 2673 2075 2746 ⁵.
2128 2675 2387 2746 Omnia
2448 2691 2666 2748 erant

529 2785 797 2858 Metelli
833 2783 1218 2883 ejusmodi,
1247 2801 1330 2856 ut
1361 2800 1585 2857 totam
1625 2788 1829 2858 istius
1862 2783 2295 2885 praeturamss
2330 2797 2663 2858 mtexere

1636 2997 1746 3029 eum
1768 2982 1998 3030 Metellus
2020 2981 2136 3030 duci
2157 2982 2211 3028 in
2228 2980 2425 3030 vincula
2440 2980 2663 3043 jubebat,

527 2997 588 3030 co
607 2981 790 3044 redegit
804 2981 1088 3044 pecuniam,
1111 2989 1206 3028 etc.
1231 2991 1288 3028 ut
1303 2979 1409 3028 hac
1421 3015 1436 3039 ‚
1451 2991 1545 3030 etc.

1637 3063 1713 3110 vel
1730 3077 1840 3110 eum
1864 3061 2089 3112 Reteclio
2116 3061 2391 3110 addicebat.
2426 3061 2526 3110 Pro
2544 3061 2665 3108 edu·

601 3063 654 3111 8.
678 3059 818 3110 Nihil
829 3071 954 3109 erat.
977 3062 1077 3108 Res
1101 3060 1232 3107 enim
1259 3060 1467 3108 mobiles
1487 3074 1551 3109 ex

525 3141 691 3190 edicto
734 3137 944 3186 vendita
986 3155 1042 3186 ne
1091 3154 1177 3202 per
1213 3139 1371 3187 varios
1409 3139 1549 3190 locos

531 3223 759 3285 dispersa
797 3217 928 3266 haud
964 3217 1102 3266 facile
1141 3233 1306 3266 rursus
1338 3219 1548 3267 inveniri

527 3312 576 3348 et
631 3299 819 3348 restitui
870 3307 1111 3361 poterent.
1164 3298 1381 3362 Appanet
1427 3298 1544 3346 inde

527 3379 732 3432 omnino
755 3379 810 3424 in
834 3375 1100 3440 provinciis
1125 3375 1319 3424 licuisse
1343 3377 1546 3441 pratori

523 3455 828 3514 succedenti,
856 3470 884 3502 a
899 3453 1204 3518 precedente
1221 3465 1428 3519 praetore
1439 3471 1544 3504 rem

521 3537 783 3600 judicatam
835 3533 1119 3583 rescindere.
1171 3533 1315 3582 Conf.
1363 3535 1512 3583 Gaius
1526 3571 1542 3598 ,

527 3619 615 3675 lv,
643 3617 760 3673 105,
792 3613 905 3662 106.

593 3693 786 3744 XXVI.
813 3709 859 3742 ι.
877 3693 940 3740 In
965 3689 1078 3740 cod.
1101 3693 1249 3740 veteri
1272 3691 1406 3757 apud
1423 3695 1543 3744 ssot.

524 3797 548 3815 ι-
562 3775 606 3820 vi
632 3771 1028 3822 restituebatur».
1051 3770 1196 3819 Male.
1219 3771 1272 3820 J.
1290 3775 1353 3820 V.
1379 3773 1434 3820 L.

595 3869 643 3900 a.
675 3850 902 3916 Quisquis
925 3861 1045 3900 erat.
1083 3851 1315 3914 Quicquie
1345 3859 1542 3900 senator

519 3935 851 3996 Syracusanus
877 3929 939 3976 eb
970 3929 1199 3978 Heraclio
1227 3931 1280 3978 in
1298 3929 1540 3991 judicium

519 4011 698 4058 duetus
738 4019 884 4066 esset,
931 4018 1188 4071 propterea
1227 4009 1362 4073 quod
1405 4009 1536 4059 bona
1612 4047 1619 4054 .

1635 3154 1739 3190 ctus
1770 3141 1941 3190 Lunb.
1966 3157 1995 3188 e
2020 3139 2135 3191 eod.
2154 3141 2295 3190 Febr.
2322 3139 2461 3188 dedit
2478 3139 2659 3188 clitus.

1634 3221 1763 3347 Ml?
1810 3300 2003 3348 Census.
2056 3299 2357 3347 Facultatum
2418 3299 2658 3362 cujusque

1632 3389 1735 3427 eret
1757 3379 2035 3438 aetimatio,
2069 3395 2133 3427 ex
2165 3395 2261 3442 que
2299 3393 2444 3426 onera
2478 3379 2659 3442 cuique

1632 3457 2019 3522 imponebantur.
2060 3485 2157 3506 -—.
2182 3459 2294 3505 Non
2338 3469 2655 3507 servatur-un.

1631 3537 1759 3601 Quia
1784 3538 1949 3603 inique
1974 3549 2109 3586 erant
2138 3537 2390 3601 descripti.

1704 3625 1752 3672 4.
1788 3615 2097 3665 Vendideram
2124 3619 2391 3665 Loceverat
2430 3614 2657 3680 publice·

1630 3695 1729 3745 nis.
1758 3699 1902 3744 'Vei-r.
1932 3697 2020 3754 Π,
2058 3697 2107 3742 6.

1703 3773 1749 3824 5.
1784 3774 2008 3822 Dixerat.
2032 3773 2197 3821 Editio
2212 3771 2525 3821 ‘verrinarum
2550 3774 2655 3838 pri-

1629 3869 1703 3902 ma
1716 3891 1731 3916 ,
1757 3853 1996 3901 edixerat.
2028 3855 2177 3901 Forte
2208 3851 2391 3900 excidit
2420 3851 2563 3900 litere
2584 3852 2653 3900 ob

1628 3933 1843 3982 ultimam
1869 3931 2187 3990 praecedentis
2208 3931 2360 3978 verbi.
2380 3933 2413 3980 J
2418 3931 2498 3980 N.
2516 3935 2577 3980 L.

1700 4013 1751 4062 6.
1777 4015 2070 4060 Fra-turam.
2102 4009 2269 4059 hmb.
2305 4021 2395 4058 «ιιι
2419 4026 2520 4058 non
2550 4021 2649 4058 tam

519 4088 728 4136 Heraclii
754 4103 782 4135 a
809 4105 859 4135 se
883 4103 1097 4150 possessa
1122 4101 1223 4134 non
1245 4088 1537 4151 restitueret,
1624 4104 1756 4140 sumn
1783 4107 1859 4155 pr.
1880 4104 2070 4155 gerere,
2088 4107 2233 4154 quam
2260 4089 2405 4144 istius
2432 4100 2649 4138 retexere
