2984 4684
758 377 871 446 IN
924 378 1357 449 VERREM
1407 379 1617 447 ACT.
1672 378 1782 465 ΙΙ,
1835 378 2029 446 LIB.
2085 378 2182 446 ΙΙ.
2396 375 2542 472 [469

492 502 606 570 LI.
636 497 877 571 Nolite
902 512 1321 596 exspectare
1337 553 1355 586 ,
1380 497 1557 576 dum
1591 523 1844 571 omnes
1865 498 2126 571 ob‘eam
2149 509 2170 542 ¹
2210 504 2538 570 oratione

398 633 559 680 mea
593 609 950 681 civitates:
993 609 1137 680 hoc
1166 634 1319 680 uno
1353 609 1800 708 complector
1825 613 2145 698 omnia2,
2173 609 2542 682 neminem

396 717 537 789 isto
568 732 889 817 praetore·
909 733 1317 792 senatorem
1350 717 1509 792 fieri
1546 721 1866 819 potuisse
1890 776 1909 809 ‚
1938 721 2074 793 nisi
2113 721 2240 828 qui
2271 722 2390 792 isti
2422 744 2544 818 pe-

395 831 689 898 cuniam
733 825 1067 900 dedisset.

493 942 653 1008 Hoc
688 935 877 1008 idem
903 936 1259 1010 transfero
1293 943 1368 1011 in
1402 944 1892 1038 magistratuS,
1923 943 2332 1014 curationes
2353 939 2410 1030 ³,
2438 965 2545 1014 sa·

396 1045 714 1118 cerdotia
750 1076 765 1118 :
803 1046 1074 1146 quibus
1110 1053 1185 1120 in
1218 1049 1439 1126 rebus
1466 1077 1620 1123 non
1652 1051 1890 1125 solum
1917 1051 2306 1124 hominum
2333 1055 2501 1148 jura
2524 1108 2543 1140 ‚

300 1219 303 1224 .
396 1155 525 1228 sed
562 1160 777 1230 etiam
820 1157 1125 1230 deorum
1161 1160 1550 1260 religiones
1579 1149 2104 1233 immortalium
2136 1185 2390 1232 omnes
2427 1187 2542 1233 re-

394 1266 745 1364 pudiavit.
788 1271 1155 1366 Syracusis
1196 1271 1313 1342 lex
1348 1287 1459 1344 est
1492 1271 1584 1343 de
1616 1271 1968 1370 religione
1989 1263 2047 1360 4,
2090 1296 2252 1369 quae
2292 1271 2367 1341 in
2416 1297 2540 1343 an·

394 1403 530 1450 nos
560 1378 887 1476 singulos
922 1383 1117 1451 Jovis
1150 1381 1598 1454 sacerdotem
1619 1379 1648 1425 ⁵
1698 1385 1959 1454 sortito
1996 1385 2157 1480 capi
2199 1377 2496 1478 jubeat⁶
2529 1410 2544 1451 z

395 1489 599 1586 quod
654 1489 848 1588 apud
896 1491 1059 1562 illos
1110 1492 1638 1591 amplissimum
1690 1492 2170 1564 sacerdotium
2221 1505 2546 1590 putatur.

394 1601 643 1690 Quum
677 1597 1037 1698 suffragiis
1064 1616 1212 1673 tres
1233 1627 1323 1673 ex
1354 1602 1591 1674 tribus
1609 1615 1634 1658 ⁷
1655 1601 2070 1700 ‘generibus
2091 1604 2310 1673 creati
2339 1614 2512 1672 sunt
2531 1655 2549 1686 ‚

395 1733 511 1782 res
561 1725 946 1781 revocatur
984 1711 1073 1782 ad
1110 1710 1403 1782 sortem‘.
1460 1710 1864 1786 Perfecerat
1905 1713 2036 1787 iste
2073 1713 2420 1808 imperim
2465 1725 2554 1782 ut
2597 1777 2618 1786 -

395 1844 533 1918 pro
579 1817 921 1924 stiffi-agio
960 1817 1536 1908 Theomnastusss-
1574 1820 1936 1894 familiaris
1983 1847 2158 1893 suus
2199 1810 2288 1892 in¹
2317 1819 2554 1892 tribus

398 1931 535 2002 illis
558 1934 1102 2004 renuntiaretur
1133 1961 1151 2003 :
1184 1936 1262 2004 in
1288 1949 1507 2022 sorte,
1524 1935 1646 2008 cui
1672 1935 2034 2033 imperare
2060 1957 2214 2004 non
2244 1947 2555 2030 poterat,

400 2041 917 2139 exspectabant
952 2033 1324 2133 homines,
1350 2043 1700 2142 quidnam
1731 2057 2026 2115 acturus
2052 2039 2264 2114 esset.
2293 2047 2555 2128 Homo,

398 2151 476 2225 id
517 2152 719 2251 quod
776 2169 928 2226 erat
967 2151 1389 2226 facillimum
1412 2211 1431 2244 ‚
1476 2155 1716 2254 primo
1752 2169 1950 2227 vetat
1999 2154 2239 2226 sortiri
2284 2182 2298 2223 :
2338 2152 2556 2250 jubet

398 2279 602 2336 extra
658 2281 928 2338 sortem
978 2267 1552 2339 Theomnastum
1615 2267 2038 2338 renuntiari.
2119 2267 2403 2361 Negant
2479 2262 2554 2334 id

400 2378 829 2472 Syracusani
869 2399 1003 2474 per
1045 2377 1433 2472 religiones
1478 2401 1851 2448 sacrorum
1915 2375 2066 2446 ullo
2117 2373 2342 2445 modo
2399 2373 2572 2443 fieri‘

401 2509 654 2584 posse;
694 2483 800 2556 fas
839 2484 1159 2580 denique
1204 2501 1473 2583 negant
1509 2510 1684 2557 esse.
1721 2483 2100 2558 Jubet·ille
2147 2482 2283 2554 sibi
2321 2484 2556 2579 legem

400 2597 718 2668 recitari:
748 2597 1133 2681 recitatum
1174 2597 1247 2668 in
1284 2619 1431 2692 qua
1468 2597 1818 2694 scriptum
1855 2608 2032 2700 erat,
2059 2597 2195 2680 UT,
2227 2616 2420 2675 Quor
2451 2615 2556 2662 Εε-

309 2755 318 2772 .
400 2711 571 2778 smvr
592 2729 1057 2794 ΒΕΝΠΝΤῙΛΤῙ,
1071 2730 1207 2776 'ro-r
1226 2730 1301 2777 nc
1324 2731 1662 2784 mmmm
1681 2727 1940 2776 son'rns
1959 2727 2561 2790 councssnmvrum

403 2843 621 2890 cums
655 2842 916 2890 nonme
963 2841 1262 2902 Emesam,
1304 2841 1397 2888 m·
1439 2840 1503 2888 1s
1550 2841 1881 2888 nannum·
1917 2840 1995 2885 ιι)
2036 2836 2561 2884 εΑοιζιωοΤωΜ.

404 2935 587 3016 Iste,
624 2929 851 3024 ¹homo
886 2929 1345 3026 ingeniosus9
1364 2942 1437 3000 et
1474 2941 1899 3025 peracutuS‚
1933 2925 2256 3024 Optime,
2286 2925 2561 3021 inquit3

474 3148 554 3196 LI.
583 3165 629 3199 ι.
660 3149 859 3208 Qbeam.
887 3149 1115 3210 Scilicet,
1140 3162 1197 3199 ut
1226 3151 1440 3214 singula·
1529 3152 1714 3212 ejectos
1739 3167 1765 3198 e
1793 3159 1898 3199 tota
1927 3149 2091 3198 Sicilia
2117 3159 2384 3212 tyrannos,
2419 3145 2560 3193 insti-

404 3227 492 3273 tim
512 3227 636 3290 quid
662 3243 954 3293 unaquaque
977 3229 1029 3276 in
1048 3229 1247 3278 civitate
1269 3229 1440 3278 fecerit
1531 3241 1692 3280 tutum
1723 3229 2014 3295 syracusani
2042 3227 2183 3278 Jovis
2207 3226 2433 3290 Olympii
2463 3241 2565 3272 ser-

404 3319 685 3368 Ρπκφηΐ·
1530 3325 1646 3357 vum
1683 3308 2012 3374 appellabant.
2033 3309 2148 3356 Erat
2179 3321 2404 3364 annuus,
2431 3315 2482 3352 et
2503 3318 2564 3352 ex

476 3397 529 3432 2.
564 3385 762 3433 Omnia.
782 3385 883 3432 Alii
902 3421 917 3443 ,
942 3385 1189 3436 «crimine
1218 3388 1435 3438 omnia».
1528 3405 1590 3436 eo
1628 3389 1775 3450 anni,
1817 3388 1892 3436 uti
1931 3388 2101 3435 Roma
2143 3401 2206 3433 ex
2249 3379 2558 3442 consulibua,

404 3465 579 3510 Franc-
634 3472 795 3510 autem
866 3463 1083 3512 nomine.
1160 3469 1437 3532 Utrumque
1529 3467 1910 3516 adnotabantur.
1936 3465 2036 3515 Adi
2061 3464 2276 3513 Diodor.
2299 3464 2451 3524 XVI,
2478 3477 2562 3525 7⁰·

404 3541 583 3606 Sioua.
1599 3549 1650 3596 6.
1673 3547 1867 3595 lubeat.
1898 3546 2023 3606 Alii,
2051 3543 2338 3607 «jubebat--
2360 3543 2410 3592 J.
2425 3545 2487 3590 V.
2509 3545 2564 3591 L.

478 3621 529 3668 3.
571 3619 875 3670 Curationes.
908 3626 1287 3674 Procurationes
1302 3663 1316 3685 ,
1350 3643 1435 3676 seu
1605 3643 1652 3686 7.
1681 3624 1968 3674 Gener-ihm.
1989 3623 2280 3672 ordinibus.

404 3699 845 3750 aduini-erutiones
870 3717 1077 3766 operum
1102 3703 1436 3769 publicorum.
1601 3708 1650 3752 8.
1685 3705 2050 3753 Theomnastus.
2101 3703 2175 3750 De
2221 3701 2420 3750 homine
2467 3702 2566 3749 isto

480 3791 533 3839 4.
580 3783 655 3829 De
696 3781 961 3848 religione,
1012 3785 1225 3832 Grata-o
1268 3801 1437 3850 σωρε-
1529 3784 1640 3832 vide
1667 3787 1808 3832 Verr.
1833 3786 1926 3842 lv,
1955 3783 2040 3830 66.

406 3873 569 3919 ctum,
598 3862 739 3926 quasi
782 3861 843 3910 de
886 3863 1103 3926 margine
1148 3863 1201 3910 in
1248 3875 1437 3914 textum
1601 3880 1652 3926 9.
1688 3865 1809 3922 Alii,
1827 3863 2122 3929 negotiosus.
2162 3857 2341 3909 Irridet
2383 3859 2566 3907 fatuum

408 3941 673 4006 irrep-erit.
700 3943 732 3990 J
741 3942 829 3990 .V.
852 3945 906 3990 L.
1529 3943 1665 3992 illam
1701 3943 1870 3991 Verris
1915 3941 2263 3999 auiditatem,
2297 3955 2392 4002 qua
2437 3939 2568 4003 leges

482 4022 528 4070 5.
542 4021 677 4070 Iovis
700 4020 1024 4069 sacerdotem.
1046 4023 1207 4082 Quem
1225 4037 1251 4067 a
1272 4021 1442 4069 Timo·
1535 4039 1636 4070 nou
1659 4033 1828 4079 acute,
1869 4021 1956 4070 sed
1986 4021 2134 4070 stulte
2163 4020 2570 4085 impudenterque

414 4101 610 4160 leonte,
640 4117 771 4149 anno
802 4099 937 4148 urbis
971 4101 1145 4148 Roma
1170 4101 1301 4162 406,
1330 4113 1443 4164 post
1535 4102 1694 4151 elusit.
