2984 4684
459 352 600 427 538
895 340 906 357 ‘
1253 352 1805 425 Excnnsus

453 502 590 544 rem
631 492 746 542 aut
771 478 1084 568 legatum,
1120 500 1271 542 cum
1307 477 1585 566 imperio
1622 478 1987 565 relinquere
2020 476 2145 541 fuit
2174 490 2453 541 coactus.
2488 478 2603 540 Ci-

453 608 606 651 cero
645 582 726 648 ad
763 584 892 647 Att.
920 583 1028 647 lib.
1049 582 1174 667 Vl,
1210 584 1396 673 epist.
1423 582 1488 665 3,
1533 586 1613 665 4,
1652 582 1716 647 6.
1770 582 1903 665 Qui
1936 604 2095 645 vero
2130 584 2221 647 sie
2256 583 2604 671 provinciae

451 690 977 780 proeponebatur,
1005 689 1139 753 sive
1159 705 1464 778 quaestor,
1479 690 1617 753 sive
1644 689 1916 779 legatus,
1938 688 1993 753 is
2024 704 2137 752 aut
2160 688 2601 777 propraetoris,

452 812 567 859 aut
609 795 1018 884 proconsulis
1052 816 1296 861 nomen
1329 795 1703 877 obtinebat,
1756 812 1958 884 prout
1994 810 2107 859 aut
2152 793 2445 883 praetoris
2484 810 2599 857 aut

447 901 738 965 consulis
769 902 938 967 vices
971 902 1349 969 sustinebat.

535 1008 602 1072 Si
643 1006 945 1097 praesides
995 1032 1132 1073 rem
1184 1011 1525 1099 triumpho
1570 1010 1831 1099 dignam
1881 1008 2259 1098 gessissent,
2290 1030 2367 1071 ac.
2402 1005 2486 1071 de
2516 1028 2599 1070 eo

447 1113 844 1204 postulando
875 1118 1237 1207 cogitarent
1257 1167 1275 1199 ,
1320 1141 1357 1182 e
1385 1116 1715 1206 provincia
1748 1116 2026 1195 reversi,
2062 1113 2146 1179 ad
2183 1114 2431 1178 Urbem
2462 1136 2601 1177 ma-

449 1220 712 1301 nebant,
736 1237 804 1285 et
823 1220 1082 1285 lictores
1111 1222 1442 1309 fascesque
1467 1222 1811 1301 laureatos,
1830 1220 2045 1285 donec
2066 1219 2599 1307 triumphassent,

447 1327 854 1406 retinebant3
873 1348 948 1390 ac
971 1342 1203 1391 senatu
1224 1327 1294 1391 in
1309 1326 1517 1393 aedem
1530 1326 1809 1391 Bellonae
1822 1342 2115 1407 evocato,
2132 1347 2235 1389 res
2252 1348 2291 1389 a
2304 1348 2375 1389 se
2389 1338 2600 1413 gestas

447 1431 899 1521 exponebant3
937 1450 1005 1497 et
1035 1434 1448 1523 triumphum
1481 1434 1812 1523 petebant.
1858 1434 1995 1497 Liv.
2028 1432 2285 1513 XXXI,
2315 1436 2420 1519 47.
2468 1432 2599 1494 De-

447 1554 630 1603 creto
663 1537 818 1603 inde
849 1562 886 1603 a
916 1557 1147 1604 senatu
1179 1540 1550 1629 triumphe,
1583 1542 1685 1605 lex
1716 1540 2045 1604 ferebatur
2079 1536 2161 1602 ad
2195 1538 2453 1627 plebem
2472 1584 2491 1618 ,
2524 1555 2603 1601 ut

449 1668 586 1732 quo
639 1642 746 1709 die
801 1645 1048 1711 Urbem
1103 1646 1517 1736 triumphans
1578 1648 1803 1711 inisset
1828 1694 1846 1729 ,
1893 1646 2241 1733 imperium
2304 1642 2593 1709 haberet.

451 1749 550 1815 Id.
584 1751 830 1833 XXVI,
866 1774 972 1817 τη.
1007 1752 1255 1818 Urbem
1287 1754 1617 1841 ingressus
1637 1801 1655 1834 ‚
1700 1774 1945 1841 pompa
1975 1771 2175 1839 quam
2214 1750 2492 1814 maxima
2526 1751 2595 1813 in

451 1857 848 1947 Capitolium
875 1859 1296 1937 ascendebat,
1319 1884 1394 1925 ac
1421 1858 1736 1924 sacrificio
1764 1861 1937 1923 facto
1968 1858 2345 1922 convivium
2371 1856 2461 1921 ibi
2489 1878 2597 1921 ce-

445 1964 770 2046 lebrabat3
825 1982 1022 2053 atque
1067 1966 1150 2031 ad
1200 1990 1532 2056 vesperam
1552 2016 1571 2051 ,
1609 1967 1840 2055 positis
1892 1966 2145 2055 imperii
2188 1965 2597 2055 insignibus,

447 2067 721 2135 domum
751 2072 1040 2157 privatus
1075 2094 1144 2137 se
1175 2074 1516 2138 referebat.

534 2174 712 2239 Alter
729 2193 868 2241 erat
889 2178 1262 2267 triumphus
1291 2179 1505 2243 ovatio
1530 2175 1783 2261 dictus3
1811 2178 2017 2259 major
2044 2178 2181 2259 ille,
2215 2177 2324 2241 hic
2346 2178 2597 2259 min0r3

445 2280 554 2343 ille
581 2280 670 2345 ob
697 2282 1019 2373 insignem
1051 2284 1388 2349 victoriam
1411 2332 1428 2367 ,
1454 2283 1561 2349 hic
1590 2284 1783 2348 etiam
1818 2284 1907 2347 ob
1938 2284 2147 2348 levem
2163 2334 2180 2361 ,
2208 2304 2592 2366 conoessu33

449 2386 518 2449 in
547 2386 680 2469 illo,
709 2387 1038 2479 quadrigis
1058 2413 1077 2471 ;
1097 2389 1164 2453 in
1190 2389 1350 2471 hoc,
1371 2388 1649 2478 pedibus
1666 2438 1685 2465 ,
1704 2404 1817 2453 aut
1840 2410 2015 2477 equo
2039 2388 2596 2477 triumphabatur;

445 2491 516 2555 in
547 2492 658 2557 illo
686 2508 911 2559 taurus
930 2542 949 2577 ,
995 2496 1066 2559 in
1094 2495 1224 2560 hoc
1255 2496 1392 2559 ovis
1426 2496 1493 2559 in
1524 2495 1851 2585 Capitolio
1882 2495 2361 2559 immolabatur.
2402 2494 2595 2558 Plura

333 2660 338 2666 .
443 2596 594 2661 vide
625 2599 804 2688 apud
835 2602 912 2663 A.
937 2600 1254 2682 Gellium,
1279 2602 1390 2665 lib.
1424 2599 1503 2683 V,
1530 2624 1584 2666 c.
1610 2602 1673 2666 6.
1701 2601 1867 2682 Ubi,
1908 2600 2041 2665 sive
2074 2600 2552 2689 triumphantes
2574 2646 2593 2680 ,

447 2704 583 2768 sive
603 2707 854 2793 privati,
877 2707 1122 2770 Urbem
1142 2708 1556 2791 introierant,
1576 2724 1719 2772 tum
1746 2707 1873 2773 alio
1904 2706 2009 2771 die
2040 2708 2323 2771 rationes
2356 2706 2596 2770 referre

443 2809 528 2874 ad
571 2812 871 2877 oerarium
897 2813 1332 2902 cogebantur3
1367 2835 1487 2879 nec
1516 2815 1726 2878 multo
1754 2829 1903 2902 post
1928 2812 2343 2878 centuriones
2366 2860 2383 2893 ,
2420 2828 2596 2876 cete·

443 2938 688 3005 rosque
717 2918 1127 3007 provincialis
1157 2942 1330 2984 curae
1355 2920 1564 2983 socios
1592 2918 1677 2983 ad
1708 2920 2005 2984 aerarium
2042 2919 2109 2981 in
2143 2916 2510 3000 beneficiis,
2540 2918 2595 2981 si

444 3022 708 3105 liberet,-
741 3024 1011 3089 deferre.
1043 3027 1214 3089 Ante
1237 3026 1442 3115 legem
1467 3025 1713 3089 Iuliam·
1732 3026 1937 3089 laxius
1964 3024 2293 3089 rationum
2318 3024 2599 3088 referen·
2634 3002 2645 3017 ⁶

443 3128 676 3193 darum
709 3148 973 3219 ‘tempus
1011 3131 1183 3195 fuit:
1232 3155 1384 3196 nam
1427 3156 1501 3196 ea
1534 3132 1677 3221 lege
1708 3148 1978 3196 cautum
2024 3148 2125 3195 est
2162 3146 2239 3194 ut
2270 3130 2587 3210 rationes,

439 3238 686 3325 quasin
713 3240 1044 3326 provincia
1071 3240 1249 3328 apud
1272 3239 1433 3304 duas
1458 3241 1747 3304 civitates
1770 3239 2215 3328 reliquissent,
2246 3259 2349 3302 eas
2372 3238 2591 3301 statim

441 3358 638 3431 atque
659 3344 905 3407 Urbem
930 3345 1204 3409 inissent
1224 3344 1308 3409 ad
1338 3347 1633 3409 aerarium
1666 3343 1941 3409 totidem
1976 3344 2187 3408 verbis
2236 3342 2589 3425 referrenu

445 3466 644 3537 atque
671 3449 936 3540 triginta
963 3448 1194 3516 diebus
1225 3450 1466 3539 quibus
1483 3452 1769 3516 rationes
1788 3451 2161 3515 retulissent
2178 3500 2195 3532 ,
2224 3449 2497 3513 comites
2524 3448 2593 3513 in

443 3554 774 3621 beneficiis
803 3556 1150 3624 deferrent.
1726 3552 1737 3573 ’

448 3683 453 3688 ·
533 3662 785 3745 Quaeris
823 3664 986 3753 quid
1018 3666 1101 3731 sit
1137 3698 1162 3721 κ
1185 3668 1256 3730 in
1293 3666 1624 3731 beneficiis
1656 3666 1741 3729 ad
1776 3667 2074 3731 aerarium
2108 3666 2351 3729 referre
2372 3696 2415 3727 ι.
2468 3666 2591 3727 Be·

445 3766 752 3833 neficium
784 3771 852 3833 in
887 3794 958 3836 re
971 3761 1250 3837 ”militari
1283 3772 1637 3839 vocabatur
1660 3772 1993 3861 provectio
2023 3770 2107 3835 ad
2139 3770 2435 3835 altiorem
2460 3792 2596 3858 gra-

449 3871 608 3935 dum
645 3896 660 3937 :
699 3874 880 3962 quod
918 3895 992 3941 ut
1023 3896 1238 3943 ratum
1275 3895 1477 3960 esset,
1518 3876 1834 3959 debebat,
1872 3894 1949 3943 ut
1980 3876 2298 3956 diximus,
2332 3874 2411 3938 ad
2442 3896 2597 3938 aera·

445 3981 616 4045 rium
651 3985 893 4047 referri.
915 3986 1048 4067 Qui
1083 3988 1369 4074 promoti
1402 3986 1682 4067 fuerant,
1719 3984 2017 4049 beneficii
2044 3985 2180 4065 ejus
2206 3983 2593 4047 dicebantur

447 4109 584 4150 esse
607 4135 628 4169 ,
661 4112 696 4151 a
741 4110 874 4175 quo
921 4092 1204 4177 promoti
1257 4093 1532 4156 fuerant.
1575 4092 1751 4155 Suet.
1786 4091 1933 4155 Tib.
1970 4099 2025 4155 c'.
2076 4113 2187 4153 m:
2240 4118 2265 4143 «
2296 4088 2489 4153 Venit
2524 4089 2590 4150 in
