2984 4684
802 400 1209 471 ORATIO
1256 400 1461 469 PRO
1511 402 1586 467 P.
1628 400 2106 489 QUINTIO.
2433 402 2517 475 13

472 530 597 598 IV.
643 525 893 614 Quum
930 546 1161 594 annos
1198 522 1349 617 jam
1382 520 1796 619 complures
1835 528 2142 595 societas
2175 540 2396 615 esset,
2452 542 2528 597 et

382 661 615 735 quum
663 658 853 733 saepe
893 646 1271 731 suspectus
1303 634 1613 723 Quintio
1646 636 1930 705 Naevius
1963 632 2214 706 fuisset
2235 688 2254 720 ,
2286 661 2530 735 neque

384 753 479 819 ita
528 742 917 817 commode
951 757 1196 842 posset
1227 746 1585 812 rationem
1617 740 1920 813 reddere
1956 768 2207 815 earum
2242 769 2530 834 rerum,

380 882 561 953 quas
593 854 927 941 libidine,
962 878 1113 925 non
1150 856 1427 953 ratione
1460 866 1775 949 gesserat
1792 879 1828 941 3.
1841 858 2152 926 moritur
2181 861 2258 927 in
2294 858 2525 929 Gallia

378 972 766 1061 QuintiuS,
813 989 1047 1064 quum
1083 962 1365 1035 adesset
1410 967 1743 1052 NaeviuS,
1793 977 1867 1034 et
1913 970 2225 1037 moritur
2261 954 2527 1066 repen·-

380 1085 537 1149 tino
556 1090 604 1149 ¹.
628 1075 989 1147 Heredem
1010 1087 1442 1145 testamento
1465 1071 1761 1171 reliquit
1786 1071 1984 1145 hunc
2007 1081 2081 1147 P.
2103 1079 2521 1167 Quintium:

384 1204 465 1260 ut
485 1243 506 1276 ,
544 1186 639 1259 ad
674 1212 897 1284 quem
926 1210 1255 1258 summus
1288 1209 1564 1254 moeror
1600 1198 1833 1255 morte
1867 1208 1996 1255 sua
2026 1186 2403 1277 veniebat,
2435 1190 2529 1261 ad

385 1298 725 1370 eumdem
754 1320 1081 1368 summus
1098 1294 1367 1366 honos²
1388 1320 1687 1392 quoque
1708 1299 2138 1392 perveniret.
2154 1300 2321 1389 Quo
2350 1324 2539 1372 mor-

384 1425 538 1499 tu0,
565 1434 703 1480 nec
734 1410 833 1479 ita
857 1406 1092 1477 multo
1121 1419 1313 1504 post,
1336 1408 1413 1475 in
1442 1404 1750 1477 Galliam
1781 1404 2268 1503 proficiscitur
2294 1411 2528 1500 Quin-

386 1524 549 1589 tiuS.
580 1516 694 1589 Ibi
724 1541 889 1588 cum
914 1520 1055 1587 isto
1087 1519 1333 1590 Naevio
1367 1513 1812 1585 familiariter
1839 1519 2031 1586 vivit.
2059 1521 2354 1588 Annum
2384 1517 2534 1591 fere

386 1654 535 1701 una
554 1641 752 1716 sunt,
779 1652 1011 1724 quum
1040 1640 1114 1697 et
1145 1625 1237 1697 de
1266 1626 1608 1696 societate
1637 1627 1828 1696 inter
1849 1649 1926 1696 se
1955 1625 2186 1700 multa
2210 1651 2539 1700 commu-

386 1744 759 1827 nicarent,
790 1752 865 1809 et
912 1734 1005 1809 de
1052 1750 1203 1809 tota
1244 1736 1367 1808 illa
1405 1738 1686 1807 ratione
1724 1749 1945 1832 atque
1985 1761 2066 1807 re
2114 1737 2529 1808 Gallicana:

388 1873 631 1945 neque
664 1850 941 1917 interea
965 1843 1274 1916 verbum
1308 1846 1544 1918 ullum
1582 1849 2024 1943 interposuit
2047 1850 2366 1935 Naevius,
2407 1863 2536 1919 aut

386 1962 805 2031 societatem
836 1956 977 2028 sibi
1012 1956 1387 2056 quidpiam
1427 1954 1695 2029 debere
1715 2011 1736 2046 ,
1785 1971 1914 2027 aut
1942 1960 2278 2055 privatim
2306 1961 2538 2049 Quin-

392 2075 577 2141 tium
618 2067 977 2140 debuisse.
1024 2070 1272 2159 Quum
1312 2073 1471 2139 aeris
1515 2068 1730 2139 alieni
1763 2068 2299 2165 aliquantulum
2348 2085 2536 2141 esset

390 2180 729 2251 relictum
747 2232 766 2266 ‚
798 2176 1070 2275 quibus
1106 2176 1532 2249 nominihus
1553 2174 1584 2221 3
1614 2182 2002 2277 pecuniam
2029 2184 2274 2250 Romae
2301 2184 2539 2251 curari

392 2290 1232 2387 oporteret3auctionem
1252 2291 1327 2358 in
1358 2288 1587 2361 Gallia
1601 2294 1676 2359 P.
1693 2288 1812 2360 hic
1823 2292 2170 2381 Quintius
2195 2289 2537 2363 Narbone

395 2424 471 2469 se
504 2396 864 2469 facturum
904 2422 1057 2468 esse
1084 2396 1472 2495 proscribit
1505 2423 1755 2469 earum
1783 2424 2028 2471 rerum
2048 2453 2067 2486 ,
2111 2424 2272 2497 quae
2305 2404 2538 2500 ipsius

396 2520 603 2579 erant
637 2509 949 2604 privatae.
984 2504 1095 2577 lbi
1132 2520 1289 2576 tum
1314 2510 1427 2576 vir
1454 2511 1815 2606 optimus,
1849 2512 2007 2581 Sex.
2046 2513 2367 2599 Naevius,
2409 2512 2542 2583 ho-

398 2621 672 2687 minem
721 2616 967 2686 multis
1006 2615 1247 2687 verbis
1288 2616 1642 2705 deterret,
1694 2642 1785 2688 ne
1823 2621 2328 2689 auctionetur:
2372 2646 2541 2691 eum

402 2752 551 2798 non
584 2731 683 2798 ita
716 2725 1099 2797 commode
1126 2751 1339 2825 posse
1378 2752 1466 2797 eo
1504 2741 1856 2825 tempore,
1888 2751 2048 2823 quae
2076 2732 2540 2825 proscripsis-

400 2854 539 2925 set,
572 2836 919 2923 vendere,
951 2842 1197 2907 Romae
1230 2836 1370 2907 sibi
1401 2861 1872 2908 nummorum
1911 2834 2324 2909 facultatem
2362 2864 2543 2926 esse,

401 2974 623 3047 quam
650 3002 671 3036 ‚
728 2949 786 3018 si
815 2962 1098 3046 saperet
1117 2950 1173 3034 ⁴,
1212 2971 1681 3019 communem
1719 2950 2194 3035 existimaret,
2225 2974 2362 3047 pro
2406 2945 2546 3019 fra-

400 3075 607 3131 terna
634 3058 757 3128 illa
790 3057 1359 3145 necessitudine,
1403 3072 1477 3129 et
1503 3081 1638 3156 pro
1673 3060 1900 3156 ipsius
1935 3056 2282 3131 affinitate
2319 3087 2334 3129 :
2375 3086 2542 3131 nam

474 3260 564 3307 lv.
594 3274 641 3306 1.
680 3255 896 3305 Moritur
927 3254 1198 3320 repentino.
1218 3254 1429 3319 Oblique
1516 3254 1736 3320 illudque
1775 3256 1844 3304 ita
1892 3255 2071 3304 honori
2115 3255 2247 3321 apud
2295 3258 2545 3306 Romanos

405 3347 455 3385 et
488 3336 629 3401 quasi
657 3333 787 3383 aliud
818 3350 965 3399 agens
989 3332 1213 3381 veneficii
1246 3336 1429 3382 crimen
1520 3334 1811 3393 ducebatur,
1840 3347 1900 3383 ut
1924 3334 2153 3383 Ciceroni
2181 3334 2416 3394 obJecerit
2437 3338 2546 3384 An-

405 3418 581 3465 Naevio
626 3414 817 3479 effingit
856 3426 1039 3464 orator.
1080 3414 1208 3463 Mira
1253 3412 1429 3463 deinde
1520 3414 1706 3475 tonius,
1725 3413 2017 3463 hereditates
2036 3414 2082 3459 ei
2107 3412 2264 3461 nullas
2287 3414 2349 3461 sb
2372 3415 2546 3465 amicis

404 3508 506 3545 arte
540 3497 867 3544 nan-ationem
904 3494 1066 3559 pergit
1088 3526 1107 3555 ,
1144 3493 1429 3557 diversaque
1515 3492 1730 3553 venisse3
1758 3492 1893 3557 quod
1912 3502 2080 3540 contra
2102 3492 2276 3540 Cicero
2297 3492 2514 3543 defendit
2530 3529 2545 3554 ,

406 3577 626 3640 congerit
642 3574 871 3636 adjuncta
884 3606 900 3631 ‚
916 3584 973 3621 ut
994 3572 1110 3622 inde
1134 3573 1296 3621 Naevii
1318 3589 1431 3636 per-
1520 3572 1727 3637 mplius
1752 3588 1803 3619 se
1824 3572 1886 3618 Η.
1900 3574 1946 3619 S.
1969 3569 2220 3618 ducenties
2235 3570 2288 3636 (4
2301 3587 2446 3631 10,oo
2459 3573 2546 3639 fr.)

406 3656 525 3704 fidia
552 3655 709 3718 magis
738 3652 996 3701 elucescat.
1024 3680 1095 3689 -
1120 3654 1251 3703 Nota
1276 3663 1434 3701 morte
1523 3668 1586 3699 ex
1609 3648 1958 3699 hereditatibus
1983 3648 2218 3697 retulisse.

410 3737 465 3785 C.
491 3734 687 3797 Quintii
722 3732 924 3780 omnino
962 3732 1253 3780 exstinctam
1278 3731 1436 3779 socie·
1596 3731 1646 3779 3.
1690 3729 1869 3792 Quibus
1912 3726 2200 3777 nominibus.
2244 3730 2397 3791 Cujus
2439 3732 2550 3780 aeris

410 3801 557 3863 tatem
569 3850 584 3873 ,
606 3828 664 3861 ac
687 3810 984 3860 dissolutam.
1525 3808 1670 3857 alieni
1689 3806 1912 3856 solvendi
1931 3822 2072 3855 causa
2088 3842 2103 3866 ,
2122 3810 2291 3857 Rome
2309 3820 2411 3857 erat
2433 3826 2551 3859 con-

482 3910 529 3941 a.
564 3894 785 3939 Summas
814 3890 989 3959 ,bonon
1025 3892 1264 3955 Quamvis
1304 3890 1433 3938 enim
1523 3886 1726 3936 ficiends
1751 3888 1975 3951 pecunia.
2003 3887 2187 3933 Curare
2196 3886 2458 3951 pecuniam
2476 3900 2552 3937 est

409 3974 515 4037 lege
560 3983 609 4020 et
656 3974 765 4034 jure
811 3972 1086 4033 agnationis
1128 3970 1267 4019 heres
1308 3980 1431 4018 esset
1523 3983 1707 4025 curare,
1735 3975 1790 4014 ut
1811 3966 2015 4031 pecnnia
2038 3965 2180 4013 detur
2198 3976 2246 4012 et
2265 3964 2498 4014 solvatur.

416 4054 465 4099 P.
500 4052 765 4115 Quintius,
796 4048 1049 4099 honestior
1086 4063 1244 4099 tamen
1288 4060 1435 4098 testa-
1595 4054 1643 4103 4.
1670 4046 1724 4094 Se·
1737 4056 1946 4109 saper-ct.
1967 4046 2176 4094 Locutio
2202 4060 2296 4107 qua
2324 4043 2546 4108 objurga-

416 4142 581 4181 mento
626 4130 693 4179 ad
736 4144 849 4178 etun
884 4131 1105 4181 veniebat
1151 4128 1397 4179 hereditas
1417 4144 1431 4179 ε
1523 4126 1721 4189 mus,ita
1737 4136 1795 4174 ut
1813 4125 2091 4189 objurgatio
2106 4124 2170 4171 sit
2187 4122 2364 4171 amoris
2385 4122 2548 4171 index.
