2984 4684
786 364 902 436 IN
948 361 1375 436 VERREM
1422 364 1741 437 ACTIO
1790 369 2150 439 PRIMA.
2381 318 2541 470 ‘273

410 480 711 557 tendere
725 479 781 556 ⁸.
804 484 1057 557 Habeo
1090 499 1334 557 autem
1371 498 1642 557 certam
1664 490 1856 569 viam
1892 502 2114 587 atque
2145 494 2502 566 rationem
2521 552 2540 583 ‚

408 618 558 693 qua
570 618 824 667 omnes
843 594 1136 667 illorum
1155 608 1455 667 conatus
1474 598 1904 693 investigare
1922 613 1996 669 et
2013 606 2362 698 consequi
2385 629 2518 701 pos
2543 656 2548 659 -

408 708 569 777 sim.
598 710 706 777 Ita
733 730 847 777 res
872 730 915 777 a
931 730 1049 777 me
1081 719 1355 803 agetur,
1373 718 1457 775 ut
1480 706 1558 776 in
1577 730 1834 777 eorum
1853 709 2170 781 consiliis
2199 712 2545 787 omnibus

410 840 567 885 non
616 816 838 888 modo
877 840 1089 888 aures
1127 814 1549 904 hominum,
1584 815 1712 888 sed
1757 820 1976 889 etiam
2033 821 2230 892 oculi
2285 826 2542 922 populi

412 927 692 997 romani
727 930 1074 1001 interesse
1090 924 1498 999 videantur.
1520 931 1670 999 Vos
1701 927 1977 1024 aliquot
1985 930 2134 1026 jam
2155 956 2289 1031 per
2315 958 2546 1009 annos

409 1053 837 1135 conceptam
868 1037 1044 1109 huic
1079 1036 1315 1109 ordini
1351 1038 1887 1136 turpitudinem
1919 1054 2140 1138 atque
2176 1042 2544 1118 infamiam

411 1145 653 1219 delere
684 1172 767 1220 ac
798 1148 1047 1220 tollere
1067 1159 1102 1208 9
1131 1150 1455 1247 potestis,
1489 1151 1795 1219 Constat
1819 1154 2012 1222 inter
2046 1174 2339 1241 omnes,
2377 1170 2547 1252 post

410 1255 564 1329 haec
590 1262 981 1331 constituta
1003 1270 1065 1304 ¹⁰
1087 1258 1674 1356 judicia,quibus
1702 1283 1904 1333 nunc
1929 1261 2228 1351 utimur,
2257 1264 2544 1337 nullum

410 1366 553 1440 hoc
580 1368 963 1467 splendore
985 1379 1041 1413 ¹¹
1075 1383 1296 1466 atque
1320 1366 1459 1439 hac
1493 1368 1845 1465 dignitate
1877 1370 2264 1444 consilium
2301 1372 2540 1447 fuisse.

409 1481 541 1549 Hic
578 1480 637 1549 si
683 1480 864 1577 quid
900 1481 1037 1551 erit
1071 1478 1474 1568 offensum,
1525 1504 1781 1563 omnes
1821 1479 2156 1553 homines
2199 1508 2354 1556 non
2391 1486 2542 1581 jam

412 1612 503 1659 ex
530 1587 788 1660 eodem
824 1588 1079 1661 ordine
1116 1590 1293 1661 alios
1324 1592 1552 1688 magis
1578 1588 1917 1680 idoneos,
1953 1591 2158 1688 quod
2194 1590 2351 1665 fieri
2391 1620 2546 1666 non

414 1712 687 1797 potest,
722 1700 853 1772 sed
882 1699 1105 1773 alium
1133 1702 1437 1772 omnino
1471 1699 1804 1772 ordinem
1845 1699 1936 1772 ad
1969 1726 2088 1775 res
2120 1701 2550 1798 judicandas

411 1810 885 1905 quaerendum
918 1810 1485 1884 arbitrabuntur.

508 1923 730 1991 XVII.
776 1924 1242 2021 Quapropter
1292 1924 1613 2021 primum
1657 1923 1750 1996 ab
1795 1922 1934 1997 diis
1977 1927 2549 2018 immortalibus,

410 2029 612 2128 quod
636 2052 925 2128 sperare
944 2041 964 2075 ¹
998 2032 1179 2103 mihi
1208 2031 1487 2123 videor,
1518 2032 1665 2105 hoc
1698 2032 1933 2125 idem,
1950 2034 2268 2131 judices,
2299 2053 2476 2135 peto
2491 2048 2547 2119 ²,

412 2156 497 2212 ut
529 2142 607 2211 in
647 2139 790 2213 hoc
820 2140 1103 2235 judicio
1130 2166 1351 2213 nemo
1380 2141 1798 2239 improbuS,
1836 2159 2106 2241 praeter
2131 2142 2373 2235 eum-⁹¹,
2418 2149 2550 2244 qui

348 2312 355 2321 .
406 2250 845 2350 jampridem
864 2250 1377 2341 inventus'est,
1406 2254 1859 2350 reperiatur:
1891 2252 2191 2341 deinde,
2219 2256 2279 2326 si
2299 2255 2550 2354 plures

413 2361 728 2459 improbi
766 2360 1072 2452 fuerint,
1099 2361 1244 2435 hoc
1272 2360 1481 2433 vobis
1501 2416 1522 2450 ‚
1552 2361 1696 2435 hoc
1734 2364 2016 2461 populo
2050 2389 2359 2437 romano
2377 2419 2399 2456 ,
2425 2366 2552 2461 ju·

412 2471 607 2543 dices
624 2526 645 2560 ,
678 2468 1067 2558 confirm03
1114 2473 1335 2543 vitam
1374 2469 1794 2543 mehercule
1835 2472 2010 2544 mihi
2048 2478 2252 2572 prius
2273 2528 2292 2563 ,
2328 2499 2552 2573 quam

410 2583 555 2653 vim
575 2585 1351 2680 perseverantiamque,
1366 2580 1459 2653 ad
1480 2581 1776 2653 illorum
1808 2582 2355 2680 improbitatem
2386 2610 2551 2683 per·

412 2689 857 2789 sequendam
879 2744 899 2779 ‚
936 2688 1375 2763 defuturam.
1413 2694 1691 2762 Verum
1733 2691 1934 2789 quod
1972 2716 2108 2789 ego
2143 2692 2551 2783 laboribuS,

414 2800 790 2900 periculis,
833 2801 1379 2898 inimicitiisque
1412 2804 1592 2871 meis
1633 2816 1790 2872 tum
1811 2855 1832 2888 ,
1881 2825 2111 2898 quum
2155 2802 2550 2876 admissum

412 2910 1182 3002 erit,dedecuS,severe
1200 2934 1317 2981 me
1350 2925 1968 3009 persequuturum
1997 2936 2148 2983 esse
2176 2913 2555 3011 polliceor,

412 3019 490 3092 id
517 3047 609 3093 ne
640 3022 949 3109 accidat,
981 3037 1067 3093 tu
1091 3036 1217 3092 tua
1248 3025 1594 3119 sapientia
1613 3075 1634 3108 ,
1665 3024 2126 3111 auctoritate,
2163 3023 2554 3121 diligentia,

409 3133 527 3203 Μ’.
546 3132 873 3221 Glabri0,
904 3146 1116 3230 potes
1134 3130 1518 3229 providere
1529 3134 1584 3205 ⁴.
1613 3134 1908 3229 Suscipe
1935 3156 2222 3205 causam
2244 3134 2552 3229 judicio·

486 3398 535 3446 8.
554 3394 870 3446 contendere.
888 3396 1051 3445 ‘Nemo
1070 3396 1199 3445 enim
1218 3394 1438 3455 audebit,
1591 3396 1752 3445 XVII.
1786 3410 1831 3445 1.
1867 3396 2088 3461 Sperat-e.
2123 3396 2343 3447 Subaud.
2379 3397 2551 3446 debere
2594 3404 2597 3409 '

412 3490 563 3540 quum
586 3476 735 3538 objici
761 3475 987 3524 videatur
1008 3476 1251 3537 eiusmodi
1272 3490 1366 3523 res.
1524 3490 1610 3524 aen
1623 3491 1789 3541 posse.
1813 3475 1966 3539 Quod
1999 3476 2180 3541 sepius
2211 3476 2345 3542 apud
2379 3488 2552 3526 aucto·

484 3569 533 3617 9.
567 3555 699 3603 Male
726 3557 959 3603 omissum
993 3576 1019 3597 ι
1037 3570 1094 3603 ac
1122 3553 1295 3602 tollere
1314 3575 1341 3596 ο
1382 3554 1437 3601 in
1525 3570 1628 3603 rem
1655 3565 1875 3603 nostrum
1897 3566 2177 3619 usurpatur.
2204 3558 2395 3605 Frustra
2414 3559 2554 3606 Lam-

412 3634 699 3699 quibasdam
720 3636 845 3685 MSS
860 3646 911 3684 et
927 3633 1042 3684 edd.
1065 3634 1194 3683 Nam
1216 3646 1265 3684 et
1284 3634 1439 3683 orire·
1523 3634 1628 3683 bin.
1653 3630 1850 3681 addidit
1875 3632 2067 3682 debere.

412 3724 495 3762 tur
518 3714 731 3763 clausula
754 3714 1027 3764 hexametri
1042 3748 1059 3775 ,
1102 3724 1151 3762 et
1182 3714 1437 3763 tolleretur
1596 3728 1645 3760 a.
1671 3710 1895 3759 Lambin.
1913 3726 1940 3759 e
1956 3710 2102 3772 MSS,
2127 3724 2265 3776 opto.

412 3792 739 3841 membrorum
766 3792 1030 3857 equalitas.
1048 3794 1081 3842 J
1084 3828 1097 3841 .
1116 3794 1185 3841 V.
1202 3794 1257 3842 1..
1468 3848 1474 3853 .
1599 3792 1653 3841 3.
1681 3792 1825 3838 Eum.
1842 3791 2046 3838 Verrem
2057 3823 2072 3850 ,
2084 3792 2222 3853 cnjus
2239 3793 2342 3854 iam
2358 3793 2552 3858 pridem

486 3887 567 3919 10.
602 3871 893 3921 consumta.
924 3872 997 3920 Ex
1024 3886 1125 3935 quo
1151 3871 1283 3921 Sulla
1316 3886 1437 3920 con·
1525 3880 1643 3919 nota
1669 3880 1742 3917 est
1763 3868 2068 3935 improbitas.

412 3952 570 4000 stituit
584 3986 600 4014 ,
624 3961 679 3999 nt
709 3961 956 3999 senatores
989 3949 1083 3999 noli
1110 3949 1401 4011 judicarent.
1599 3956 1652 4005 4.
1686 3950 1828 3997 Potes
1855 3946 2131 4014 providere.
2181 3950 2426 4002 Faciendo
2473 3962 2556 4001 tna

492 4045 513 4078 1
526 4046 569 4079 1.
588 4032 690 4079 Hoc
710 4028 985 4095 splendore.
1009 4030 1221 4094 Propter
1243 4028 1438 4099 integri·
1531 4028 1782 4091 diligentia
1796 4062 1811 4086 ,
1831 4036 1888 4075 ut
1915 4042 1977 4075 ne
1999 4028 2112 4091 quis
2129 4044 2300 4079 eorum
2316 4066 2335 4091 ‚
2360 4031 2448 4095 qui
2469 4032 2559 4079 ad.

413 4120 559 4157 tatem
585 4110 869 4179 et4honores
896 4110 1125 4173 preclare
1149 4120 1327 4173 gestos.
1527 4118 1642 4157 sunt
1656 4141 1673 4169 ,
1701 4118 2056 4173 corrumpatur.

608 4218 662 4285 Ῑ.
714 4235 809 4283 Cic.
826 4250 938 4299 pars
968 4234 1187 4283 secunda.
1519 4213 1530 4233 Ι
2123 4195 2128 4201 ¹
2277 4236 2301 4280 1
2317 4212 2360 4280 8
