2984 4684
991 392 1128 461 DE
1175 393 1818 465 PROVINCIIS.
2328 393 2459 465 2321

336 520 636 585 tollamus
668 519 876 609 legem
909 520 1274 587 Corneliam
1301 523 1384 588 de
1415 524 1721 615 imperio,
1754 502 1937 589 fateri
1972 546 2140 613 opus
2168 540 2284 608 est,
2306 548 2469 613 prae-

334 644 434 691 ter
463 642 724 709 senatus
751 626 1085 692 decretum
1115 632 1533 694 necessariam
1560 631 1759 695 fuisse
1782 629 2008 719 populi
2036 632 2465 720 rogationem,

333 749 484 821 post
526 731 698 797 illam
747 731 1150 799 tribunitiam
1183 735 1390 825 l'egem
1427 736 1793 801 Corneliam
1838 734 1921 800 de
1970 736 2281 800 solvendo
2312 736 2471 827 legi·

333 837 458 903 bus
482 886 500 919 ,
536 837 726 918 cujus
771 839 1124 904 meminere
1171 842 1298 905 Dio
1334 858 1400 906 et
1431 843 1755 907 Asconius
1774 889 1792 923 ,
1842 858 1919 905 ut
1968 842 2248 931 cuipiam
2298 844 2469 906 ultra

331 964 579 1008 annum
608 944 954 1033 imperinm
989 964 1484 1036 prorogaretur:
1536 964 1679 1013 tum
1708 970 1865 1012 vero
1910 948 2119 1011 multo
2151 948 2464 1028 majorem

331 1050 462 1115 vim
493 1049 828 1119 habebunt
857 1053 1273 1135 conjecturae,
1299 1056 1673 1142 quae-allatas
1700 1070 1873 1117 sunt.
1895 1054 2106 1117 Nemo
2140 1053 2313 1117 enim
2338 1053 2463 1118 sibi

331 1155 742 1245 persuadeat,
777 1173 1032 1223 tantum
1064 1159 1186 1223 hac
1214 1158 1297 1223 de
1323 1182 1394 1224 re
1420 1160 1723 1225 futurum
1744 1159 2075 1224 silentium
2104 1159 2281 1248 apud
2313 1182 2461 1223 om·

333 1284 478 1345 nes;
503 1274 708 1350 quum
737 1286 904 1351 saepe
932 1263 1097 1329 adeo
1129 1280 1196 1330 et
1225 1266 1478 1329 consuli
1510 1280 1799 1349 senatus,
1836 1280 1901 1329 et
1932 1265 2144 1354 rogari
2178 1265 2467 1354 populus

333 1366 418 1431 de
446 1368 914 1457 prorogatione
935 1368 1298 1437 debuerit...
1333 1371 1579 1435 Ultimo
1609 1394 1626 1436 t
1664 1372 1767 1435 lex
1805 1368 1970 1433 Iulia
2007 1368 2091 1434 de
2120 1368 2470 1458 provinciis

334 1472 756 1539 examinanda
782 1490 886 1539 est
903 1522 921 1556 ,
958 1496 1086 1562 qua
1121 1476 1246 1539 lata
1278 1498 1316 1539 a
1349 1473 1665 1539 dictatore
1703 1476 1985 1556 Caesare,
2028 1472 2133 1538 lex
2162 1473 2270 1537 illa
2306 1474 2470 1538 Cor·

333 1578 500 1643 nelia
533 1578 616 1645 de
645 1579 922 1668 imperio
951 1578 1203 1644 sublata
1237 1602 1378 1645 esse
1403 1579 1699 1660 videtur3
1740 1602 1815 1643 ea
1845 1579 2049 1669 igitur
2076 1578 2466 1643 cavebatur:

335 1713 360 1738 a
381 1684 484 1749 Ne
527 1685 838 1772 praetoriae
905 1684 1252 1773 provinciae
1300 1684 1448 1773 plus
1500 1707 1697 1773 quam
1749 1706 1999 1749 annum
2033 1730 2053 1765 ,
2102 1705 2265 1748 neve
2322 1684 2473 1770 plus

335 1810 530 1877 quam
562 1790 902 1854 biennium
929 1790 1297 1857 consulares
1315 1790 1775 1855 obtinerentur
1790 1822 1837 1856 n.
1868 1790 2102 1854 Cicero
2120 1789 2397 1878 Philipp.
2414 1789 2469 1853 1.

334 1896 419 1959 Et
456 1896 578 1965 hac
611 1898 866 1961 ratione
899 1897 1292 1962 contraxisse
1325 1900 1647 1964 Caesarem
1684 1894 1768 1961 ad
1806 1896 2151 1961 biennium
2182 1894 2471 1959 consuli·

333 2002 490 2084 bus,
523 2002 606 2069 ad
639 2026 886 2068 annum
917 2004 1303 2091 praetoribus
1332 2003 1853 2093 provinciarum,
1889 2002 2275 2091 imperiique
2298 2018 2467 2066 tem-

333 2130 456 2196 pus
481 2124 736 2177 certum
771 2125 901 2191 est,
935 2108 1114 2197 quod
1145 2126 1340 2175 antea
1369 2126 1509 2183 erat
1534 2110 1677 2199 lege
1702 2108 1999 2174 Cornelia
2025 2106 2436 2173 indefinitum
2454 2154 2474 2188 ,

335 2230 412 2279 ut
443 2215 596 2283 alibi
629 2215 836 2279 fusim
869 2214 1230 2280 ostendam.

420 2321 520 2391 Ad
546 2322 716 2387 hanc
745 2320 829 2385 de
859 2320 1000 2409 lege
1025 2321 1323 2386 Cornelia
1351 2319 1713 2386 doctrinam
1734 2320 2223 2401 absolvendam,
2252 2340 2469 2407 operae

333 2428 615 2515 pretium
655 2443 752 2491 est
781 2448 1136 2515 exponere,
1169 2449 1306 2514 quo
1343 2442 1569 2514 putem
1612 2427 1885 2491 consilio
1918 2448 2061 2490 eam
2092 2424 2469 2513 promulga-

335 2548 464 2599 tam
499 2534 731 2616 fuisse3
755 2538 906 2597 nam
936 2532 1096 2620 quid
1123 2555 1194 2597 re
1219 2533 1358 2621 ipsa
1386 2532 1997 2620 perscribemgsatis
2022 2547 2215 2619 patet.
2238 2531 2465 2613 Q'uum

333 2640 531 2729 igitur
557 2640 850 2708 maximae
883 2638 1282 2727 quandoque
1315 2639 1577 2702 utilitati
1612 2638 1770 2727 reip.
1806 2638 1947 2702 fore
1974 2636 2473 2715 arbitrarentur,
2538 2706 2549 2723 ,

334 2744 494 2809 siah
527 2744 758 2809 eodem
789 2745 1178 2831 imperatore
1210 2742 1386 2814 idem
1419 2742 1665 2807 bellum
1695 2741 2157 2823 conticet-etun
2200 2762 2336 2803 non
2370 2762 2471 2803 se·-
2582 2773 2587 2781 ·

341 2853 467 2916 mel
499 2852 582 2917 ad
611 2868 871 2941 tempus
892 2848 1306 2917 indefinitum
1329 2864 1765 2939 prorogarunt
1789 2848 2159 2936 imperium.
2181 2847 2285 2911 Sic
2316 2845 2470 2909 Phi-

339 2955 472 3022 loni
495 2980 574 3025 ex
599 2959 808 3039 Livio,
841 2958 954 3023 lib.
965 2958 1124 3022 VIII
1141 3004 1160 3039 ,
1191 2972 1613 3046 prorogatum
1642 2973 1741 3021 est
1764 2956 2113 3044 imperium
2138 2978 2155 3019 ε
2184 2984 2211 3011 σι
2232 2950 2469 3035 Quoad

341 3061 732 3129 debellatum
779 3086 934 3129 cum
987 3062 1224 3127 Graecis
1280 3078 1448 3126 esset
1469 3088 1533 3145 »3
1598 3062 1666 3127 P.
1707 3061 2026 3150 Scipioni,
2086 3060 2198 3125 lib.
2237 3060 2467 3123 XXX:

339 3199 367 3225 κ
386 3168 594 3235 donec
627 3170 1016 3236 debellatum
1054 3170 1119 3235 in
1163 3169 1373 3234 Africa
1413 3170 1663 3254 foret»;
1708 3167 1945 3235 deinde
1975 3168 2053 3231 T.
2087 3166 2363 3251 Quintio
2398 3164 2469 3227 in

339 3274 718 3341 Macedonia
737 3324 756 3359 ,
786 3277 900 3342 lib.
931 3277 1226 3341 XXXII:
1256 3273 1507 3339 «donec
1540 3298 1875 3342 successor
1906 3275 1963 3339 ei
1993 3275 2333 3339 venisset».
2362 3270 2473 3333 111-

339 3404 558 3470 super,
591 3383 646 3447 si
675 3382 940 3470 quando
977 3384 1325 3463 evenisset,
1355 3398 1431 3446 ut
1461 3382 1783 3470 quispiam
1816 3383 1988 3447 ultra
2022 3402 2269 3444 annum
2308 3376 2476 3441 obti-

339 3504 524 3553 neret
553 3489 952 3577 provinciam
981 3488 1228 3575 absque
1259 3510 1372 3569 e0,
1419 3488 1598 3575 quod
1634 3503 2061 3577 prorogatum
2094 3486 2215 3574 ipsi
2248 3482 2475 3547 fuisset

338 3593 682 3682 imperium
702 3644 719 3676 ,
755 3594 1038 3659 dubitari
1076 3609 1364 3682 poterat,
1393 3608 1645 3659 essetne
1688 3594 1797 3658 ille
1830 3614 2011 3673 vere,
2044 3606 2109 3655 et
2145 3589 2287 3669 jure
2318 3608 2475 3675 pro-

337 3698 588 3765 consul.
630 3702 846 3783 Quam
867 3700 1141 3765 omnino
1163 3698 1428 3764 dubiam
1463 3699 1969 3763 controversiam
1992 3696 2207 3785 attigit
2228 3693 2471 3782 Appia-

335 3826 462 3869 nus
489 3806 599 3871 lib.
620 3806 652 3871 1
675 3806 758 3871 de
780 3806 956 3871 Bello
979 3805 1170 3879 civili,
1198 3828 1406 3892 quum
1437 3805 1524 3869 de
1556 3805 1729 3869 Sulla
1760 3804 2053 3891 loquitur
2084 3802 2187 3866 his
2220 3799 2469 3863 verbis:

337 3941 364 3966 ι
383 3912 577 3977 Visus
629 3929 727 3977 est
771 3928 835 3977 et
883 3913 1021 4000 ipse
1068 3912 1418 4000 proconsul
1467 3912 1537 3975 in
1580 3909 2026 3995 Mithridatem
2072 3906 2471 3973 constitutus
2506 3926 2517 3935 ·

337 4016 637 4083 nondum
667 4018 1050 4109 dignitatem
1086 4040 1416 4101 exuisse»;
1447 4040 1661 4105 neque
1696 4033 1871 4082 certe
1906 4016 1989 4081 ab
2022 4014 2323 4095 inimicis,
2350 4012 2469 4103 qui
