2984 4684
756 362 1147 433 ORATIO
1188 362 1387 431 PRO
1435 364 1510 431 P.
1564 360 2039 452 QUINTIO.
2370 362 2452 435 3¹

320 489 675 586 pinquus.
722 486 797 555 Si
828 508 943 555 res
984 486 1118 553 ista
1152 485 1562 580 gravissima
1603 506 1730 553 sua
1771 496 2034 581 sponte
2071 480 2462 569 videretur,

322 612 570 667 tamen
604 595 765 690 ejus
790 595 1124 664 atrocitas
1156 591 1709 664 necessitudinis
1743 596 2040 666 nomine
2081 594 2460 665 levaretur.

320 706 437 779 Ad
462 704 967 777 vadimonium
1000 727 1151 774 non
1181 706 1401 775 venit.
1451 702 1686 792 Quis?
1729 707 1999 775 SociuS.
2035 708 2267 776 Etiam
2301 728 2460 801 gra-

318 820 485 887 vius
544 811 826 912 aliquid
882 816 947 885 ei
1010 812 1313 885 deberes
1367 798 1803 900 concedere,
1853 816 2150 910 quicum
2203 829 2272 885 te
2335 829 2466 885 aut

318 925 663 998 voluntas
708 938 1211 1021 congregasset
1230 978 1250 1012 ,
1286 938 1414 993 aut
1452 920 1746 994 fortuna
1795 924 2307 1019 conjunxisset.
2349 924 2460 996 Ad

317 1036 827 1107 vadimonium
859 1059 1012 1105 non
1034 1036 1255 1107 venit.
1276 1034 1500 1124 Quis?
1529 1038 1632 1120 Is,
1665 1036 1794 1129 qui
1823 1031 1955 1103 tibi
1978 1049 2238 1131 praesto
2271 1059 2460 1106 sem-

318 1172 457 1245 per
474 1146 639 1217 fuit.
665 1151 855 1242 Ergo
883 1148 959 1215 in
989 1170 1157 1216 eum
1175 1199 1196 1233 ,
1222 1146 1352 1242 qui
1381 1143 1602 1215 semel
1627 1143 1768 1214 hoc
1792 1146 2150 1214 commisit
2170 1198 2188 1231 ,
2211 1159 2296 1215 ut
2327 1143 2459 1215 tibi

318 1271 589 1355 praesto
640 1280 792 1326 non
844 1270 1063 1343 esset,
1115 1257 1361 1325 omnia
1393 1253 1534 1325 tela
1565 1254 1972 1350 conjecisti,
2007 1278 2170 1350 quae
2217 1270 2463 1351 parata

190 1412 215 1439 2
321 1378 500 1436 sunt
547 1367 626 1434 in
677 1388 839 1453 eos,
885 1367 1013 1461 qui
1050 1364 1409 1462 permulta
1451 1364 1682 1434 male²
1726 1361 1988 1460 agendi
2023 1387 2235 1434 causa
2267 1362 2460 1467 frau-

323 1474 699 1572 dandique
731 1472 1110 1547 fecerunt?
1131 1478 1202 1545 Si
1232 1469 1689 1573 dupondius3
1727 1488 1897 1543 tuus
1919 1488 2276 1570 ageretur,
2302 1478 2456 1547 Sex.

320 1589 521 1659 Naevi
542 1640 561 1673 ,
590 1588 651 1656 si
678 1588 754 1655 in
779 1574 1080 1684 parvula
1110 1610 1187 1657 re
1215 1585 1571 1683 captionis
1602 1582 1878 1680 aliquid
1904 1607 2230 1654 vererere
2254 1638 2274 1672 ,
2311 1609 2464 1656 non

323 1698 569 1766 statim
599 1693 695 1765 ad
741 1698 817 1766 C.
848 1694 1285 1791 Aquinium,
1335 1708 1462 1765 aut
1496 1691 1589 1764 ad
1635 1716 1890 1763 eorum
1926 1694 2242 1791 aliquem
2265 1748 2284 1784 ,
2334 1700 2462 1792 qui

325 1805 840 1895 consuluntur,
872 1805 1408 1877 concurrisses?
1436 1806 1686 1896 Quum
1711 1804 1831 1899 jus
1860 1803 2212 1893 amicitiae,
2243 1806 2468 1877 socie-

326 1919 516 2004 tatis,
540 1914 911 1987 affinitatis
942 1931 1312 2013 ageretur;
1343 1940 1576 2013 quum
1604 1912 1826 1986 officii
1859 1918 2213 1987 rationem
2242 1930 2464 2014 atque

326 2028 873 2097 existimationis
918 2024 1088 2096 duci
1143 2029 1604 2114 conveniret3
1654 2049 1743 2096 eo
1779 2039 2108 2125 tempore
2159 2041 2241 2097 tu
2309 2051 2460 2099 non

328 2134 554 2206 modo
582 2135 676 2206 ad
709 2140 789 2207 C.
818 2136 1257 2233 Aquinium,
1294 2150 1421 2208 aut
1453 2142 1534 2207 L.
1553 2136 1940 2207 Lucullum
1963 2189 1982 2224 ‚
2027 2135 2156 2207 sed
2183 2139 2323 2208 ne‘·
2357 2141 2464 2237 ip-

326 2242 540 2315 sum⁵
586 2244 883 2342 quidem
933 2245 1026 2317 ad
1054 2260 1124 2317 te
1156 2246 1508 2317 retulisti?
1547 2269 1641 2316 ne
1685 2245 1838 2316 haec
1879 2244 2176 2343 quidem
2221 2261 2464 2319 tecum

326 2354 683 2453 loquutus
708 2353 832 2426 es⁶
852 2356 881 2425 Ξ)
905 2362 1113 2427 Horae
1140 2354 1303 2426 duae
1324 2368 1351 2413 7
1388 2353 1723 2444 fuerunt3
1754 2358 2100 2446 Quintius
2142 2356 2234 2445 ad
2269 2357 2468 2430 vadi-

330 2466 663 2535 monium
692 2489 844 2536 non
874 2468 1106 2537 venit:
1127 2464 1308 2563 quid
1325 2466 1504 2563 ago?
1529 2469 1600 2537 Si
1621 2465 2037 2536 mehercule
2057 2466 2208 2538 haec
2223 2482 2465 2541 tecum

320 2573 480 2645 ,duo
524 2573 747 2645 verba
798 2572 1085 2648 fecisses
1106 2629 1125 2664 ‚
1167 2576 1365 2666 Quid
1412 2578 1595 2672 ago?
1640 2578 2056 2674 respirasset
2109 2577 2466 2675 cupiditas

324 2700 547 2783 atque
562 2688 857 2756 avaritia
878 2685 1308 2784 paullulum,
1325 2686 1603 2783 aliquid
1616 2686 1758 2756 loci
1785 2689 2043 2757 rationi
2067 2701 2141 2757 et
2163 2689 2463 2760 consilio

326 2794 679 2883 dedisses3
710 2810 793 2867 tu
833 2810 905 2867 te
932 2796 1339 2893 collegisses
1355 2794 1411 2888 ⁸3
1433 2820 1584 2866 non
1617 2798 1693 2865 in
1740 2820 1897 2865 eam
1931 2796 2462 2894 turpitudinem

326 2908 682 2994 venisses,
710 2922 796 2977 ut
824 2906 969 2977 hoc
1014 2906 1144 2977 tibi
1190 2920 1379 2978 esset
1424 2904 1622 3004 apud
1659 2905 1833 2975 tales
1873 2908 2066 2977 viros
2115 2905 2467 2977 confiten-

326 3015 503 3087 dum
524 3070 545 3103 ,
572 3039 719 3113 qua
750 3014 883 3087 tibi
916 3014 1415 3087 vadimonium
1447 3040 1596 3087 non
1627 3017 1721 3086 sit
1756 3014 2040 3087 obitum
2061 3072 2079 3106 ,
2107 3017 2357 3089 eadem
2392 3032 2462 3088 te

327 3124 509 3197 hora
551 3127 938 3199 consilium
983 3130 1258 3226 cepisse
1274 3138 1333 3215 9,
1364 3125 1683 3199 hominis
1706 3129 2106 3224 propinqui
2133 3127 2464 3199 fortunas

327 3234 661 3309 funditus
690 3252 1027 3310 evertere.

398 3403 448 3435 τι.
479 3388 619 3436 Male
652 3386 835 3453 agendi
866 3404 1037 3438 causa.
1073 3389 1205 3437 Mala
1230 3386 1346 3437 fide.
1509 3389 1559 3437 6.
1584 3388 1684 3437 Alii
1701 3426 1717 3451 ,
1753 3412 1778 3429 u
1796 3406 1866 3438 es.
1887 3391 2073 3437 Horae»
2090 3424 2105 3449 ,
2129 3390 2234 3437 sine
2258 3390 2466 3439 interro·

398 3468 449 3519 ³.
508 3466 817 3531 Dupondius.
873 3468 989 3515 Duo
1044 3482 1189 3516 asses.
1223 3466 1344 3517 vid.
1435 3469 1646 3530 gatione.
1663 3469 1714 3518 J.
1728 3466 1792 3516 V.
1803 3469 1859 3517 1..

328 3546 527 3595 Num.
544 3545 723 3593 Tabul.
744 3546 902 3595 ποια-ἱ
936 3548 1041 3594 Liv.
1074 3546 1175 3594 vol.
1209 3549 1315 3595 111
1332 3581 1349 3607 ,
1509 3560 1560 3607 ⁴7.
1604 3548 1754 3596 Horae
1789 3546 1917 3595 duoe.
1960 3545 2182 3595 Secunda
2225 3547 2347 3596 hora
2390 3560 2464 3599 est

330 3640 382 3688 p.
404 3626 521 3673 113.
542 3652 615 3663 --
638 3627 786 3675 Tuus.
814 3626 1003 3691 Nempe
1035 3642 1349 3693 praeconum,
1438 3624 1598 3690 elapsa
1615 3660 1632 3687 ,
1657 3640 1722 3673 ex
1741 3641 1838 3689 qna
1857 3625 2115 3687 Quintium
2144 3638 2392 3691 exspecto.

331 3714 385 3753 et
406 3704 525 3753 olim
548 3704 709 3753 Naevii
732 3722 931 3755 merces.
948 3706 1129 3755 —Alii
1142 3742 1159 3767 ,
1186 3724 1329 3755 unm.
1515 3706 1562 3754 8..
1597 3706 1664 3752 Te
1692 3704 1979 3769 collegisses.
2014 3705 2060 3753 A
2099 3707 2364 3770 cupiditate
2399 3709 2464 3758 ad

404 3793 451 3841 4.
485 3783 778 3833 Addebatur
815 3784 935 3833 olim
949 3821 966 3848 ,
992 3784 1119 3835 «sed
1154 3801 1217 3835 ne
1249 3785 1355 3851 ipso
1442 3786 1681 3833 rationem
1705 3784 1874 3831 fuisse·
1902 3796 2170 3835 revocatus.

336 3862 523 3925 quidem
543 3874 591 3913 te
608 3864 954 3926 consuluistio,
967 3864 1103 3928 quod
1121 3864 1355 3929 glossema
1514 3881 1565 3928 9.
1601 3862 1865 3911 Consilium
1906 3864 2100 3928 cepisse.
2142 3868 2274 3916 Nota
2316 3882 2464 3915 voces

338 3954 422 3992 ut.
450 3945 517 3992 At
557 3944 725 4009 potuit
767 3945 947 3992 servari
980 3965 1006 3987 α
1024 3960 1085 3993 ne
1114 3946 1220 4010 ipse
1248 3944 1355 4009 qui·
1442 3943 1531 3991 has
1543 3958 1654 3991 eum
1667 3940 1916 3990 infinitivo
1931 3956 2135 3993 evertere
2155 3946 2463 4006 conjunctas.

336 4020 439 4069 dem
456 4044 496 4073 υ.
526 4025 579 4073 J.
590 4025 653 4072 V.
680 4025 739 4071 L.
1444 4022 1563 4071 Vid.
1582 4021 1804 4069 Macrob.
1825 4020 1884 4069 de
1905 4022 2064 4073 differ.
2087 4026 2178 4073 Gr.
2203 4026 2306 4075 Lat.
2331 4022 2464 4071 verb.

401 4101 447 4149 5.
472 4102 605 4165 Alii,
624 4102 747 4167 ipse.
783 4102 835 4150 J.
858 4102 919 4151 V.
950 4104 1005 4151 L.
1444 4115 1498 4165 p.
1519 4101 1624 4163 689
1641 4134 1659 4161 ,
1687 4098 1764 4151 ed.
1781 4100 1996 4152 Gronov.
