2984 4684
426 354 571 453 298
1057 358 1152 425 M.
1204 356 1282 423 Τ.
1336 356 1926 430 CICERONIS

418 494 492 553 et
526 476 981 577 diligentiam
1020 504 1037 546 τ
1094 476 1299 574 quod
1334 500 1455 551 me
1494 504 1648 550 non
1689 477 1966 552 fefellit.
2026 480 2210 551 Nam
2251 482 2566 553 comitiis

417 593 601 661 meis
618 584 677 676 ⁸,
712 612 943 687 quum
982 591 1123 660 iste
1154 586 1440 659 infinita
1468 588 1855 687 largitione
1891 604 2146 661 contra
2181 612 2298 661 me
2329 606 2568 663 utere·

418 714 563 789 tur,
586 699 907 799 populus
924 722 1269 771 romanus
1290 698 1639 795 judicavit
1659 754 1680 789 ,
1713 703 1922 799 istius
1945 703 2332 799 pecuniam
2350 756 2370 787 ,
2399 726 2565 800 quae

416 810 613 909 apud
644 834 763 882 me
794 824 1051 881 contra
1078 808 1301 881 fidem
1334 834 1572 882 meam
1609 810 1792 882 nihil
1822 814 2217 911 potuisset,
2255 810 2452 910 apud
2485 836 2564 885 se

418 935 673 993 contra
704 921 1059 993 honorem
1092 944 1337 993 meum
1374 920 1560 992 nihil
1611 944 1822 1020 posse
1871 920 2164 994 debere.
2207 925 2376 1014 Quo
2404 926 2568 1020 qui-

419 1032 589 1104 dem
625 1030 744 1103 die
777 1034 1136 1131 primum,
1165 1030 1488 1127 judices,
1539 1034 1736 1103 citati
1776 1035 1852 1102 in
1899 1031 2102 1103 hunc
2142 1054 2352 1103 reum
2387 1054 2562 1101 con-

422 1140 745 1231 sedistis,
784 1146 951 1240 quis
989 1156 1137 1215 tam
1168 1145 1506 1214 inimicus
1539 1141 1712 1213 huic
1741 1142 1982 1214 ordini
1999 1140 2189 1243 fuit,
2215 1146 2380 1239 quis
2415 1156 2566 1213 tam

424 1277 787 1325 novarum
824 1278 1107 1340 rerum,
1148 1252 1598 1349 judiciorum
1619 1263 1676 1339 ⁹,
1710 1253 2190 1350 judicumque
2213 1251 2567 1350 cupidus,

424 1366 725 1460 quinon
746 1378 1147 1463 conspectu
1170 1388 1664 1462 consessuque
1681 1378 1924 1437 vestro
1949 1362 2572 1435 commoveretur?

421 1477 673 1566 Quum
706 1476 787 1545 in
822 1498 913 1546 eo
942 1488 1181 1546 vestra
1208 1474 1385 1545 mihi
1416 1475 1728 1573 dignitas
1757 1474 2080 1547 fructum
2109 1474 2572 1571 diligentiae¹⁰

422 1582 765 1673 referret;
806 1584 881 1657 id
924 1609 1087 1656 sum
1124 1602 1599 1685 assequutus,
1635 1602 1720 1659 ut
1751 1612 1898 1658 una
1931 1586 2146 1673 hora,
2183 1610 2332 1685 qua
2377 1574 2592 1683 coepi'

422 1693 705 1784 dicere,
768 1720 897 1769 reo
946 1696 1200 1769 audaci
1222 1691 1311 1785 ³¹,
1358 1700 1792 1795 pecunioso,
1855 1694 2194 1796 proquO,
2248 1694 2570 1795 perdit0,

426 1830 633 1905 spem
652 1806 907 1903 judicii
940 1806 1462 1906 corrumpendi
1494 1808 1998 1906 praeciderem3
2027 1823 2112 1878 ut
2147 1810 2390 1906 primo
2420 1805 2572 1893 die,

426 1920 725 1989 testium
760 1933 965 1990 tanto
1000 1943 1315 1990 numero
1350 1923 1609 2007 citato,
1646 1920 1968 2019 populus
2002 1942 2352 1991 romanus
2371 1916 2574 2013 judi-

427 2045 622 2101 caret
644 2086 664 2119 ,
702 2033 863 2129 ipso
898 2031 1237 2135 absoluto
1276 2030 1810 2131 rempublicam
1847 2047 2034 2103 stare
2071 2055 2222 2101 non
2249 2038 2575 2127 posse¹²;

426 2154 513 2210 ut
542 2140 725 2212 alter
752 2140 909 2213 dies
950 2146 1201 2213 amicis
1236 2146 1443 2215 istius
1484 2166 1569 2214 ac
1609 2140 2122 2214 defensoribus
2159 2166 2313 2212 non
2349 2137 2576 2209 modo

429 2272 635 2347 spem
668 2254 1024 2340 victoriae,
1060 2254 1187 2325 sed
1222 2257 1439 2327 etiam
1477 2252 1932 2327 voluntatem
1965 2250 2418 2323 defensionis
2453 2260 2578 2321 a‘u-

426 2356 684 2449 ferret3
726 2378 809 2433 ut
844 2366 1103 2435 tertius
1136 2364 1293 2436 dies
1324 2368 1427 2437 sic
1469 2364 1846 2436 hominem
1889 2378 2417 2464 prosterneret,
2457 2376 2573 2449 ut,

430 2470 695 2543 morbo
716 2473 1057 2545 simulato
1076 2530 1096 2564 ,
1128 2501 1281 2546 non
1298 2530 1319 2565 ,
1345 2476 1528 2574 quid
1552 2475 2062 2574 responderet,
2103 2473 2231 2546 sed
2253 2530 2274 2560 ,
2307 2498 2572 2572 quem-

426 2578 821 2654 admodum
872 2611 1025 2657 non
1076 2588 1594 2686 responderet,
1631 2584 2066 2659 deliberaret
2099 2615 2116 2656 ε
2151 2584 2420 2657 deinde
2459 2608 2576 2656 re-

429 2691 649 2789 liquis
683 2693 1050 2785 diebus¹³,
1078 2696 1195 2769 his
1226 2696 1694 2785 criminibuS,
1725 2696 1839 2767 his
1869 2694 2216 2783 testibus,
2255 2710 2327 2766 et
2363 2692 2579 2765 urba—

432 2804 584 2888 nis,
642 2818 717 2873 et
766 2806 1337 2903 provincialibus
1380 2810 1483 2879 sic
1535 2807 1850 2879 obrutus
1909 2822 2132 2905 atque
2185 2828 2578 2904 oppressus

430 2926 574 2999 est,
602 2928 684 2985 ut
704 2913 817 2985 his
843 2914 1189 2989 ludorum
1218 2917 1481 2989 diebus
1499 2927 1564 2972 ¹⁴
1602 2920 2076 3016 interpositis,
2111 2940 2332 2988 nemo
2353 2919 2576 2986 istum

432 3026 1196 3120 comperendinatum,
1234 3027 1362 3100 sed
1400 3028 1970 3100 condemnatum
2002 3025 2382 3122 judicaret.

531 3138 724 3206 VIII.
766 3138 1235 3239 Quapropter
1262 3138 1668 3239 ego,'quod
1697 3140 1790 3211 ad
1807 3162 1924 3211 me
1949 3142 2243 3224 attinet,
2258 3136 2540 3235 judices
2557 3188 2578 3223 ,

434 3378 523 3443 qni
544 3394 647 3429 non
676 3393 895 3443 norunt,
916 3384 1095 3449 sapius
1120 3395 1177 3434 nt
1194 3384 1247 3435 h.
1264 3384 1301 3433 l.
1326 3366 1463 3434 muss-
1625 3401 1710 3435 η.
1741 3386 1886 3433 Stare
1910 3400 2010 3432 non
2031 3398 2195 3448 posse.
2215 3380 2370 3444 Quod
2395 3379 2484 3445 qui
2503 3380 2581 3427 in-

434 3469 595 3522 pttut·
1549 3465 1794 3529 teger-rimi
1815 3463 2010 3526 judiees
2035 3464 2362 3523 haberentur,
2399 3461 2437 3508 ii
2471 3474 2583 3507 cor-

506 3540 557 3587 8.
576 3541 717 3592 Meis.
743 3543 937 3607 Quibus
961 3560 1067 3592 mea
1088 3558 1165 3592 rea
1191 3560 1279 3592 aen
1304 3542 1466 3593 aecmi-
1549 3545 1830 3609 mptissime
1843 3542 2138 3604 judicarent.
2655 3599 2663 3608 ι

436 3629 513 3667 ω
532 3620 895 3684 agebam-,vm
906 3625 1020 3673 Act.
1042 3628 1095 3686 1,
1126 3640 1174 3689 9.
1629 3626 1709 3675 13.
1737 3622 1956 3689 Reliquis
1981 3622 2169 3671 diebus.
2187 3623 2313 3678 8013
2339 3634 2451 3667 nam
2481 3616 2585 3665 die-

506 3714 559 3762 9.
583 3701 905 3753 Judicforum.
928 3703 1145 3753 subaud.
1162 3720 1413 3754 novorum.
1550 3705 1645 3753 Ima
1681 3720 1864 3752 novem
1909 3702 2116 3767 primam
2149 3699 2396 3750 actionem
2429 3708 2586 3745 trana-

512 3793 599 3828 10.
643 3781 941 3847 Diligentioe.
978 3785 1138 3847 Quam
1178 3784 1367 3833 scilicet
1406 3784 1461 3832 in
1548 3796 1706 3833 actam
1729 3800 1834 3832 esso
1855 3781 2088 3831 ostendit.

435 3856 713 3919 rejiciendis
727 3861 978 3922 jndicibus
1000 3863 1332 3912 adhibueram.
1629 3872 1711 3921 ιι.
1755 3862 1844 3911 His
1884 3860 2112 3909 ludorum
2151 3857 2335 3906 diebus.
2369 3857 2463 3904 Per
2495 3854 2590 3903 hoa

512 3954 593 3987 ιι.
612 3939 827 3989 Audaci.
860 3942 943 3991 Ad
959 3944 1463 4008 corrumpendum.—-
1550 3944 1679 4003 dieu,
1705 3944 1794 4007 qni
1821 3956 1976 4007 prope
2003 3938 2326 4003 qnadraginta
2361 3937 2590 3998 interpo-

436 4016 657 4068 Perdice.
688 4021 787 4083 Qui
814 4022 963 4071 nullis
986 4022 1280 4082 rationibus,
1307 4022 1461 4073 modo
1549 4024 1632 4071 siti
1655 4032 1798 4083 sunt,
1821 4021 2062 4071 ludorum
2081 4035 2245 4068 cansa.
2259 4016 2388 4065 vide
2409 4017 2528 4064 Act.
2547 4016 2588 4073 Ι,

438 4097 501 4145 ad
522 4096 669 4147 finem
686 4100 989 4163 perveniret,
1010 4102 1257 4164 parcebat.
1552 4116 1664 4167 eap-
1687 4116 1768 4150 ιο.
