2984 4684
469 374 606 447 562
1269 374 1811 444 EXCURSUS

469 517 600 565 tur.
623 497 878 585 Ulpian.
909 496 1150 585 Digest.
1179 496 1291 561 lib.
1317 496 1368 559 L
1387 542 1406 577 ,
1441 495 1537 559 tit.
1569 495 1674 575 15,
1706 496 1749 560 l.
1778 494 1836 561 3.
1870 494 2257 560 solvebatur
2284 518 2407 587 pro
2436 499 2609 587 agris

467 624 534 671 et
561 605 822 695 opibus.
861 602 1114 669 Deinde
1143 603 1571 687 aestimatione
1596 624 1826 667 eorum
1850 603 2150 667 omnium
2178 605 2379 687 facta,
2414 606 2607 671 etiam

465 711 813 779 centesima
851 732 1070 773 annua
1103 732 1228 798 pro
1263 709 1406 797 ipso
1439 708 1649 797 capite
1680 708 1974 773 dabatur.
2006 710 2073 773 Is
2104 709 2282 773 enim
2306 726 2447 775 erat
2472 713 2611 776 fere

467 816 702 883 modus
737 815 924 881 istius
959 815 1208 881 tributi.
1243 816 1374 879 Pro
1407 814 1629 881 liberis
1664 814 1787 905 ipsi
1830 832 2131 903 parentes
2170 817 2608 883 exsolvebant.

465 924 816 989 servorum
849 920 1188 986 oestimatio
1223 920 1531 985 censibus
1568 918 1935 985 accedebat.
1966 922 2093 985 Ista
2128 922 2462 1010 capitatio,
2510 924 2611 989 fas

465 1030 548 1093 sit
575 1028 672 1093 uti
693 1027 896 1091 verbo
927 1026 1316 1115 peregrino,-
1333 1026 1611 1090 alterum
1644 1026 1919 1115 vectigal
1945 1028 2071 1093 fuit
2096 1050 2289 1119 grave
2312 1030 2607 1117 populis,

465 1134 736 1222 quibus,
772 1148 1008 1222 praeter
1039 1130 1482 1213 ordinarium,
1518 1128 1869 1196 aceedebat
1908 1130 2113 1219 [unde
2148 1132 2609 1224 stipendiario-

464 1262 612 1305 rum
639 1236 934 1305 conditio
959 1236 1304 1305 durissima
1331 1258 1587 1327 semper
1612 1235 1831 1301 habita
1858 1238 1981 1327 est]
2004 1262 2020 1303 :
2052 1240 2424 1329 reipublieae
2450 1262 2611 1307 vero

467 1344 1102 1425 fructuosissimum3
1143 1342 1264 1407 etsi
1299 1342 1452 1408 solis
1485 1342 1854 1408 centesimis
1884 1345 2101 1433 primo
2132 1346 2407 1434 persolvi
2440 1345 2613 1411 vide—

465 1469 662 1517 retur.
715 1450 964 1538 Saepius
1011 1449 1188 1515 enim
1242 1448 1583 1515 eveniebat
1627 1466 1705 1515 ut
1752 1448 1899 1515 duoe
1922 1498 1943 1534 ,
1992 1468 2191 1517 terme
2240 1452 2611 1517 centesimae

465 1573 700 1626 exactae
739 1555 988 1622 fuerint
1033 1554 1116 1619 ab
1161 1555 1240 1619 iis
1277 1554 1625 1637 nimirum,
1663 1556 1779 1643 qui
1810 1578 1982 1646 saepe
2018 1557 2209 1639 victi,
2255 1557 2409 1645 quia
2438 1580 2613 1647 saepe

477 1664 899 1744 rebellarent3
955 1679 1204 1751 quanto
1252 1664 1458 1753 magis
1502 1662 1661 1727 inde
1700 1686 1993 1729 erescere
2032 1663 2261 1729 debuit
2292 1666 2611 1755 vectigal?

465 1774 658 1837 Certe
695 1766 778 1833 de
813 1768 1052 1833 Judaeis
1087 1768 1314 1834 scribit
1343 1770 1679 1857 Appianus
1716 1770 1787 1834 in
1822 1770 1965 1861 Syr.
1993 1771 2083 1835 ob
2114 1792 2256 1837 eam
2292 1792 2432 1836 rem
2464 1795 2611 1863 gra-

461 1877 644 1940 viora
677 1872 918 1941 Judaeis
953 1875 1235 1957 tributa,
1279 1898 1476 1963 quam
1528 1898 1675 1963 quae
1712 1898 1837 1965 pro
1882 1898 2083 1942 ceusu
2130 1879 2609 1961 conferrentur,

465 1983 530 2049 in
567 1981 978 2069 singulorum
1011 1996 1209 2069 caput
1233 1980 1536 2069 imposita
1567 1980 1787 2047 fuisse.

555 2087 731 2174 Ergo
751 2132 770 2166 ‚
827 2102 902 2149 ut
961 2086 1092 2149 hoe
1151 2102 1611 2173 argumentum
1663 2085 2085 2171 concludam,
2134 2088 2319 2155 facile
2373 2086 2609 2155 dixeris

465 2193 642 2258 orbis
671 2192 957 2258 universi
985 2189 1356 2255 divitiarum
1393 2209 1643 2281 partem
1678 2196 2026 2276 maximam
2066 2197 2133 2260 in
2175 2198 2471 2262 oerarium
2508 2220 2613 2263 ro-

465 2322 734 2365 manum
769 2296 1194 2383 confluxisse,
1230 2314 1296 2368 et
1320 2298 1649 2388 quidquid
1674 2302 1863 2367 aunis
1896 2303 2165 2392 singulis
2195 2304 2459 2392 populi,
2494 2321 2611 2370 aut

465 2420 786 2485 sererent,
822 2420 937 2469 aut
969 2420 1321 2487 meterent,
1353 2404 1424 2469 id
1457 2428 1659 2471 omne
1692 2408 1851 2497 reip.
1882 2409 2101 2474 fuisse.

553 2512 652 2579 De
697 2511 846 2592 jure
900 2510 1321 2593 instituendi,
1373 2528 1440 2575 et
1508 2512 1765 2577 locandi
1818 2516 2152 2605 vectigalia
2206 2538 2412 2605 pauca
2470 2517 2613 2583 hoec

468 2617 790 2684 addimus.

554 2726 587 2788 J
597 2747 672 2789 us
707 2722 1094 2788 instituendi
1128 2723 1460 2811 vectigalia
1493 2746 1695 2811 penes
1727 2746 1913 2815 reges
1940 2728 2131 2792 initio
2162 2728 2291 2793 fuit
2313 2778 2332 2811 ,
2368 2730 2613 2820 quippe

469 2851 756 2917 quorum
805 2850 1008 2893 manu
1063 2828 1284 2891 omnia
1339 2829 1895 2917 gubernabantur.
1946 2834 2063 2897 His
2120 2836 2339 2915 ejectis
2397 2837 2613 2902 omnis

474 2956 706 3001 eorum
751 2947 1035 3021 potestas
1086 2931 1170 2996 ad
1205 2949 1503 3017 senatum
1526 2981 1547 3015 ‚
1592 2938 2047 3025 populumque
2080 2962 2427 3006 romanum
2462 2964 2615 3031 per-

472 3041 668 3105 venit.
719 3040 968 3127 Digest.
999 3040 1042 3102 l.
1077 3040 1144 3121 1,
1177 3040 1278 3105 tit.
1333 3064 1394 3105 ο.
1449 3040 1573 3105 Hie
1620 3061 1777 3131 ergo
1812 3046 2127 3131 quaeritur
2163 3068 2363 3135 penes
2411 3070 2612 3136 quos,

471 3145 671 3209 libera
711 3144 1074 3233 republica,
1125 3146 1322 3212 fuerit
1357 3162 1643 3234 potestas
1678 3150 2012 3240 vectigalia
2054 3153 2477 3238 instituendi3
2526 3176 2613 3221 an

474 3273 548 3315 ea
591 3274 790 3341 penes
841 3267 1140 3316 senatum
1183 3251 1382 3315 fuerit
1421 3253 1801 3321 inconsulto
1848 3258 2099 3346 populo
2120 3305 2140 3340 ,
2185 3281 2269 3322 an
2316 3276 2617 3324 senatus-

473 3357 776 3423 consulto
803 3358 1022 3436 jussus
1053 3358 1280 3445 populi
1315 3356 1621 3424 accedere
1654 3359 1967 3428 debuerit.
2003 3366 2097 3429 lta
2130 3381 2351 3429 censet
2374 3366 2615 3430 Manu-

475 3463 626 3531 tius.
664 3461 990 3549 Vectigal,
1023 3462 1237 3550 inquit
1269 3462 1352 3526 de
1383 3450 1617 3529 senatu
1652 3468 1840 3532 Rom.
1876 3492 2021 3558 pag.
2062 3469 2143 3534 85
2167 3518 2186 3551 ,
2226 3471 2411 3535 victis
2443 3471 2615 3537 bello

477 3567 780 3656 gentibus
804 3590 940 3649 non
967 3568 1106 3635 sine
1125 3569 1369 3658 populo
1391 3586 1659 3639 senatus
1682 3574 2077 3661 imponebat.
2098 3574 2227 3641 Sed
2240 3576 2615 3643 Manutium

477 3674 686 3761 probe
715 3672 948 3739 refellit
972 3674 1042 3737 P.
1076 3677 1490 3741 Burmannus
1520 3676 1603 3742 de
1628 3680 1873 3768 Vectig.
1899 3704 1957 3745 c.
1992 3704 2054 3769 7,
2082 3699 2148 3745 et
2174 3682 2615 3773 locupletibus

474 3777 774 3845 adductis
801 3780 1178 3847 auctoribus
1203 3782 1437 3871 probat
1460 3785 1687 3873 populi
1714 3802 1925 3874 partes
1954 3810 2059 3853 eas
2090 3806 2349 3854 tantum
2382 3790 2581 3856 fuisse
2594 3842 2613 3875 ‚

476 3899 554 3949 ut
581 3884 826 3962 bellum
853 3902 969 3951 aut
997 3884 1204 3951 foedus
1231 3886 1513 3973 juberet,
1536 3907 1649 3954 aut
1674 3908 1955 3977 vetaret3
1988 3894 2101 3961 sed
2132 3896 2617 3984 provinciarum

477 4008 545 4057 et
571 3991 776 4057 oerarii
811 4015 1034 4057 euram
1071 3992 1154 4058 ad
1191 4010 1488 4061 senatum
1518 4020 1723 4061 unum
1762 3988 2169 4087 pertinuisse.
2215 4004 2471 4068 Instant
2502 4002 2617 4069 ad-

474 4099 757 4182 versarii,
777 4115 842 4165 et
859 4122 938 4165 ex
957 4100 1178 4167 multis
1196 4102 1356 4166 Livii
1374 4102 1551 4186 locis,
1572 4128 1807 4195 nempe
1827 4108 1935 4174 lib.
1950 4110 2063 4194 IV,
2078 4135 2133 4177 c.
2159 4112 2230 4195 83
2252 4111 2614 4194 lib.xxlx,
