2984 4684
863 397 1001 464 DE
1049 397 1521 465 JUDICIIS
1572 398 2093 466 PUBLICIS.
2400 390 2537 464 601

421 533 594 582 tores
627 532 810 579 erant
828 564 846 597 ,
881 517 1052 579 inter
1083 532 1442 598 senatores,
1481 532 1849 605 equestrem
1876 516 2211 599 ordinem,
2248 532 2314 579 et
2346 516 2553 581 tribu-

421 646 542 686 nos
580 622 834 690 aerarios
875 623 1521 689 communicarentur
1544 647 1605 689 »z
1637 625 1764 688 hoc
1792 639 1920 706 est,
1947 640 2025 687 ut
2058 640 2187 687 tres
2220 622 2415 686 Urbis
2447 644 2555 686 or-

420 728 606 793 dines
637 728 717 792 ad
747 727 1176 807 iudicandum
1209 729 1720 795 advocarentur:
1750 729 1807 794 si
1832 728 2099 818 quidem
2126 728 2374 793 tribuni
2403 752 2557 793 aera-

418 836 498 899 rii
526 834 606 898 de
637 835 824 924 plebe
855 835 1140 900 fuerunt.
1177 838 1404 925 ltaque
1425 836 1682 903 Aurelia
1722 837 1851 918 lex,
1890 853 1956 901 et
1984 835 2193 899 Plotia
2220 835 2459 899 Silvani
2483 836 2551 898 in

420 964 500 1006 eo
527 942 697 1006 inter
727 964 796 1007 se
825 960 1308 1025 convenerunt,
1344 960 1418 1007 ut
1448 966 1529 1009 ex
1555 960 1834 1031 utraque
1864 944 2007 1031 lege
2044 942 2249 1005 tribus
2286 942 2555 1007 civitatis

420 1046 760 1112 ordinibus
796 1046 1009 1112 aditus
1045 1047 1128 1111 ad
1165 1072 1265 1113 res
1293 1048 1677 1129 judicandas
1713 1063 1980 1137 pateret.

505 1155 700 1217 Anno
731 1154 923 1217 Urbis
967 1154 1095 1241 698
1119 1202 1137 1236 ,
1177 1156 1296 1220 Cn.
1330 1156 1677 1244 Pompeius
1711 1155 1941 1219 consul
1972 1154 2037 1217 11
2062 1202 2080 1235 ,
2123 1153 2336 1242 legem
2374 1151 2553 1231 judi-

419 1260 676 1323 ciariam
709 1260 888 1341 tulit,
921 1283 1068 1347 quae
1103 1260 1183 1324 ab
1203 1262 1460 1325 Aurelia
1499 1262 1660 1325 nihil
1692 1260 1775 1325 de
1807 1261 2016 1325 tribus
2052 1258 2393 1323 ordinibus
2424 1256 2557 1323 dis-

422 1364 754 1455 crepabat3
787 1362 900 1428 sed
927 1364 1055 1429 hoc
1077 1366 1308 1429 habuit
1341 1366 1665 1454 peculiare
1690 1382 1767 1430 ut
1793 1388 1870 1430 ex
1892 1364 2287 1453 amplissimo
2317 1385 2515 1427 censu
2538 1411 2557 1443 ,

421 1470 602 1557 quod
643 1471 746 1534 lex
787 1470 1037 1534 Aurelia
1072 1494 1210 1534 non
1263 1470 1655 1553 attenderat,
1708 1494 1744 1534 e
1786 1471 2091 1536 centuriis
2136 1469 2261 1557 legi
2305 1468 2553 1549 judices

415 1576 690 1657 juberet.
730 1578 928 1659 Item,
959 1594 1036 1641 ut
1066 1578 1356 1665 quinque
1391 1594 1456 1643 et
1487 1579 1893 1669 septuaginta
1917 1576 2167 1659 judices
2197 1598 2419 1641 causas
2448 1598 2557 1639 co-

423 1699 828 1770 gnoscerent.

512 1791 582 1854 C.
612 1789 818 1854 Iulius
848 1790 1079 1873 Caesar,
1123 1814 1344 1854 rerum
1377 1792 1625 1878 potitus
1648 1841 1665 1874 ,
1699 1813 1875 1855 anno
1902 1814 2027 1879 7⁰7
2055 1789 2265 1881 legem
2286 1786 2558 1869 judicia-

423 1892 584 1957 riam
628 1894 811 1977 tulit,
868 1917 996 1981 qua
1045 1893 1287 1975 judicia
1336 1894 1420 1960 ad
1464 1895 1639 1960 duos
1696 1895 1957 1959 ordines
1977 1942 1995 1976 ‚
2042 1894 2438 1958 senatorium
2490 1910 2558 1956 et

423 2016 788 2085 equestrem
807 2049 824 2082 ,
859 2002 1124 2065 remotis
1157 2002 1358 2066 aerarii
1389 2001 1667 2066 tribunis
1686 2052 1705 2086 ,
1732 2000 1984 2090 redegit
2015 2024 2031 2066 :
2056 2032 2083 2057 ι
2107 2016 2182 2064 ut
2212 1999 2557 2089 purissima

424 2128 570 2194 pars
601 2108 872 2171 civitatis
901 2107 1280 2189 judicaret».
1319 2115 1532 2174 «Ante
1558 2110 1769 2191 enim,
1818 2108 2035 2197 inquit
2074 2107 2201 2172 Dio
2233 2108 2273 2171 l.
2305 2106 2557 2187 XLIII,

425 2227 492 2275 et
543 2212 842 2277 tribunos
887 2214 1090 2278 aerarii
1136 2215 1468 2304 intelligit,
1509 2238 1587 2278 ex
1635 2216 1826 2303 plebe
1876 2214 2141 2302 quidam
2192 2214 2382 2279 etiam
2429 2236 2561 2276 una

425 2340 576 2381 cum
611 2318 1016 2382 senatoribus
1049 2336 1114 2382 et
1147 2320 1476 2406 equitibus
1507 2319 1749 2400 judicia
1783 2320 2231 2385 exercebant».

513 2419 751 2486 Ultima
783 2422 886 2486 lex
907 2420 1241 2502 judiciaria
1267 2440 1366 2487 est
1392 2423 1484 2487 Μ.
1515 2424 1813 2504 Antonii,
1849 2424 1962 2510 qui
1993 2424 2292 2487 triumvir
2322 2421 2463 2485 fuit.
2496 2423 2558 2485 Is

433 2551 640 2617 quum
673 2544 841 2592 esset
873 2529 1104 2592 consul
1129 2551 1232 2593 an.
1265 2552 1428 2616 710,
1450 2530 1582 2593 hoc
1614 2530 1823 2593 sanxit
1841 2577 1859 2611 ,
1885 2545 1961 2592 ut
1990 2527 2075 2592 ad
2102 2528 2266 2591 duas
2298 2543 2558 2591 senato-

429 2657 578 2698 rum
615 2650 678 2697 et
724 2632 1019 2721 equitum
1053 2632 1343 2699 decurias
1376 2634 1709 2699 accederet
1741 2634 1927 2698 tertia
1962 2655 1999 2697 e
2032 2632 2555 2713 centurionibus,

428 2740 886 2831 antesignanis,
910 2739 1415 2828 manipularibus
1432 2740 1705 2829 legionis
1726 2739 2003 2805 Alaudae.
2038 2740 2169 2804 Cic.
2194 2737 2559 2828 Philipp.V,

431 2866 568 2932 cap.
615 2866 713 2909 12.
778 2846 962 2909 Hanc
1005 2846 1273 2909 Antonii
1327 2846 1535 2934 legem
1585 2846 1809 2909 Cicero
1862 2845 2139 2934 exagitat
2184 2845 2461 2933 Philipp.
2489 2846 2519 2907 Ι
2542 2892 2559 2924 ,

432 2974 567 3040 cap.
593 2973 704 3033 20,
742 2974 822 3015 ex
853 2976 932 3018 eo
975 2949 1156 3039 quod
1199 2952 1265 3015 in
1301 2941 1492 3017 tertio
1522 2951 1648 3016 isto
1698 2951 1929 3016 ordine
1959 2951 2251 3033 judicum
2285 2936 2563 3040 legendo

433 3057 686 3123 tolleret
719 3081 915 3123 omne
947 3058 1293 3123 discrimen
1322 3074 1388 3122 et
1417 3060 1699 3123 fortunae
1731 3075 1796 3123 et
1828 3056 2185 3148 dignitatis:
2210 3058 2305 3123 «O
2325 3074 2562 3122 contu·

434 3164 776 3230 meliosum
815 3167 1172 3249 honorem,
1209 3165 1456 3253 inquit,
1502 3165 1581 3230 iis
1626 3188 1792 3254 quos
1838 3164 1921 3229 ad
1967 3163 2392 3247 judicandum
2444 3187 2562 3228 nec
2610 3240 2619 3247 .

433 3272 769 3360 opinantes
803 3272 1107 3338 vocasti».

520 3380 846 3443 Hactenus
874 3377 958 3442 de
975 3378 1162 3442 variis
1181 3378 1520 3444 ordinibus
1535 3428 1553 3461 ,
1577 3378 1753 3444 unde
1770 3376 2015 3457 judices
2037 3400 2155 3465 per
2170 3377 2371 3441 varias
2392 3376 2563 3465 leges

433 3486 701 3549 fuerunt
733 3485 899 3549 lecti.
959 3484 1155 3549 Nunc
1191 3484 1288 3565 de,
1317 3502 1454 3550 tota
1487 3484 1887 3550 instituenda
1922 3484 2211 3563 actione,
2248 3499 2443 3570 atque
2478 3481 2561 3547 de

433 3604 572 3653 tota
599 3588 833 3678 agendi
864 3587 1039 3677 apud
1075 3606 1418 3677 praetorem
1452 3591 1705 3655 ratione
1736 3606 1833 3654 est
1860 3588 2329 3653 disserendum.
2378 3585 2563 3651 Ordo

433 3695 574 3759 talis
594 3695 739 3759 fuit.
769 3696 1062 3760 Privatus
1096 3696 1282 3779 civis,
1311 3697 1424 3784 qui
1450 3697 1681 3783 privati
1711 3718 1953 3760 nomen
1984 3694 2231 3759 deferre
2253 3695 2322 3757 in
2346 3694 2566 3757 animo
2600 3770 2604 3777 -

435 3800 664 3867 habuit
692 3801 717 3889 (
731 3826 882 3867 nam
911 3819 1061 3891 post
1090 3804 1534 3891 magistratum
1551 3851 1569 3884 ,
1597 3825 1728 3867 non
1769 3804 1835 3865 in
1874 3802 2270 3892 magistratu,
2296 3798 2567 3864 reddere

435 3908 752 3973 rationem
811 3907 1156 3997 oportebat
1185 3930 1408 3973 earum
1459 3930 1715 3989 rerum,
1762 3930 1923 3995 quas
1971 3908 2115 3995 quis
2164 3907 2232 3971 in
2282 3904 2568 3995 gerendo

437 4014 816 4104 magistratu
862 4030 1088 4079 contra
1121 4015 1292 4105 leges
1325 4015 1725 4079 commisisse
1762 4014 2139 4102 putaretur)
2176 4036 2328 4078 eum
2363 4013 2431 4076 in
2460 4012 2567 4091 jus

438 4120 725 4202 vocavit,
758 4135 824 4184 et
858 4136 1198 4209 praetorem
1231 4122 1298 4185 in
1330 4121 1476 4185 foro
1514 4118 1735 4185 adiens
1770 4120 1886 4207 qui
1914 4118 1997 4185 de
2033 4120 2303 4185 crimine
2333 4118 2443 4183 ino
2470 4140 2571 4180 co-
