2984 4684
716 406 824 477 IN
876 405 1314 475 VERREM
1362 409 1578 477 ACT.
1627 409 1746 495 ΙΙ,
1795 411 1994 478 LIB.
2043 411 2140 477 11.
2355 409 2490 496 431

456 527 665 598 Dicet
682 525 941 624 aliquis
960 553 977 596 τ
1000 526 1198 616 Quid
1228 552 1401 624 ergo
1421 530 1500 597 iu
1526 526 1668 599 hoc
1685 531 1986 600 Verrem
2004 528 2504 627 reprehendiS,

358 641 486 736 qui
513 662 665 709 non
696 637 920 709 modo
947 642 1101 736 ipse
1140 637 1260 708 fur
1288 663 1439 710 non
1467 651 1577 709 est
1603 692 1623 725 ,
1653 637 1778 709 sed
1819 663 1914 709 ne
1949 638 2166 710 alium
2203 639 2503 737 quidem

358 771 615 846 passus
652 760 763 820 est
791 748 991 818 esse?
1013 747 1422 820 Attendite:
1445 750 1594 844 jam
1617 748 2030 846 intelligetis
2063 749 2250 821 hanc
2286 774 2504 850 pecu-

360 860 593 947 niam,
628 883 791 956 quae
817 855 983 929 via6
1014 858 1237 930 modo
1275 860 1425 930 visa
1461 873 1572 930 est
1608 861 1802 930 exire
1839 857 1934 932 ab
1971 861 2142 950 ist0,
2175 861 2504 934 eamdem

358 969 611 1040 semita
650 969 1053 1042 revertisse.
1097 967 1297 1059 Quid
1317 980 1342 1024 ⁷
1380 970 1628 1042 enim?
1661 966 1962 1042 debuit⁸
2005 985 2294 1068 praetor,
2333 997 2502 1044 cum

355 1077 661 1152 consilio
700 1103 781 1150 re
818 1083 1142 1178 cognita,
1185 1104 1422 1177 quum
1472 1081 1980 1177 comperisset,
2019 1105 2235 1152 suum
2275 1086 2502 1153 comi-

354 1203 543 1274 tem,
573 1188 799 1282 juriS,
846 1187 1159 1277 decreti,
1197 1214 1222 1284 J
1237 1189 1453 1260 udicii
1490 1190 2008 1288 corrumpendi
2047 1216 2301 1280 causa,
2355 1217 2502 1289 qua

355 1299 430 1368 in
480 1324 561 1370 re
606 1299 834 1398 ipsius
876 1300 1201 1397 praetoris
1247 1315 1467 1399 caput
1511 1303 2090 1398 existimatioque
2135 1317 2503 1399 ageretur,

353 1412 739 1507 pecuniam
786 1412 1147 1509 accepisse
1169 1465 1190 1499 ,
1246 1410 1545 1482 Bidinos
1594 1425 1840 1482 autem
1883 1427 2137 1484 contra
2176 1415 2502 1510 proetoris

354 1517 617 1592 samam
654 1545 738 1592 ac
778 1519 1109 1593 fortunas
1149 1519 1475 1609 dedisse,
1515 1546 1665 1593 non
1705 1536 1780 1593 et
1816 1523 1894 1592 in
1935 1547 2106 1594 eum
2121 1535 2178 1609 9,
2217 1528 2346 1620 qui
2381 1546 2497 1595 ac-

354 1633 699 1728 cepisset,
724 1631 1317 1704 animadvertisse
1339 1644 1429 1720 ¹⁰,
1466 1646 1576 1721 et,
1607 1636 1682 1703 in
1717 1655 1879 1719 eoa,
1919 1637 2050 1730 qui
2090 1632 2504 1707 dedissent?

350 1743 497 1830 Tu,
534 1747 663 1839 qui
700 1745 1113 1815 institueras
1146 1743 1225 1811 iu
1256 1767 1383 1814 eos
1419 1741 2039 1829 animadvertere,
2077 1745 2208 1841 qui
2245 1769 2497 1843 perpe-

350 1876 505 1922 ram
545 1851 1025 1947 judicasseut,
1070 1852 1275 1950 quod
1328 1877 1515 1950 saepe
1565 1877 1700 1952 per
1755 1851 2320 1952 imprudentiam
2371 1855 2495 1944 fit;

351 1961 487 2034 hos
522 1967 788 2061 pateris
816 1967 1120 2063 impune
1150 1962 1550 2052 discedere,
1570 1967 1696 2061 qui
1725 1963 1825 2035 ob
1856 1978 2066 2034 tuum
2093 1963 2495 2050 decretum,

351 2072 450 2143 ob
490 2088 697 2145 tuum
731 2071 1123 2168 judicium,
1167 2074 1550 2172 pecuniam
1591 2087 1718 2145 aut
1755 2071 2100 2162 dandam,
2145 2089 2273 2145 aut
2313 2079 2496 2147 acci·

352 2183 691 2280 piendam
755 2185 1149 2283 putarant?
1203 2183 1576 2254 Volcatius
1629 2181 1824 2254 idem
1873 2180 2069 2281 apud
2119 2198 2190 2255 te
2247 2171 2500 2283 postea

350 2291 525 2384 fuit,
564 2317 787 2391 eques
820 2317 1166 2365 romanus
1185 2335 1217 2382 ,-
1242 2305 1444 2364 tanta
1482 2308 1778 2387 accepta
1812 2293 2232 2390 ignominia.

446 2410 704 2478 XXIV.
742 2409 929 2476 Nam
961 2402 1139 2501 quid
1170 2418 1282 2475 est
1313 2403 1598 2500 turpius
1627 2403 1946 2498 ingenuo
1966 2414 2018 2489 ¹,
2045 2403 2224 2500 quid
2255 2405 2496 2476 minus

349 2515 583 2588 libero
630 2513 972 2612 dignum,
1028 2537 1251 2610 quam
1307 2514 1381 2582 in
1444 2525 1816 2583 conventu
1873 2516 2188 2582 maximo
2243 2517 2404 2610 cogi
2455 2539 2498 2586 a

350 2627 773 2725 magistratu
812 2621 1093 2694 furtum
1142 2620 1492 2694 reddere?
1537 2622 1666 2719 qui
1687 2675 1706 2709 ,
1761 2622 1822 2692 si
1865 2645 1956 2692 eo
1991 2623 2236 2692 animo
2271 2623 2497 2710 esset,

348 2860 554 2924 pecunia
586 2873 691 2907 non
720 2855 785 2906 ad
810 2872 921 2905 eum
939 2889 955 2917 ,
988 2853 1075 2903 aed
1094 2854 1155 2904 ad
1173 2857 1375 2904 Verrem

350 2939 673 3002 pervenisset,
707 2937 775 2986 ita
800 2947 859 2985 ut
892 2935 1019 2983 banc
1048 2933 1373 2993 restituendo,

284 3076 289 3082 ¹
348 3020 472 3068 nihil
499 3020 663 3068 damni
681 3019 937 3067 Volcatius
963 3018 1181 3067 sentiret.

422 3101 473 3148 6.
498 3101 619 3162 Quae
652 3099 763 3149 via.
806 3099 887 3147 Sie
924 3101 1045 3147 Hot.
1070 3109 1120 3145 et
1136 3095 1376 3147 Wittenb.

350 3179 479 3229 Bibl.
514 3179 621 3228 crit.
649 3190 779 3244 part.
806 3180 857 3226 11
878 3211 895 3239 ,
940 3193 1054 3244 pag.
1088 3193 1165 3226 xo.
1198 3179 1379 3226 sensns

350 3271 424 3308 est
448 3273 462 3307 ε
499 3260 708 3306 Pecunia
735 3274 846 3322 qua
873 3258 1033 3322 palam
1058 3257 1163 3305 visa
1187 3268 1262 3305 est
1292 3273 1379 3304 ex-

350 3339 422 3388 ire
448 3336 512 3385 ab
538 3337 633 3384 isto
649 3371 667 3398 ,
689 3336 881 3385 occulte
902 3349 975 3386 est
996 3337 1042 3384 ei
1066 3335 1275 3384 reddita.
1295 3338 1379 3382 Sic

351 3433 495 3481 supra
510 3429 661 3478 ,.eap.
684 3429 776 3474 ao,
808 3437 835 3456 α
854 3432 941 3479 per
962 3414 1335 3480 pseudothyron
1351 3435 1375 3458 ι

352 3494 666 3558 dixitNulgo
680 3495 869 3558 inepte:
889 3515 916 3536 ιι
927 3509 1022 3558 qun
1042 3495 1119 3544 vin
1130 3529 1145 3542 .
1158 3528 1173 3541 .
1184 3528 1198 3545 .
1208 3493 1377 3542 eadem

352 3578 523 3627 semita
537 3596 579 3624 n.

426 3671 475 3716 ⁰7.
502 3654 632 3711 Alii,
670 3649 831 3716 «quid
851 3651 981 3700 enim
1004 3649 1173 3700 debuit
1202 3667 1279 3716 pr.
1307 3651 1379 3700 fe·

352 3737 473 3784 cisse
486 3757 527 3782 »-
552 3733 679 3784 LV.
705 3735 761 3782 1..

426 3817 477 3865 8.
490 3813 686 3865 Debuit.
710 3812 763 3860 Si
785 3826 890 3860 non
913 3810 1187 3860 collusio-et
1202 3814 1379 3860 Verres

354 3911 467 3944 eum
503 3893 729 3942 Volcatio
770 3901 821 3940 et
862 3889 1075 3950 Bidinis,
1112 3889 1287 3940 debuit
1324 3891 1379 3938 in

352 3991 440 4026 eos
464 3972 862 4024 animadvertere.

429 4071 478 4116 9.
512 4054 633 4112 Alii,
680 4074 706 4094 a
728 4062 777 4100 et
820 4066 923 4100 non
970 4050 1024 4098 in
1068 4065 1180 4098 eum
1194 4071 1237 4098 n.
1282 4047 1379 4098 Sed

354 4131 533 4180 Schiitz
554 4169 570 4190 ‚
614 4143 727 4197 post
776 4132 977 4179 Hotom.
1031 4130 1230 4178 retraxit
1280 4145 1377 4178 non

1464 2867 1578 2906 aute
1589 2856 1766 2904 debuit.
1787 2859 1848 2904 Iu
1867 2854 2041 2904 eodem
2058 2857 2296 2906 orationis
2311 2867 2496 2923 metu,

1465 2938 1580 2987 eod.
1618 2937 1801 2987 Nnnnii
1845 2947 1960 3001 post
2011 2937 2254 2986 «Bidinos
2288 2953 2450 2991 autem
2469 2964 2494 2982 υ
2559 2961 2566 2972 ·

1464 3019 1642 3081 repetit
1681 3039 1702 3060 ι
1717 3015 1974 3081 pecuniam
1987 3036 2029 3064 ι.
2054 3017 2104 3066 J.
2115 3017 2178 3064 V.
2199 3017 2252 3067 L.

1551 3111 1630 3145 ιο.
1653 3094 2078 3144 Animadvenisse.
2094 3095 2298 3160 Egregie
2324 3097 2386 3145 de
2405 3098 2497 3148 hae

1465 3192 1520 3224 re
1549 3177 1725 3227 Cicero
1762 3175 1826 3224 ad
1871 3174 2116 3236 Quintum
2157 3181 2314 3226 Fratr.
2346 3179 2396 3236 1,
2431 3193 2491 3230 1:

1465 3256 1726 3319 «Denique
1751 3255 1858 3302 haec
1881 3253 2054 3319 opinio
2079 3256 2142 3303 sit
2157 3289 2172 3314 ‚
2213 3272 2314 3304 non
2339 3258 2494 3307 modo

1463 3334 1552 3392 iis,
1593 3336 1680 3399 qui
1721 3333 1908 3398 aliquid
1951 3336 2231 3400 acceperint
2246 3372 2261 3397 ,
2305 3337 2393 3384 sed
2431 3339 2492 3385 iis

1464 3415 1612 3462 etiam
1627 3449 1642 3472 ,
1666 3416 1750 3479 qui
1775 3414 1962 3479 aliquid
1985 3414 2236 3474 dederint,
2261 3428 2310 3465 te
2327 3417 2492 3466 inimi-

1467 3509 1606 3552 cum,
1635 3496 1676 3542 si
1701 3495 2014 3558 cognoveris,
2051 3495 2288 3545 futurum.
2319 3497 2492 3560 Neque

1466 3561 1583 3620 v'ero
1607 3573 1866 3637 quisquam
1892 3571 2054 3634 dabit,
2088 3590 2242 3638 quum
2271 3576 2364 3622 erit
2393 3575 2494 3624 hoe

1464 3663 1802 3716 perspectum,
1827 3651 1950 3700 nihii
1976 3669 2065 3716 per
2085 3669 2170 3704 eos
2184 3685 2200 3711 ,
2236 3654 2324 3718 qui
2339 3657 2494 3704 olmu-

1463 3725 1570 3776 lant
1589 3747 1642 3778 ae
1668 3730 1800 3794 apud
1825 3740 1874 3778 te
1902 3731 2106 3780 multum
2131 3733 2412 3796 ponem-bs
2444 3746 2494 3784 te

1464 3809 1620 3858 solere
1641 3810 1888 3873 impetrari
1899 3831 1942 3858 ιο.

1484 3935 1488 3938 .
1538 3891 1730 3938 xnv.
1759 3905 1802 3937 1.
1825 3891 2064 3954 Ingenuo.
2079 3890 2350 3940 Hominum
2369 3910 2492 3942 eon-

1469 3967 1596 4021 ditio
1634 3965 1767 4032 apud
1807 3970 1953 4017 Rom.
1991 3969 2208 4033 triplex:
2237 3971 2322 4022 alii
2354 3986 2489 4022 erant

1468 4049 1622 4104 servi,
1648 4047 1732 4095 alii
1757 4046 1928 4116 liberi,
1955 4047 2038 4096 alii
2065 4050 2292 4114 ingenui,
2327 4054 2414 4116 qui
2441 4066 2490 4102 et

1467 4127 1658 4176 nobiles
1685 4127 1822 4176 dicti.
