<?xml version="1.0" encoding="UTF-8"?>
<!DOCTYPE html PUBLIC "-//W3C//DTD XHTML 1.0 Transitional//EN"
    "http://www.w3.org/TR/xhtml1/DTD/xhtml1-transitional.dtd">
<html xmlns="http://www.w3.org/1999/xhtml" xml:lang="en" lang="en">
 <head>
  <title>
</title>
<meta http-equiv="Content-Type" content="text/html;charset=utf-8" />
  <meta name='ocr-system' content='tesseract 3.04.00' />
  <meta name='ocr-capabilities' content='ocr_page ocr_carea ocr_par ocr_line ocrx_word'/>
</head>
<body>
  <div class='ocr_page' id='page_1' title='image "./mtciceronisquae03lemagoog_0304.png"; bbox 0 0 2984 4684; ppageno 0'>
   <div class='ocr_carea' id='block_1_1' title="bbox 440 369 1930 455">
    <p class='ocr_par' dir='ltr' id='par_1_1' title="bbox 440 369 1930 455">
     <span class='ocr_line' id='line_1_1' title="bbox 440 369 1930 455; baseline 0 -18"><span class='ocrx_word' id='word_1_1' title='bbox 440 369 579 455; x_wconf 78' lang='lat'><strong>264</strong></span> <span class='ocrx_word' id='word_1_2' title='bbox 1076 372 1173 438; x_wconf 86' lang='lat' dir='ltr'><strong>M.</strong></span> <span class='ocrx_word' id='word_1_3' title='bbox 1226 373 1303 439; x_wconf 87' lang='grc' dir='ltr'><strong>Τ.</strong></span> <span class='ocrx_word' id='word_1_4' title='bbox 1360 370 1930 439; x_wconf 78' lang='lat' dir='ltr'><strong>CICERoMs</strong></span> 
     </span>
    </p>
   </div>
   <div class='ocr_carea' id='block_1_2' title="bbox 426 488 2590 2906">
    <p class='ocr_par' dir='ltr' id='par_1_2' title="bbox 426 488 2574 783">
     <span class='ocr_line' id='line_1_2' title="bbox 426 488 2574 587; baseline 0 -26"><span class='ocrx_word' id='word_1_5' title='bbox 426 488 705 585; x_wconf 88' lang='lat' dir='ltr'><strong>judice,</strong></span> <span class='ocrx_word' id='word_1_6' title='bbox 750 510 967 586; x_wconf 76' lang='lat' dir='ltr'><strong>quam</strong></span> <span class='ocrx_word' id='word_1_7' title='bbox 1012 503 1352 587; x_wconf 64' lang='lat' dir='ltr'><strong>praetore,</strong></span> <span class='ocrx_word' id='word_1_8' title='bbox 1394 489 1584 560; x_wconf 91' lang='lat' dir='ltr'><strong>hanc</strong></span> <span class='ocrx_word' id='word_1_9' title='bbox 1615 513 1772 561; x_wconf 88' lang='lat' dir='ltr'><strong>rem</strong></span> <span class='ocrx_word' id='word_1_10' title='bbox 1827 493 2124 585; x_wconf 84' lang='lat' dir='ltr'><strong>transigi</strong></span> <span class='ocrx_word' id='word_1_11' title='bbox 2173 492 2452 578; x_wconf 80' lang='lat' dir='ltr'><strong>malim3</strong></span> <span class='ocrx_word' id='word_1_12' title='bbox 2499 504 2574 562; x_wconf 91' lang='lat' dir='ltr'><strong>et</strong></span> 
     </span>
     <span class='ocr_line' id='line_1_3' title="bbox 427 596 2572 696; baseline 0.001 -27"><span class='ocrx_word' id='word_1_13' title='bbox 427 596 752 694; x_wconf 77' lang='lat' dir='ltr'><strong>jurato¹⁶</strong></span> <span class='ocrx_word' id='word_1_14' title='bbox 788 624 1028 689; x_wconf 88' lang='lat' dir='ltr'><strong>suam,</strong></span> <span class='ocrx_word' id='word_1_15' title='bbox 1072 624 1295 696; x_wconf 82' lang='lat' dir='ltr'><strong>quam</strong></span> <span class='ocrx_word' id='word_1_16' title='bbox 1330 602 1649 696; x_wconf 83' lang='lat' dir='ltr'><strong>injurato</strong></span> <span class='ocrx_word' id='word_1_17' title='bbox 1691 599 2002 672; x_wconf 89' lang='lat' dir='ltr'><strong>aliorum</strong></span> <span class='ocrx_word' id='word_1_18' title='bbox 2035 600 2334 674; x_wconf 84' lang='lat' dir='ltr'><strong>tabellas</strong></span> <span class='ocrx_word' id='word_1_19' title='bbox 2369 627 2572 673; x_wconf 91' lang='lat' dir='ltr'><strong>com-</strong></span> 
     </span>
     <span class='ocr_line' id='line_1_4' title="bbox 434 714 743 783; baseline 0 -2"><span class='ocrx_word' id='word_1_20' title='bbox 434 714 743 783; x_wconf 87' lang='lat' dir='ltr'><strong>mittere.</strong></span> 
     </span>
    </p>

    <p class='ocr_par' dir='ltr' id='par_1_3' title="bbox 430 820 2590 2906">
     <span class='ocr_line' id='line_1_5' title="bbox 532 820 2574 919; baseline -0.001 -26"><span class='ocrx_word' id='word_1_21' title='bbox 532 826 653 893; x_wconf 87' lang='lat' dir='ltr'><strong>XI.</strong></span> <span class='ocrx_word' id='word_1_22' title='bbox 686 824 899 894; x_wconf 90' lang='lat' dir='ltr'><strong>Nunc</strong></span> <span class='ocrx_word' id='word_1_23' title='bbox 924 832 1123 918; x_wconf 82' lang='lat' dir='ltr'><strong>ego¹,</strong></span> <span class='ocrx_word' id='word_1_24' title='bbox 1146 820 1421 916; x_wconf 86' lang='lat' dir='ltr'><strong>judices</strong></span> <span class='ocrx_word' id='word_1_25' title='bbox 1438 876 1458 910; x_wconf 91' lang='lat'>‚</span> <span class='ocrx_word' id='word_1_26' title='bbox 1480 822 1630 917; x_wconf 84' lang='lat' dir='ltr'><strong>jam</strong></span> <span class='ocrx_word' id='word_1_27' title='bbox 1657 846 1787 894; x_wconf 84' lang='lat' dir='ltr'><strong>vos</strong></span> <span class='ocrx_word' id='word_1_28' title='bbox 1812 823 2146 909; x_wconf 76' lang='lat' dir='ltr'><strong>consule,</strong></span> <span class='ocrx_word' id='word_1_29' title='bbox 2186 821 2366 919; x_wconf 89' lang='lat' dir='ltr'><strong>quid</strong></span> <span class='ocrx_word' id='word_1_30' title='bbox 2394 821 2574 893; x_wconf 89' lang='lat' dir='ltr'><strong>mihi</strong></span> 
     </span>
     <span class='ocr_line' id='line_1_6' title="bbox 430 930 2574 1032; baseline -0 -29"><span class='ocrx_word' id='word_1_31' title='bbox 430 930 845 1004; x_wconf 85' lang='lat' dir='ltr'><strong>faciendum</strong></span> <span class='ocrx_word' id='word_1_32' title='bbox 878 934 1146 1030; x_wconf 84' lang='lat' dir='ltr'><strong>putetis</strong></span> <span class='ocrx_word' id='word_1_33' title='bbox 1176 962 1192 1004; x_wconf 91' lang='lat'>:</span> <span class='ocrx_word' id='word_1_34' title='bbox 1222 930 1297 1003; x_wconf 90' lang='lat' dir='ltr'><strong>id</strong></span> <span class='ocrx_word' id='word_1_35' title='bbox 1332 933 1528 1003; x_wconf 88' lang='lat' dir='ltr'><strong>enim</strong></span> <span class='ocrx_word' id='word_1_36' title='bbox 1565 934 1844 1004; x_wconf 89' lang='lat' dir='ltr'><strong>consilii</strong></span> <span class='ocrx_word' id='word_1_37' title='bbox 1879 932 2056 1003; x_wconf 86' lang='lat' dir='ltr'><strong>mihi</strong></span> <span class='ocrx_word' id='word_1_38' title='bbox 2094 930 2426 1032; x_wconf 87' lang='lat' dir='ltr'><strong>profecto</strong></span> <span class='ocrx_word' id='word_1_39' title='bbox 2466 948 2574 1003; x_wconf 88' lang='lat' dir='ltr'><strong>ta-</strong></span> 
     </span>
     <span class='ocr_line' id='line_1_7' title="bbox 434 1041 2575 1142; baseline -0.002 -27"><span class='ocrx_word' id='word_1_40' title='bbox 434 1046 557 1115; x_wconf 87' lang='lat' dir='ltr'>citi</span> <span class='ocrx_word' id='word_1_41' title='bbox 600 1042 899 1133; x_wconf 75' lang='lat' dir='ltr'><strong>dabitis,</strong></span> <span class='ocrx_word' id='word_1_42' title='bbox 927 1042 1131 1140; x_wconf 91' lang='lat' dir='ltr'><strong>quod</strong></span> <span class='ocrx_word' id='word_1_43' title='bbox 1170 1059 1457 1140; x_wconf 86' lang='lat' dir='ltr'>egomet</span> <span class='ocrx_word' id='word_1_44' title='bbox 1494 1043 1674 1113; x_wconf 88' lang='lat' dir='ltr'><strong>mihi</strong></span> <span class='ocrx_word' id='word_1_45' title='bbox 1709 1048 2114 1116; x_wconf 87' lang='lat' dir='ltr'><strong>necessario</strong></span> <span class='ocrx_word' id='word_1_46' title='bbox 2141 1041 2575 1142; x_wconf 87' lang='lat' dir='ltr'><strong>capiendum</strong></span> 
     </span>
     <span class='ocr_line' id='line_1_8' title="bbox 436 1154 2578 1255; baseline -0 -29"><span class='ocrx_word' id='word_1_47' title='bbox 436 1154 784 1252; x_wconf 86' lang='lat' dir='ltr'><strong>intelligo.</strong></span> <span class='ocrx_word' id='word_1_48' title='bbox 816 1158 887 1225; x_wconf 89' lang='lat' dir='ltr'><strong>Si</strong></span> <span class='ocrx_word' id='word_1_49' title='bbox 922 1170 1085 1227; x_wconf 86' lang='lat' dir='ltr'><strong>utar</strong></span> <span class='ocrx_word' id='word_1_50' title='bbox 1100 1154 1191 1225; x_wconf 91' lang='lat' dir='ltr'><strong>ad</strong></span> <span class='ocrx_word' id='word_1_51' title='bbox 1212 1155 1608 1227; x_wconf 89' lang='lat' dir='ltr'><strong>dicendum</strong></span> <span class='ocrx_word' id='word_1_52' title='bbox 1629 1180 1796 1227; x_wconf 89' lang='lat' dir='ltr'><strong>meo</strong></span> <span class='ocrx_word' id='word_1_53' title='bbox 1815 1155 2142 1255; x_wconf 87' lang='lat' dir='ltr'><strong>legitimo</strong></span> <span class='ocrx_word' id='word_1_54' title='bbox 2161 1167 2193 1199; x_wconf 77' lang='lat'>²</span> <span class='ocrx_word' id='word_1_55' title='bbox 2220 1170 2578 1253; x_wconf 89' lang='lat' dir='ltr'><strong>tempore,</strong></span> 
     </span>
     <span class='ocr_line' id='line_1_9' title="bbox 438 1262 2578 1364; baseline 0 -29"><span class='ocrx_word' id='word_1_56' title='bbox 438 1267 579 1335; x_wconf 92' lang='lat' dir='ltr'><strong>mei</strong></span> <span class='ocrx_word' id='word_1_57' title='bbox 618 1263 918 1351; x_wconf 87' lang='lat' dir='ltr'><strong>laboris,</strong></span> <span class='ocrx_word' id='word_1_58' title='bbox 942 1264 1311 1335; x_wconf 81' lang='lat' dir='ltr'><strong>industriae</strong></span> <span class='ocrx_word' id='word_1_59' title='bbox 1346 1265 1886 1363; x_wconf 69' lang='lat' dir='ltr'><strong>diligentiaeque</strong></span> <span class='ocrx_word' id='word_1_60' title='bbox 1919 1262 2197 1364; x_wconf 72' lang='lat' dir='ltr'><strong>capiam</strong></span> <span class='ocrx_word' id='word_1_61' title='bbox 2223 1264 2578 1353; x_wconf 80' lang='lat' dir='ltr'><strong>fructum3</strong></span> 
     </span>
     <span class='ocr_line' id='line_1_10' title="bbox 438 1371 2586 1475; baseline 0 -30"><span class='ocrx_word' id='word_1_62' title='bbox 438 1389 512 1445; x_wconf 89' lang='lat' dir='ltr'><strong>et</strong></span> <span class='ocrx_word' id='word_1_63' title='bbox 548 1371 685 1443; x_wconf 83' lang='lat' dir='ltr'><strong>ex³</strong></span> <span class='ocrx_word' id='word_1_64' title='bbox 724 1376 1179 1446; x_wconf 83' lang='lat' dir='ltr'><strong>accusatione</strong></span> <span class='ocrx_word' id='word_1_65' title='bbox 1217 1374 1617 1472; x_wconf 85' lang='lat' dir='ltr'><strong>perficiam,</strong></span> <span class='ocrx_word' id='word_1_66' title='bbox 1653 1392 1740 1447; x_wconf 89' lang='lat' dir='ltr'><strong>ut</strong></span> <span class='ocrx_word' id='word_1_67' title='bbox 1779 1402 1998 1449; x_wconf 90' lang='lat' dir='ltr'><strong>nemo</strong></span> <span class='ocrx_word' id='word_1_68' title='bbox 2037 1401 2388 1475; x_wconf 88' lang='lat' dir='ltr'><strong>umquam</strong></span> <span class='ocrx_word' id='word_1_69' title='bbox 2415 1390 2586 1475; x_wconf 86' lang='lat' dir='ltr'><strong>post</strong></span> 
     </span>
     <span class='ocr_line' id='line_1_11' title="bbox 440 1484 2582 1584; baseline 0 -29"><span class='ocrx_word' id='word_1_70' title='bbox 440 1484 826 1555; x_wconf 88' lang='lat' dir='ltr'><strong>hominum</strong></span> <span class='ocrx_word' id='word_1_71' title='bbox 866 1487 1295 1556; x_wconf 83' lang='lat' dir='ltr'><strong>memoriam</strong></span> <span class='ocrx_word' id='word_1_72' title='bbox 1341 1487 1689 1584; x_wconf 84' lang='lat' dir='ltr'><strong>paratior,</strong></span> <span class='ocrx_word' id='word_1_73' title='bbox 1732 1487 2175 1584; x_wconf 83' lang='lat' dir='ltr'><strong>vigilantior,</strong></span> <span class='ocrx_word' id='word_1_74' title='bbox 2217 1490 2582 1584; x_wconf 90' lang='lat' dir='ltr'><strong>composi-</strong></span> 
     </span>
     <span class='ocr_line' id='line_1_12' title="bbox 442 1594 2586 1692; baseline 0.001 -27"><span class='ocrx_word' id='word_1_75' title='bbox 442 1599 630 1667; x_wconf 73' lang='lat' dir='ltr'><strong>tior&#39;·</strong></span> <span class='ocrx_word' id='word_1_76' title='bbox 662 1594 753 1667; x_wconf 89' lang='lat' dir='ltr'><strong>ad</strong></span> <span class='ocrx_word' id='word_1_77' title='bbox 782 1595 1137 1692; x_wconf 84' lang='lat' dir='ltr'><strong>judicium</strong></span> <span class='ocrx_word' id='word_1_78' title='bbox 1167 1600 1449 1669; x_wconf 84' lang='lat' dir='ltr'><strong>venisse</strong></span> <span class='ocrx_word' id='word_1_79' title='bbox 1477 1596 1833 1669; x_wconf 82' lang='lat' dir='ltr'><strong>videatur.</strong></span> <span class='ocrx_word' id='word_1_80' title='bbox 1873 1598 2014 1670; x_wconf 89' lang='lat' dir='ltr'><strong>Sed</strong></span> <span class='ocrx_word' id='word_1_81' title='bbox 2047 1600 2122 1668; x_wconf 89' lang='lat' dir='ltr'><strong>in</strong></span> <span class='ocrx_word' id='word_1_82' title='bbox 2160 1594 2344 1669; x_wconf 81' lang='lat' dir='ltr'><strong>hac⁵</strong></span> <span class='ocrx_word' id='word_1_83' title='bbox 2367 1596 2586 1669; x_wconf 84' lang='lat' dir='ltr'><strong>laude</strong></span> 
     </span>
     <span class='ocr_line' id='line_1_13' title="bbox 444 1704 2584 1806; baseline 0.002 -33"><span class='ocrx_word' id='word_1_84' title='bbox 444 1704 811 1776; x_wconf 83' lang='lat' dir='ltr'><strong>industriae</strong></span> <span class='ocrx_word' id='word_1_85' title='bbox 840 1730 1049 1793; x_wconf 65' lang='lat' dir='ltr'><strong>meae,</strong></span> <span class='ocrx_word' id='word_1_86' title='bbox 1084 1730 1255 1777; x_wconf 89' lang='lat' dir='ltr'><strong>reus</strong></span> <span class='ocrx_word' id='word_1_87' title='bbox 1280 1731 1375 1778; x_wconf 89' lang='lat' dir='ltr'><strong>ne</strong></span> <span class='ocrx_word' id='word_1_88' title='bbox 1409 1706 1761 1796; x_wconf 84' lang='lat' dir='ltr'><strong>elabatur,</strong></span> <span class='ocrx_word' id='word_1_89' title='bbox 1785 1732 2152 1779; x_wconf 90' lang='lat' dir='ltr'><strong>summum</strong></span> <span class='ocrx_word' id='word_1_90' title='bbox 2178 1707 2584 1806; x_wconf 88' lang='lat' dir='ltr'><strong>periculum</strong></span> 
     </span>
     <span class='ocr_line' id='line_1_14' title="bbox 444 1814 2586 1917; baseline 0 -30"><span class='ocrx_word' id='word_1_91' title='bbox 444 1831 576 1887; x_wconf 92' lang='lat' dir='ltr'><strong>est.</strong></span> <span class='ocrx_word' id='word_1_92' title='bbox 616 1816 816 1907; x_wconf 91' lang='lat' dir='ltr'><strong>Quid</strong></span> <span class='ocrx_word' id='word_1_93' title='bbox 844 1832 953 1889; x_wconf 90' lang='lat' dir='ltr'><strong>est</strong></span> <span class='ocrx_word' id='word_1_94' title='bbox 990 1818 1236 1913; x_wconf 84' lang='lat' dir='ltr'><strong>igitur,</strong></span> <span class='ocrx_word' id='word_1_95' title='bbox 1264 1818 1469 1916; x_wconf 91' lang='lat' dir='ltr'><strong>quod</strong></span> <span class='ocrx_word' id='word_1_96' title='bbox 1497 1818 1658 1891; x_wconf 87' lang='lat' dir='ltr'><strong>fieri</strong></span> <span class='ocrx_word' id='word_1_97' title='bbox 1681 1820 1951 1917; x_wconf 84' lang='lat' dir='ltr'><strong>possit?</strong></span> <span class='ocrx_word' id='word_1_98' title='bbox 1979 1843 2132 1890; x_wconf 89' lang='lat' dir='ltr'><strong>non</strong></span> <span class='ocrx_word' id='word_1_99' title='bbox 2163 1814 2586 1907; x_wconf 85' lang='lat' dir='ltr'><strong>obscurum,</strong></span> 
     </span>
     <span class='ocr_line' id='line_1_15' title="bbox 441 1926 2584 2027; baseline 0.001 -30"><span class='ocrx_word' id='word_1_100' title='bbox 441 1929 729 2023; x_wconf 87' lang='lat' dir='ltr'><strong>opinor,</strong></span> <span class='ocrx_word' id='word_1_101' title='bbox 756 1952 997 2024; x_wconf 88' lang='lat' dir='ltr'><strong>neque</strong></span> <span class='ocrx_word' id='word_1_102' title='bbox 1018 1926 1546 2000; x_wconf 87' lang='lat' dir='ltr'><strong>absconditum.</strong></span> <span class='ocrx_word' id='word_1_103' title='bbox 1575 1934 1920 2001; x_wconf 87' lang='lat' dir='ltr'><strong>Fructum</strong></span> <span class='ocrx_word' id='word_1_104' title='bbox 1944 1935 2164 2004; x_wconf 89' lang='lat' dir='ltr'><strong>istum</strong></span> <span class='ocrx_word' id='word_1_105' title='bbox 2183 1930 2438 2017; x_wconf 87' lang='lat' dir='ltr'><strong>laudis,</strong></span> <span class='ocrx_word' id='word_1_106' title='bbox 2456 1932 2584 2027; x_wconf 92' lang='lat' dir='ltr'><strong>qui</strong></span> 
     </span>
     <span class='ocr_line' id='line_1_16' title="bbox 444 2039 2589 2141; baseline 0.003 -36"><span class='ocrx_word' id='word_1_107' title='bbox 444 2060 535 2105; x_wconf 78' lang='lat' dir='ltr'><strong>ex</strong></span> <span class='ocrx_word' id='word_1_108' title='bbox 574 2050 927 2133; x_wconf 87' lang='lat' dir='ltr'><strong>perpetua</strong></span> <span class='ocrx_word' id='word_1_109' title='bbox 958 2039 1291 2108; x_wconf 84' lang='lat' dir='ltr'><strong>oratione</strong></span> <span class='ocrx_word' id='word_1_110' title='bbox 1334 2041 1614 2136; x_wconf 86' lang='lat' dir='ltr'><strong>percipi</strong></span> <span class='ocrx_word' id='word_1_111' title='bbox 1658 2042 1935 2137; x_wconf 86' lang='lat' dir='ltr'><strong>potuit,</strong></span> <span class='ocrx_word' id='word_1_112' title='bbox 1969 2044 2046 2111; x_wconf 90' lang='lat' dir='ltr'><strong>in</strong></span> <span class='ocrx_word' id='word_1_113' title='bbox 2083 2042 2222 2114; x_wconf 85' lang='lat' dir='ltr'><strong>alia</strong></span> <span class='ocrx_word' id='word_1_114' title='bbox 2256 2059 2589 2141; x_wconf 87' lang='lat' dir='ltr'><strong>tempora</strong></span> 
     </span>
     <span class='ocr_line' id='line_1_17' title="bbox 442 2146 2588 2250; baseline 0.002 -33"><span class='ocrx_word' id='word_1_115' title='bbox 442 2169 895 2217; x_wconf 88' lang='lat' dir='ltr'><strong>reservemus</strong></span> <span class='ocrx_word' id='word_1_116' title='bbox 938 2171 956 2214; x_wconf 74' lang='grc' dir='ltr'><strong>ε</strong></span> <span class='ocrx_word' id='word_1_117' title='bbox 1002 2170 1203 2217; x_wconf 88' lang='lat' dir='ltr'><strong>nunc</strong></span> <span class='ocrx_word' id='word_1_118' title='bbox 1256 2146 1632 2219; x_wconf 88' lang='lat' dir='ltr'><strong>hominem</strong></span> <span class='ocrx_word' id='word_1_119' title='bbox 1685 2147 1952 2221; x_wconf 86' lang='lat' dir='ltr'><strong>tabulis</strong></span> <span class='ocrx_word' id='word_1_120' title='bbox 1974 2206 1994 2238; x_wconf 93' lang='lat'><strong>,</strong></span> <span class='ocrx_word' id='word_1_121' title='bbox 2039 2151 2384 2240; x_wconf 89' lang='lat' dir='ltr'><strong>testibus,</strong></span> <span class='ocrx_word' id='word_1_122' title='bbox 2434 2154 2588 2250; x_wconf 84' lang='lat' dir='ltr'><strong>pri-</strong></span> 
     </span>
     <span class='ocr_line' id='line_1_18' title="bbox 446 2253 2584 2361; baseline 0.004 -35"><span class='ocrx_word' id='word_1_123' title='bbox 446 2257 627 2327; x_wconf 84' lang='lat' dir='ltr'><strong>vatis</strong></span> <span class='ocrx_word' id='word_1_124' title='bbox 649 2253 1109 2353; x_wconf 89' lang='lat' dir='ltr'><strong>publicisque</strong></span> <span class='ocrx_word' id='word_1_125' title='bbox 1142 2257 1368 2330; x_wconf 87' lang='lat' dir='ltr'><strong>literis</strong></span> <span class='ocrx_word' id='word_1_126' title='bbox 1400 2261 2104 2361; x_wconf 83' lang='lat' dir='ltr'><strong>auctoritatibusque</strong></span> <span class='ocrx_word' id='word_1_127' title='bbox 2145 2288 2584 2335; x_wconf 87' lang='lat' dir='ltr'><strong>accusemus.</strong></span> 
     </span>
     <span class='ocr_line' id='line_1_19' title="bbox 446 2367 2586 2472; baseline 0.001 -33"><span class='ocrx_word' id='word_1_128' title='bbox 446 2372 585 2439; x_wconf 85' lang='lat' dir='ltr'><strong>Res</strong></span> <span class='ocrx_word' id='word_1_129' title='bbox 625 2367 867 2437; x_wconf 88' lang='lat' dir='ltr'><strong>omnis</strong></span> <span class='ocrx_word' id='word_1_130' title='bbox 900 2367 1083 2437; x_wconf 87' lang='lat' dir='ltr'><strong>mihi</strong></span> <span class='ocrx_word' id='word_1_131' title='bbox 1122 2381 1367 2439; x_wconf 91' lang='lat' dir='ltr'><strong>tecum</strong></span> <span class='ocrx_word' id='word_1_132' title='bbox 1404 2372 1572 2456; x_wconf 88' lang='lat' dir='ltr'><strong>erit,</strong></span> <span class='ocrx_word' id='word_1_133' title='bbox 1610 2377 1974 2445; x_wconf 83' lang='lat' dir='ltr'><strong>Hortensi.</strong></span> <span class='ocrx_word' id='word_1_134' title='bbox 2025 2376 2282 2447; x_wconf 87' lang='lat' dir='ltr'><strong>Dicam</strong></span> <span class='ocrx_word' id='word_1_135' title='bbox 2317 2388 2586 2472; x_wconf 81' lang='lat' dir='ltr'><strong>aperte.</strong></span> 
     </span>
     <span class='ocr_line' id='line_1_20' title="bbox 446 2476 2590 2556; baseline 0.003 -8"><span class='ocrx_word' id='word_1_136' title='bbox 446 2480 519 2548; x_wconf 89' lang='lat' dir='ltr'><strong>Si</strong></span> <span class='ocrx_word' id='word_1_137' title='bbox 560 2492 633 2549; x_wconf 92' lang='lat' dir='ltr'><strong>te</strong></span> <span class='ocrx_word' id='word_1_138' title='bbox 672 2502 959 2549; x_wconf 90' lang='lat' dir='ltr'><strong>mecum</strong></span> <span class='ocrx_word' id='word_1_139' title='bbox 996 2476 1309 2550; x_wconf 88' lang='lat' dir='ltr'><strong>dicendo</strong></span> <span class='ocrx_word' id='word_1_140' title='bbox 1346 2502 1429 2550; x_wconf 87' lang='lat' dir='ltr'><strong>ac</strong></span> <span class='ocrx_word' id='word_1_141' title='bbox 1466 2478 1830 2555; x_wconf 88' lang='lat' dir='ltr'><strong>diluendis</strong></span> <span class='ocrx_word' id='word_1_142' title='bbox 1871 2483 2301 2556; x_wconf 88' lang='lat' dir='ltr'><strong>criminibus</strong></span> <span class='ocrx_word' id='word_1_143' title='bbox 2340 2485 2418 2553; x_wconf 87' lang='lat' dir='ltr'><strong>in</strong></span> <span class='ocrx_word' id='word_1_144' title='bbox 2455 2482 2590 2554; x_wconf 85' lang='lat' dir='ltr'><strong>hac</strong></span> 
     </span>
     <span class='ocr_line' id='line_1_21' title="bbox 446 2587 2588 2690; baseline -0 -29"><span class='ocrx_word' id='word_1_145' title='bbox 446 2613 664 2661; x_wconf 91' lang='lat' dir='ltr'><strong>causa</strong></span> <span class='ocrx_word' id='word_1_146' title='bbox 691 2587 1133 2660; x_wconf 88' lang='lat' dir='ltr'><strong>contendere</strong></span> <span class='ocrx_word' id='word_1_147' title='bbox 1162 2602 1527 2686; x_wconf 83' lang='lat' dir='ltr'><strong>putarem3</strong></span> <span class='ocrx_word' id='word_1_148' title='bbox 1553 2614 1688 2687; x_wconf 87' lang='lat' dir='ltr'><strong>ego</strong></span> <span class='ocrx_word' id='word_1_149' title='bbox 1714 2616 2016 2690; x_wconf 89' lang='lat' dir='ltr'><strong>quoque</strong></span> <span class='ocrx_word' id='word_1_150' title='bbox 2045 2597 2122 2665; x_wconf 89' lang='lat' dir='ltr'><strong>in</strong></span> <span class='ocrx_word' id='word_1_151' title='bbox 2155 2590 2588 2676; x_wconf 85' lang='lat' dir='ltr'><strong>accusando,</strong></span> 
     </span>
     <span class='ocr_line' id='line_1_22' title="bbox 448 2697 2588 2799; baseline -0.001 -27"><span class='ocrx_word' id='word_1_152' title='bbox 448 2715 671 2797; x_wconf 86' lang='lat' dir='ltr'><strong>atque</strong></span> <span class='ocrx_word' id='word_1_153' title='bbox 694 2700 771 2770; x_wconf 89' lang='lat' dir='ltr'><strong>in</strong></span> <span class='ocrx_word' id='word_1_154' title='bbox 799 2697 1239 2796; x_wconf 83' lang='lat' dir='ltr'><strong>explicandis</strong></span> <span class='ocrx_word' id='word_1_155' title='bbox 1270 2697 1700 2772; x_wconf 88' lang='lat' dir='ltr'><strong>criminibus</strong></span> <span class='ocrx_word' id='word_1_156' title='bbox 1724 2726 2022 2799; x_wconf 89' lang='lat' dir='ltr'><strong>operam</strong></span> <span class='ocrx_word' id='word_1_157' title='bbox 2043 2726 2588 2775; x_wconf 85' lang='lat' dir='ltr'><strong>consumerem:</strong></span> 
     </span>
     <span class='ocr_line' id='line_1_23' title="bbox 450 2810 2590 2906; baseline -0.001 -23"><span class='ocrx_word' id='word_1_158' title='bbox 450 2834 651 2883; x_wconf 88' lang='lat' dir='ltr'><strong>nunc</strong></span> <span class='ocrx_word' id='word_1_159' title='bbox 672 2863 693 2897; x_wconf 88' lang='lat'><strong>,</strong></span> <span class='ocrx_word' id='word_1_160' title='bbox 742 2810 1091 2906; x_wconf 84' lang='lat' dir='ltr'><strong>quoniam</strong></span> <span class='ocrx_word' id='word_1_161' title='bbox 1136 2832 1463 2905; x_wconf 84' lang='lat' dir='ltr'><strong>pugnare</strong></span> <span class='ocrx_word' id='word_1_162' title='bbox 1501 2824 1756 2882; x_wconf 88' lang='lat' dir='ltr'><strong>contra</strong></span> <span class='ocrx_word' id='word_1_163' title='bbox 1809 2834 1928 2882; x_wconf 90' lang='lat' dir='ltr'><strong>me</strong></span> <span class='ocrx_word' id='word_1_164' title='bbox 1977 2813 2381 2902; x_wconf 80' lang='lat' dir='ltr'><strong>instituisti,</strong></span> <span class='ocrx_word' id='word_1_165' title='bbox 2439 2835 2590 2882; x_wconf 87' lang='lat' dir='ltr'><strong>non</strong></span> 
     </span>
    </p>
   </div>
   <div class='ocr_carea' id='block_1_3' title="bbox 448 3054 1481 4147">
    <p class='ocr_par' dir='ltr' id='par_1_4' title="bbox 448 3054 1479 3199">
     <span class='ocr_line' id='line_1_24' title="bbox 454 3054 1479 3121; baseline 0.003 -17"><span class='ocrx_word' id='word_1_166' title='bbox 454 3055 576 3104; x_wconf 80' lang='lat' dir='ltr'><strong>dnm</strong></span> <span class='ocrx_word' id='word_1_167' title='bbox 607 3054 711 3103; x_wconf 83' lang='lat' dir='ltr'><strong>dies</strong></span> <span class='ocrx_word' id='word_1_168' title='bbox 740 3054 893 3103; x_wconf 78' lang='lat' dir='ltr'><strong>futuri</strong></span> <span class='ocrx_word' id='word_1_169' title='bbox 928 3068 1043 3105; x_wconf 81' lang='lat' dir='ltr'><strong>sunt</strong></span> <span class='ocrx_word' id='word_1_170' title='bbox 1075 3067 1279 3121; x_wconf 79' lang='lat' dir='ltr'><strong>propter</strong></span> <span class='ocrx_word' id='word_1_171' title='bbox 1312 3056 1479 3118; x_wconf 64' lang='lat' dir='ltr'><strong>strias,</strong></span> 
     </span>
     <span class='ocr_line' id='line_1_25' title="bbox 448 3135 836 3199; baseline -0.005 -14"><span class='ocrx_word' id='word_1_172' title='bbox 448 3138 695 3199; x_wconf 77' lang='lat' dir='ltr'><strong>festosque</strong></span> <span class='ocrx_word' id='word_1_173' title='bbox 716 3135 836 3183; x_wconf 85' lang='lat' dir='ltr'><strong>dies.</strong></span> 
     </span>
    </p>

    <p class='ocr_par' dir='ltr' id='par_1_5' title="bbox 448 3212 1481 3673">
     <span class='ocr_line' id='line_1_26' title="bbox 532 3212 1478 3279; baseline 0.002 -16"><span class='ocrx_word' id='word_1_174' title='bbox 532 3217 615 3263; x_wconf 84' lang='lat'><strong>16.</strong></span> <span class='ocrx_word' id='word_1_175' title='bbox 634 3218 829 3261; x_wconf 77' lang='lat' dir='ltr'><strong>Jurato.</strong></span> <span class='ocrx_word' id='word_1_176' title='bbox 844 3212 1047 3261; x_wconf 74' lang='lat' dir='ltr'><strong>,Iudices</strong></span> <span class='ocrx_word' id='word_1_177' title='bbox 1067 3214 1325 3273; x_wconf 71' lang='lat' dir='ltr'><strong>iurabant3</strong></span> <span class='ocrx_word' id='word_1_178' title='bbox 1354 3231 1478 3279; x_wconf 65' lang='lat' dir='ltr'><strong>pra-</strong></span> 
     </span>
     <span class='ocr_line' id='line_1_27' title="bbox 452 3292 1481 3353; baseline 0.001 -11"><span class='ocrx_word' id='word_1_179' title='bbox 452 3306 535 3343; x_wconf 84' lang='lat' dir='ltr'><strong>tor</strong></span> <span class='ocrx_word' id='word_1_180' title='bbox 572 3309 679 3341; x_wconf 81' lang='lat' dir='ltr'><strong>non</strong></span> <span class='ocrx_word' id='word_1_181' title='bbox 710 3292 926 3353; x_wconf 70' lang='lat' dir='ltr'><strong>jurabat.</strong></span> <span class='ocrx_word' id='word_1_182' title='bbox 962 3293 1153 3342; x_wconf 73' lang='lat' dir='ltr'><strong>Mavult</strong></span> <span class='ocrx_word' id='word_1_183' title='bbox 1188 3296 1389 3353; x_wconf 82' lang='lat' dir='ltr'><strong>Cicero,</strong></span> <span class='ocrx_word' id='word_1_184' title='bbox 1424 3306 1481 3347; x_wconf 80' lang='lat' dir='ltr'><strong>ut</strong></span> 
     </span>
     <span class='ocr_line' id='line_1_28' title="bbox 452 3370 1479 3437; baseline 0 -16"><span class='ocrx_word' id='word_1_185' title='bbox 452 3372 681 3425; x_wconf 73' lang='lat' dir='ltr'><strong>Metellus</strong></span> <span class='ocrx_word' id='word_1_186' title='bbox 713 3373 776 3419; x_wconf 83' lang='lat' dir='ltr'><strong>sit</strong></span> <span class='ocrx_word' id='word_1_187' title='bbox 807 3370 963 3432; x_wconf 80' lang='lat' dir='ltr'><strong>judex</strong></span> <span class='ocrx_word' id='word_1_188' title='bbox 993 3384 1043 3419; x_wconf 83' lang='lat' dir='ltr'><strong>et</strong></span> <span class='ocrx_word' id='word_1_189' title='bbox 1068 3390 1203 3420; x_wconf 75' lang='lat' dir='ltr'><strong>susm</strong></span> <span class='ocrx_word' id='word_1_190' title='bbox 1228 3374 1332 3437; x_wconf 83' lang='lat' dir='ltr'><strong>ipse</strong></span> <span class='ocrx_word' id='word_1_191' title='bbox 1360 3376 1479 3421; x_wconf 72' lang='lat' dir='ltr'><strong>ferat</strong></span> 
     </span>
     <span class='ocr_line' id='line_1_29' title="bbox 454 3452 1481 3516; baseline 0.003 -16"><span class='ocrx_word' id='word_1_192' title='bbox 454 3452 770 3510; x_wconf 71' lang='lat' dir='ltr'><strong>sententiam,</strong></span> <span class='ocrx_word' id='word_1_193' title='bbox 801 3467 947 3516; x_wconf 76' lang='lat' dir='ltr'><strong>quam</strong></span> <span class='ocrx_word' id='word_1_194' title='bbox 974 3463 1031 3499; x_wconf 85' lang='lat' dir='ltr'><strong>ut</strong></span> <span class='ocrx_word' id='word_1_195' title='bbox 1056 3452 1118 3500; x_wconf 84' lang='lat' dir='ltr'><strong>sit</strong></span> <span class='ocrx_word' id='word_1_196' title='bbox 1144 3463 1327 3515; x_wconf 79' lang='lat' dir='ltr'><strong>praetor</strong></span> <span class='ocrx_word' id='word_1_197' title='bbox 1352 3464 1403 3501; x_wconf 86' lang='lat' dir='ltr'><strong>et</strong></span> <span class='ocrx_word' id='word_1_198' title='bbox 1426 3453 1481 3503; x_wconf 82' lang='lat' dir='ltr'><strong>iu</strong></span> 
     </span>
     <span class='ocr_line' id='line_1_30' title="bbox 455 3530 1481 3594; baseline 0.001 -15"><span class='ocrx_word' id='word_1_199' title='bbox 455 3547 541 3579; x_wconf 76' lang='lat' dir='ltr'><strong>sus</strong></span> <span class='ocrx_word' id='word_1_200' title='bbox 560 3541 803 3594; x_wconf 70' lang='lat' dir='ltr'><strong>potestate</strong></span> <span class='ocrx_word' id='word_1_201' title='bbox 828 3530 1007 3579; x_wconf 70' lang='lat' dir='ltr'><strong>habeat</strong></span> <span class='ocrx_word' id='word_1_202' title='bbox 1036 3531 1237 3581; x_wconf 71' lang='lat' dir='ltr'><strong>tabellas</strong></span> <span class='ocrx_word' id='word_1_203' title='bbox 1258 3533 1481 3581; x_wconf 81' lang='lat' dir='ltr'><strong>omnium</strong></span> 
     </span>
     <span class='ocr_line' id='line_1_31' title="bbox 448 3610 691 3673; baseline 0.008 -15"><span class='ocrx_word' id='word_1_204' title='bbox 448 3610 691 3673; x_wconf 73' lang='lat' dir='ltr'><strong>iudicum.</strong></span> 
     </span>
    </p>

    <p class='ocr_par' dir='ltr' id='par_1_6' title="bbox 454 3688 1481 3835">
     <span class='ocr_line' id='line_1_32' title="bbox 526 3688 1481 3755; baseline 0 -14"><span class='ocrx_word' id='word_1_205' title='bbox 526 3694 619 3741; x_wconf 73' lang='lat'><strong>11.</strong></span> <span class='ocrx_word' id='word_1_206' title='bbox 662 3708 706 3739; x_wconf 75' lang='grc' dir='ltr'><strong>ι.</strong></span> <span class='ocrx_word' id='word_1_207' title='bbox 750 3688 962 3751; x_wconf 75' lang='lat' dir='ltr'><strong>Schfnz,</strong></span> <span class='ocrx_word' id='word_1_208' title='bbox 1012 3702 1127 3755; x_wconf 85' lang='lat' dir='ltr'><strong>post</strong></span> <span class='ocrx_word' id='word_1_209' title='bbox 1168 3693 1481 3752; x_wconf 60' lang='lat' dir='ltr'><strong>Balentium,</strong></span> 
     </span>
     <span class='ocr_line' id='line_1_33' title="bbox 454 3772 1409 3835; baseline 0 -16"><span class='ocrx_word' id='word_1_210' title='bbox 454 3772 593 3819; x_wconf 79' lang='lat' dir='ltr'><strong>malit</strong></span> <span class='ocrx_word' id='word_1_211' title='bbox 620 3772 769 3819; x_wconf 72' lang='lat' dir='ltr'><strong>«Non</strong></span> <span class='ocrx_word' id='word_1_212' title='bbox 798 3786 890 3835; x_wconf 80' lang='lat' dir='ltr'><strong>ego</strong></span> <span class='ocrx_word' id='word_1_213' title='bbox 906 3793 949 3820; x_wconf 72' lang='grc' dir='ltr'><strong>ιι.</strong></span> <span class='ocrx_word' id='word_1_214' title='bbox 980 3774 1190 3820; x_wconf 74' lang='lat' dir='ltr'><strong>Frustra.</strong></span> <span class='ocrx_word' id='word_1_215' title='bbox 1204 3774 1237 3821; x_wconf 85' lang='lat' dir='ltr'><strong>J</strong></span> <span class='ocrx_word' id='word_1_216' title='bbox 1242 3776 1329 3820; x_wconf 81' lang='lat' dir='ltr'><strong>.V.</strong></span> <span class='ocrx_word' id='word_1_217' title='bbox 1352 3776 1409 3821; x_wconf 88' lang='lat' dir='ltr'><strong>L.</strong></span> 
     </span>
    </p>

    <p class='ocr_par' dir='ltr' id='par_1_7' title="bbox 453 3847 1481 4147">
     <span class='ocr_line' id='line_1_34' title="bbox 526 3847 1481 3915; baseline 0.001 -16"><span class='ocrx_word' id='word_1_218' title='bbox 526 3868 575 3899; x_wconf 79' lang='lat' dir='ltr'><strong>a.</strong></span> <span class='ocrx_word' id='word_1_219' title='bbox 614 3847 851 3915; x_wconf 68' lang='lat' dir='ltr'><strong>Legitima</strong></span> <span class='ocrx_word' id='word_1_220' title='bbox 890 3862 1121 3915; x_wconf 75' lang='lat' dir='ltr'><strong>tempore.</strong></span> <span class='ocrx_word' id='word_1_221' title='bbox 1147 3853 1341 3915; x_wconf 77' lang='lat' dir='ltr'><strong>Viginti</strong></span> <span class='ocrx_word' id='word_1_222' title='bbox 1378 3853 1481 3900; x_wconf 86' lang='lat' dir='ltr'><strong>die·</strong></span> 
     </span>
     <span class='ocr_line' id='line_1_35' title="bbox 453 3929 1479 3979; baseline -0.002 0"><span class='ocrx_word' id='word_1_223' title='bbox 453 3932 579 3979; x_wconf 81' lang='lat' dir='ltr'><strong>bus:</strong></span> <span class='ocrx_word' id='word_1_224' title='bbox 610 3941 686 3977; x_wconf 84' lang='lat' dir='ltr'><strong>tot</strong></span> <span class='ocrx_word' id='word_1_225' title='bbox 704 3930 833 3977; x_wconf 83' lang='lat' dir='ltr'><strong>enim</strong></span> <span class='ocrx_word' id='word_1_226' title='bbox 860 3930 1009 3979; x_wconf 72' lang='lat' dir='ltr'><strong>debat</strong></span> <span class='ocrx_word' id='word_1_227' title='bbox 1036 3930 1117 3979; x_wconf 79' lang='lat' dir='ltr'><strong>lex</strong></span> <span class='ocrx_word' id='word_1_228' title='bbox 1152 3929 1215 3978; x_wconf 75' lang='lat' dir='ltr'><strong>ad</strong></span> <span class='ocrx_word' id='word_1_229' title='bbox 1248 3948 1479 3979; x_wconf 71' lang='lat' dir='ltr'><strong>accusan-</strong></span> 
     </span>
     <span class='ocr_line' id='line_1_36' title="bbox 454 4009 1479 4075; baseline 0 -16"><span class='ocrx_word' id='word_1_230' title='bbox 454 4012 593 4070; x_wconf 85' lang='lat' dir='ltr'><strong>dum,</strong></span> <span class='ocrx_word' id='word_1_231' title='bbox 609 4010 909 4073; x_wconf 85' lang='lat' dir='ltr'><strong>totidemque</strong></span> <span class='ocrx_word' id='word_1_232' title='bbox 928 4009 1171 4059; x_wconf 77' lang='lat' dir='ltr'><strong>defensori</strong></span> <span class='ocrx_word' id='word_1_233' title='bbox 1192 4012 1256 4059; x_wconf 78' lang='lat' dir='ltr'><strong>ad</strong></span> <span class='ocrx_word' id='word_1_234' title='bbox 1274 4027 1479 4075; x_wconf 83' lang='lat' dir='ltr'><strong>respon-</strong></span> 
     </span>
     <span class='ocr_line' id='line_1_37' title="bbox 453 4090 887 4147; baseline -0.009 -8"><span class='ocrx_word' id='word_1_235' title='bbox 453 4090 684 4141; x_wconf 78' lang='lat' dir='ltr'><strong>dendum.</strong></span> <span class='ocrx_word' id='word_1_236' title='bbox 702 4092 864 4147; x_wconf 68' lang='lat' dir='ltr'><strong>Ascon</strong></span> <span class='ocrx_word' id='word_1_237' title='bbox 876 4124 887 4135; x_wconf 92' lang='lat'><strong>.</strong></span> 
     </span>
    </p>
   </div>
   <div class='ocr_carea' id='block_1_4' title="bbox 1567 3056 2600 3993">
    <p class='ocr_par' dir='ltr' id='par_1_8' title="bbox 1569 3056 2596 3346">
     <span class='ocr_line' id='line_1_38' title="bbox 1642 3056 2596 3107; baseline -0.002 0"><span class='ocrx_word' id='word_1_238' title='bbox 1642 3059 1693 3107; x_wconf 76' lang='lat'><strong>3.</strong></span> <span class='ocrx_word' id='word_1_239' title='bbox 1713 3059 1798 3105; x_wconf 71' lang='lat' dir='ltr'><strong>Ex</strong></span> <span class='ocrx_word' id='word_1_240' title='bbox 1821 3057 1920 3107; x_wconf 84' lang='lat' dir='ltr'><strong>hoe</strong></span> <span class='ocrx_word' id='word_1_241' title='bbox 1941 3057 2056 3105; x_wconf 86' lang='lat' dir='ltr'><strong>loco</strong></span> <span class='ocrx_word' id='word_1_242' title='bbox 2085 3073 2189 3106; x_wconf 81' lang='lat' dir='ltr'><strong>uon</strong></span> <span class='ocrx_word' id='word_1_243' title='bbox 2216 3056 2279 3105; x_wconf 81' lang='lat' dir='ltr'><strong>de</strong></span> <span class='ocrx_word' id='word_1_244' title='bbox 2307 3057 2454 3104; x_wconf 71' lang='lat' dir='ltr'><strong>latins</strong></span> <span class='ocrx_word' id='word_1_245' title='bbox 2475 3072 2596 3105; x_wconf 81' lang='lat' dir='ltr'><strong>con-</strong></span> 
     </span>
     <span class='ocr_line' id='line_1_39' title="bbox 1569 3132 2592 3201; baseline -0.001 -16"><span class='ocrx_word' id='word_1_246' title='bbox 1569 3138 1828 3187; x_wconf 84' lang='lat' dir='ltr'><strong>suetudine</strong></span> <span class='ocrx_word' id='word_1_247' title='bbox 1853 3132 2054 3199; x_wconf 56' lang='lat' dir='ltr'><strong>dicitnr,</strong></span> <span class='ocrx_word' id='word_1_248' title='bbox 2077 3148 2250 3201; x_wconf 77' lang='lat' dir='ltr'><strong>estque</strong></span> <span class='ocrx_word' id='word_1_249' title='bbox 2279 3135 2399 3185; x_wconf 78' lang='lat' dir='ltr'><strong>mihi</strong></span> <span class='ocrx_word' id='word_1_250' title='bbox 2426 3152 2592 3199; x_wconf 82' lang='lat' dir='ltr'><strong>suspe-</strong></span> 
     </span>
     <span class='ocr_line' id='line_1_40' title="bbox 1569 3217 2594 3278; baseline -0.002 -13"><span class='ocrx_word' id='word_1_251' title='bbox 1569 3228 1724 3265; x_wconf 81' lang='lat' dir='ltr'><strong>ctum.</strong></span> <span class='ocrx_word' id='word_1_252' title='bbox 1769 3221 1852 3265; x_wconf 77' lang='lat' dir='ltr'><strong>An</strong></span> <span class='ocrx_word' id='word_1_253' title='bbox 1893 3219 2012 3278; x_wconf 78' lang='lat' dir='ltr'><strong>fnit,</strong></span> <span class='ocrx_word' id='word_1_254' title='bbox 2053 3234 2150 3265; x_wconf 67' lang='lat' dir='ltr'><strong>ves</strong></span> <span class='ocrx_word' id='word_1_255' title='bbox 2189 3217 2542 3265; x_wconf 69' lang='lat' dir='ltr'><strong>accusatione?</strong></span> <span class='ocrx_word' id='word_1_256' title='bbox 2566 3238 2594 3258; x_wconf 77' lang='lat' dir='ltr'><strong>n·</strong></span> 
     </span>
     <span class='ocr_line' id='line_1_41' title="bbox 1569 3298 2004 3346; baseline 0.002 -1"><span class='ocrx_word' id='word_1_257' title='bbox 1569 3298 1760 3345; x_wconf 84' lang='lat' dir='ltr'><strong>Ernest.</strong></span> <span class='ocrx_word' id='word_1_258' title='bbox 1793 3299 1924 3345; x_wconf 80' lang='lat' dir='ltr'><strong>J.v.</strong></span> <span class='ocrx_word' id='word_1_259' title='bbox 1949 3298 2004 3346; x_wconf 72' lang='lat'><strong>1..</strong></span> 
     </span>
    </p>

    <p class='ocr_par' dir='ltr' id='par_1_9' title="bbox 1567 3375 2600 3993">
     <span class='ocr_line' id='line_1_42' title="bbox 1641 3375 2598 3439; baseline -0.002 -14"><span class='ocrx_word' id='word_1_260' title='bbox 1641 3384 1693 3431; x_wconf 67' lang='grc'><strong>4.</strong></span> <span class='ocrx_word' id='word_1_261' title='bbox 1707 3379 1868 3428; x_wconf 68' lang='lat' dir='ltr'><strong>Graev.</strong></span> <span class='ocrx_word' id='word_1_262' title='bbox 1883 3376 2036 3435; x_wconf 65' lang='lat' dir='ltr'><strong>malit,</strong></span> <span class='ocrx_word' id='word_1_263' title='bbox 2053 3392 2120 3425; x_wconf 81' lang='lat' dir='ltr'><strong>ex</strong></span> <span class='ocrx_word' id='word_1_264' title='bbox 2135 3375 2406 3439; x_wconf 78' lang='lat' dir='ltr'><strong>interprete</strong></span> <span class='ocrx_word' id='word_1_265' title='bbox 2425 3375 2598 3433; x_wconf 79' lang='lat' dir='ltr'><strong>veteri,</strong></span> 
     </span>
     <span class='ocr_line' id='line_1_43' title="bbox 1569 3454 2595 3519; baseline -0.001 -16"><span class='ocrx_word' id='word_1_266' title='bbox 1569 3454 1842 3518; x_wconf 77' lang='lat' dir='ltr'><strong>copiosior,·</strong></span> <span class='ocrx_word' id='word_1_267' title='bbox 1871 3456 1936 3503; x_wconf 74' lang='lat' dir='ltr'><strong>its</strong></span> <span class='ocrx_word' id='word_1_268' title='bbox 1959 3468 2120 3505; x_wconf 67' lang='lat' dir='ltr'><strong>tamen</strong></span> <span class='ocrx_word' id='word_1_269' title='bbox 2135 3465 2194 3503; x_wconf 82' lang='lat' dir='ltr'><strong>nt</strong></span> <span class='ocrx_word' id='word_1_270' title='bbox 2215 3455 2400 3519; x_wconf 81' lang='lat' dir='ltr'><strong>optime</strong></span> <span class='ocrx_word' id='word_1_271' title='bbox 2421 3455 2595 3519; x_wconf 70' lang='lat' dir='ltr'><strong>vulga-</strong></span> 
     </span>
     <span class='ocr_line' id='line_1_44' title="bbox 1569 3534 2597 3599; baseline -0.001 -16"><span class='ocrx_word' id='word_1_272' title='bbox 1569 3545 1670 3583; x_wconf 73' lang='lat' dir='ltr'><strong>tam</strong></span> <span class='ocrx_word' id='word_1_273' title='bbox 1683 3534 1940 3583; x_wconf 74' lang='lat' dir='ltr'><strong>lectionem</strong></span> <span class='ocrx_word' id='word_1_274' title='bbox 1959 3534 2197 3599; x_wconf 72' lang='lat' dir='ltr'><strong>explicari</strong></span> <span class='ocrx_word' id='word_1_275' title='bbox 2213 3548 2360 3598; x_wconf 82' lang='lat' dir='ltr'><strong>posse</strong></span> <span class='ocrx_word' id='word_1_276' title='bbox 2373 3534 2597 3583; x_wconf 74' lang='lat' dir='ltr'><strong>fatentur.</strong></span> 
     </span>
     <span class='ocr_line' id='line_1_45' title="bbox 1567 3612 2598 3678; baseline -0.002 -15"><span class='ocrx_word' id='word_1_277' title='bbox 1567 3615 1698 3671; x_wconf 71' lang='lat' dir='ltr'><strong>Nam</strong></span> <span class='ocrx_word' id='word_1_278' title='bbox 1751 3614 2060 3678; x_wconf 74' lang='lat' dir='ltr'><strong>compositior</strong></span> <span class='ocrx_word' id='word_1_279' title='bbox 2108 3613 2174 3661; x_wconf 71' lang='lat' dir='ltr'><strong>nd</strong></span> <span class='ocrx_word' id='word_1_280' title='bbox 2229 3614 2489 3661; x_wconf 72' lang='lat' dir='ltr'><strong>oratoriam</strong></span> <span class='ocrx_word' id='word_1_281' title='bbox 2541 3612 2598 3661; x_wconf 75' lang='lat' dir='ltr'><strong>in</strong></span> 
     </span>
     <span class='ocr_line' id='line_1_46' title="bbox 1571 3692 2598 3759; baseline -0.003 -17"><span class='ocrx_word' id='word_1_282' title='bbox 1571 3692 1930 3759; x_wconf 67' lang='lat' dir='ltr'><strong>componendis</strong></span> <span class='ocrx_word' id='word_1_283' title='bbox 1959 3693 2256 3757; x_wconf 71' lang='lat' dir='ltr'><strong>argumentis</strong></span> <span class='ocrx_word' id='word_1_284' title='bbox 2291 3692 2598 3757; x_wconf 70' lang='lat' dir='ltr'><strong>diligentiam</strong></span> 
     </span>
     <span class='ocr_line' id='line_1_47' title="bbox 1571 3772 2600 3839; baseline 0.001 -21"><span class='ocrx_word' id='word_1_285' title='bbox 1571 3773 1792 3819; x_wconf 79' lang='lat' dir='ltr'><strong>refertur.</strong></span> <span class='ocrx_word' id='word_1_286' title='bbox 1825 3772 1906 3819; x_wconf 88' lang='lat' dir='ltr'><strong>Sic</strong></span> <span class='ocrx_word' id='word_1_287' title='bbox 1941 3786 2278 3835; x_wconf 78' lang='lat' dir='ltr'><strong>«cognoscere</strong></span> <span class='ocrx_word' id='word_1_288' title='bbox 2312 3781 2361 3819; x_wconf 88' lang='lat' dir='ltr'><strong>et</strong></span> <span class='ocrx_word' id='word_1_289' title='bbox 2397 3788 2600 3839; x_wconf 66' lang='lat' dir='ltr'><strong>compo-</strong></span> 
     </span>
     <span class='ocr_line' id='line_1_48' title="bbox 1569 3850 2600 3916; baseline -0.001 -17"><span class='ocrx_word' id='word_1_290' title='bbox 1569 3866 1686 3899; x_wconf 83' lang='lat' dir='ltr'><strong>nere</strong></span> <span class='ocrx_word' id='word_1_291' title='bbox 1705 3868 1909 3899; x_wconf 79' lang='lat' dir='ltr'><strong>csusss-</strong></span> <span class='ocrx_word' id='word_1_292' title='bbox 1925 3862 1998 3899; x_wconf 85' lang='lat' dir='ltr'><strong>est</strong></span> <span class='ocrx_word' id='word_1_293' title='bbox 2015 3850 2237 3899; x_wconf 69' lang='lat' dir='ltr'><strong>meditari</strong></span> <span class='ocrx_word' id='word_1_294' title='bbox 2255 3862 2306 3899; x_wconf 86' lang='lat' dir='ltr'><strong>et</strong></span> <span class='ocrx_word' id='word_1_295' title='bbox 2323 3868 2600 3916; x_wconf 59' lang='grc' dir='ltr'><strong>μετρῆται-ο</strong></span> 
     </span>
     <span class='ocr_line' id='line_1_49' title="bbox 1570 3929 2327 3993; baseline 0.004 -16"><span class='ocrx_word' id='word_1_296' title='bbox 1570 3929 1693 3993; x_wconf 85' lang='lat' dir='ltr'><strong>quid</strong></span> <span class='ocrx_word' id='word_1_297' title='bbox 1715 3930 1768 3977; x_wconf 83' lang='lat' dir='ltr'><strong>iu</strong></span> <span class='ocrx_word' id='word_1_298' title='bbox 1795 3947 1937 3977; x_wconf 74' lang='lat' dir='ltr'><strong>cause</strong></span> <span class='ocrx_word' id='word_1_299' title='bbox 1961 3930 2224 3978; x_wconf 81' lang='lat' dir='ltr'><strong>dicendum</strong></span> <span class='ocrx_word' id='word_1_300' title='bbox 2247 3931 2327 3980; x_wconf 82' lang='lat' dir='ltr'><strong>sit.</strong></span> 
     </span>
    </p>
   </div>
   <div class='ocr_carea' id='block_1_5' title="bbox 1569 4008 2600 4139">
    <p class='ocr_par' dir='ltr' id='par_1_10' title="bbox 1569 4008 2600 4139">
     <span class='ocr_line' id='line_1_50' title="bbox 1643 4008 2600 4075; baseline 0 -18"><span class='ocrx_word' id='word_1_301' title='bbox 1643 4010 1692 4057; x_wconf 81' lang='lat'><strong>5.</strong></span> <span class='ocrx_word' id='word_1_302' title='bbox 1719 4012 1780 4056; x_wconf 78' lang='lat' dir='ltr'><strong>In</strong></span> <span class='ocrx_word' id='word_1_303' title='bbox 1799 4008 1896 4058; x_wconf 72' lang='lat' dir='ltr'><strong>hac</strong></span> <span class='ocrx_word' id='word_1_304' title='bbox 1919 4010 2088 4060; x_wconf 76' lang='lat' dir='ltr'><strong>laude.</strong></span> <span class='ocrx_word' id='word_1_305' title='bbox 2123 4012 2250 4060; x_wconf 86' lang='lat' dir='ltr'><strong>Dum</strong></span> <span class='ocrx_word' id='word_1_306' title='bbox 2277 4026 2446 4075; x_wconf 71' lang='lat' dir='ltr'><strong>quaero</strong></span> <span class='ocrx_word' id='word_1_307' title='bbox 2471 4010 2600 4060; x_wconf 78' lang='lat' dir='ltr'><strong>hane</strong></span> 
     </span>
     <span class='ocr_line' id='line_1_51' title="bbox 1569 4089 1782 4139; baseline -0.005 -2"><span class='ocrx_word' id='word_1_308' title='bbox 1569 4089 1782 4139; x_wconf 78' lang='lat' dir='ltr'><strong>laudem.</strong></span> 
     </span>
    </p>
   </div>
  </div>
 </body>
</html>
