2984 4684
462 405 602 477 586
1251 410 1308 475 Α
1325 409 1377 475 P
1393 408 1446 475 P
1457 334 1586 473 ΕῙΙἿ
1602 406 1667 471 D
1684 406 1795 471 IX

975 572 1028 636 l.
1067 574 1346 659 Quoestzb
1369 583 1675 659 perpetua
1708 566 2069 654 majestatis.

543 724 900 789 Maximum
927 724 1058 789 hoc
1077 742 1212 789 erat
1237 726 1412 814 apud
1439 729 1768 791 Romanos
1798 728 2045 791 crimen
2066 774 2083 806 ,
2116 725 2171 787 si
2199 724 2347 810 quis
2370 722 2587 811 digni·

453 844 650 893 tatem
681 829 910 917 populi
943 831 1196 893 romani
1243 834 1817 919 magistratuumve
1854 832 1993 911 ejus
2046 827 2421 907 minuisset,
2476 842 2591 889 aut

455 935 648 999 etiam
680 934 1154 1022 quoquomodo
1193 936 1350 1023 reip.
1385 937 1915 1024 tranquillitatem
1950 934 2386 998 interturbare
2422 947 2592 995 esset

455 1056 746 1105 conatus.
781 1040 1114 1129 Siquidem
1133 1090 1152 1123 ,
1185 1057 1262 1104 ut
1307 1042 1396 1105 ait
1427 1044 1656 1107 Cicero
1677 1091 1698 1124 ,
1738 1042 2071 1122 -majestas
2104 1057 2202 1104 est
2232 1039 2300 1101 in
2334 1038 2589 1125 imperii

451 1159 648 1229 atque
679 1143 748 1205 in
781 1144 1066 1215 nominis
1099 1143 1326 1231 populi
1355 1145 1609 1208 romani
1646 1143 1994 1232 dignitate,
2030 1164 2225 1229 quam
2268 1139 2505 1202 minuit
2536 1138 2593 1200 is

453 1248 566 1335 qui
595 1271 714 1337 per
743 1250 876 1313 vim
909 1248 1346 1313 multitudinis
1369 1272 1509 1312 rem
1537 1250 1619 1314 ad
1648 1249 2037 1313 seditionem
2066 1246 2375 1310 vocavit».
2402 1244 2489 1307 Et
2516 1266 2592 1306 ea

453 1355 720 1443 quidem
753 1354 835 1421 ad
873 1356 1112 1419 multos
1143 1356 1497 1443 peculiares
1536 1378 1721 1421 msus
1766 1356 2247 1435 referebantur,
2294 1374 2440 1440 quae
2484 1350 2596 1413 hic

451 1460 770 1548 explioere
801 1484 936 1525 non
971 1460 1176 1524 nostri
1213 1478 1314 1525 est
1351 1462 1565 1551 operis
1584 1510 1603 1543 ,
1636 1478 1705 1526 et
1750 1460 1961 1525 multo
1993 1457 2489 1523 convenientius
2522 1458 2591 1519 in

452 1568 698 1655 Legum
737 1566 960 1631 Indice
993 1567 1512 1633 collocabuntur.

539 1674 715 1739 Sulla
743 1676 884 1763 lege
903 1674 1202 1741 Cornelia
1223 1675 1768 1762 majestatis(ann.
1790 1674 1946 1763 673)
1963 1695 2199 1736 novam
2218 1670 2373 1735 huic
2396 1670 2599 1733 tribu·

455 1780 582 1846 nali
611 1782 886 1847 formam
911 1784 1258 1871 imposuit3
1277 1782 1361 1847 ad
1385 1784 1515 1848 hoc
1540 1782 1865 1871 pertinere
1878 1781 2093 1862 jussit,
2118 1778 2173 1843 si
2195 1779 2341 1866 quis
2368 1792 2597 1839 contra

449 1888 776 1967 justorum
799 1889 1292 1977 magistratuum
1319 1887 1528 1951 edicta
1552 1888 1785 1977 egisset
1802 1935 1823 1968 ,
1850 1903 2026 1951 extra
2060 1884 2221 1949 fines
2250 1882 2597 1973 provinciae

457 1994 808 2057 exercitum
843 1992 1132 2057 duxisset
1150 2044 1170 2075 ,
1211 1994 1505 2058 hostium
1542 1992 1819 2057 ducibus
1850 1991 2273 2081 pepercisset,
2312 1988 2598 2052 auctori-

457 2115 656 2162 tatem
693 2100 814 2163 sihi
851 2124 884 2163 a
918 2102 1168 2188 populo
1199 2124 1364 2165 rom.
1391 2100 1803 2164 commissam
1830 2100 2105 2188 infringi
2134 2113 2303 2161 esset
2334 2118 2557 2184 passus
2578 2144 2597 2175 ,

461 2204 742 2292 denique
791 2205 1190 2294 quicumque
1239 2206 1395 2269 civis
1450 2228 1763 2275 romanus
1808 2205 1976 2292 regis
2024 2203 2271 2267 externi
2324 2200 2595 2289 gratiam

461 2327 630 2374 esset
659 2326 1020 2398 aucupatus
1045 2332 1062 2373 τ
1091 2326 1158 2373 et
1179 2332 1314 2398 quo
1336 2310 1460 2398 ipsi
1483 2310 1688 2399 magis
1714 2307 2227 2374 accenderentur
2248 2304 2565 2369 delatores
2580 2352 2599 2383 ,

463 2416 634 2479 falsae
665 2417 1095 2481 accusationis
1131 2417 1328 2480 ullam
1357 2438 1499 2479 esse
1520 2438 1801 2503 poenam,
1830 2430 1945 2479 aut
1976 2414 2323 2478 mulierum
2356 2412 2481 2476 hac
2511 2409 2598 2474 de

463 2544 538 2586 re
559 2523 1008 2587 testimonium
1033 2524 1208 2603 rejici
1228 2524 1456 2589 vetuit.

547 2625 718 2691 Illud
743 2644 962 2694 autem
995 2628 1124 2692 hoc
1153 2629 1300 2691 loco
1333 2626 1705 2691 mirandum
1744 2626 2031 2691 occurrit
2068 2623 2251 2713 quod
2282 2623 2391 2687 ille
2420 2621 2599 2687 idem

461 2732 774 2812 dictator,
820 2734 936 2820 qui
987 2734 1056 2798 in
1091 2734 1380 2799 cruentis
1413 2734 1763 2822 triumphis
1808 2734 2058 2821 primus
2092 2730 2339 2795 delictis
2374 2752 2599 2818 poenas

461 2863 714 2929 aequare
737 2841 1112 2929 imperfecte
1145 2839 1409 2928 quidem
1441 2841 1751 2921 tentavit,
1791 2841 1905 2927 qui
1938 2843 2137 2927 4700
2178 2838 2349 2904 cives
2380 2858 2601 2900 roma-
2668 2890 2677 2899 .

461 2966 583 3009 nos
614 2967 694 3009 ex
726 2946 992 3009 arbitrio
1037 2968 1106 3011 se
1143 2947 1598 3034 proscripsisse
1628 2946 1942 3026 jactabat,
1977 2944 2077 3007 sui
2105 2944 2223 3007 aevi
2254 2943 2601 3031 opiniones

461 3066 676 3114 tamen
723 3072 860 3113 non
909 3047 1214 3132 offendit,
1257 3067 1322 3115 et
1359 3072 1494 3113 non
1530 3048 1732 3115 modo
1770 3072 1903 3113 non
1948 3050 2152 3112 oerarii
2188 3048 2401 3113 furem
2423 3094 2442 3129 ,
2488 3062 2605 3109 aut

461 3157 814 3239 latronem,
849 3157 1196 3245 provinciae
1217 3180 1581 3222 eversorem
1612 3158 2057 3254 magistratum
2084 3156 2291 3245 capite
2316 3155 2604 3242 plecten-

467 3261 627 3326 dum
655 3264 895 3345 sanxit,
921 3284 1150 3327 verum
1175 3264 1395 3328 multae
1418 3264 1643 3328 exsilio
1670 3285 1791 3327 seu
1823 3284 2007 3351 aquae
2040 3279 2107 3325 et
2132 3262 2298 3351 ignis
2326 3258 2603 3323 interdi-

467 3370 687 3433 ctione
715 3367 965 3450 addita,
1003 3368 1088 3433 ad
1119 3370 1440 3457 populum
1476 3371 1818 3457 provocari
1842 3368 2165 3463 permisit.

557 3476 770 3557 Quam
805 3490 1020 3539 autem
1055 3476 1553 3563 imperatorum,
1590 3498 1809 3540 eversa
1836 3475 2201 3563 republica,
2240 3471 2601 3536 crudelitati

469 3581 697 3644 faverit
723 3580 893 3644 illius
930 3582 1088 3670 legis
1123 3603 1366 3645 nomen
1407 3604 1605 3645 nemo
1646 3582 1851 3645 nescit
1869 3631 1887 3664 ,
1930 3604 2137 3668 quum
2166 3578 2465 3643 'liberius
2496 3575 2599 3639 illa

473 3688 674 3749 fretus
703 3710 838 3751 non
867 3688 999 3768 jam
1035 3687 1236 3769 faeta,
1269 3686 1384 3753 sed
1419 3689 1589 3776 ipsas
1614 3710 1803 3753 voces
1836 3703 2359 3774 persequeretur,
2382 3698 2447 3747 et
2478 3704 2603 3770 pro

467 3790 722 3880 capitali
757 3810 926 3857 esset
951 3793 1054 3858 vel
1089 3816 1296 3881 pauca
1327 3810 1394 3858 et
1423 3795 1736 3883 simplicia
1762 3794 1957 3857 verba
1996 3791 2471 3881 pronuntiasse.

959 3974 1040 4037 11.
1095 3972 1373 4059 Quoestio
1391 3989 1698 4063 perpetua.
1734 3975 1815 4037 de
1849 3973 2109 4039 ambitu.

557 4118 770 4198 Quam
795 4116 1014 4181 multis
1039 4118 1286 4183 artibus
1319 4121 1541 4183 Romoe
1568 4120 1807 4183 summi
1836 4118 2239 4183 ambirentur
2269 4116 2600 4205 magistra·
