<?xml version="1.0" encoding="UTF-8"?>
<!DOCTYPE html PUBLIC "-//W3C//DTD XHTML 1.0 Transitional//EN"
    "http://www.w3.org/TR/xhtml1/DTD/xhtml1-transitional.dtd">
<html xmlns="http://www.w3.org/1999/xhtml" xml:lang="en" lang="en">
 <head>
  <title>
</title>
<meta http-equiv="Content-Type" content="text/html;charset=utf-8" />
  <meta name='ocr-system' content='tesseract 3.04.00' />
  <meta name='ocr-capabilities' content='ocr_page ocr_carea ocr_par ocr_line ocrx_word'/>
</head>
<body>
  <div class='ocr_page' id='page_1' title='image "./mtciceronisquae03lemagoog_0484.png"; bbox 0 0 2984 4684; ppageno 0'>
   <div class='ocr_carea' id='block_1_1' title="bbox 503 367 1985 485">
    <p class='ocr_par' dir='ltr' id='par_1_1' title="bbox 503 367 1985 485">
     <span class='ocr_line' id='line_1_1' title="bbox 503 367 1985 485; baseline -0.01 -14"><span class='ocrx_word' id='word_1_1' title='bbox 503 388 646 485; x_wconf 76' lang='grc'>444</span> <span class='ocrx_word' id='word_1_2' title='bbox 1145 389 1242 455; x_wconf 87' lang='grc' dir='ltr'>Μ.</span> <span class='ocrx_word' id='word_1_3' title='bbox 1293 389 1372 454; x_wconf 82' lang='grc' dir='ltr'>Τ.</span> <span class='ocrx_word' id='word_1_4' title='bbox 1427 367 1985 457; x_wconf 73' lang='lat' dir='ltr'>cicssnoms</span> 
     </span>
    </p>
   </div>
   <div class='ocr_carea' id='block_1_2' title="bbox 481 503 2639 3467">
    <p class='ocr_par' dir='ltr' id='par_1_2' title="bbox 481 503 2639 2798">
     <span class='ocr_line' id='line_1_2' title="bbox 491 503 2631 604; baseline 0 -25"><span class='ocrx_word' id='word_1_5' title='bbox 491 508 736 580; x_wconf 89' lang='lat' dir='ltr'>dinem</span> <span class='ocrx_word' id='word_1_6' title='bbox 769 508 1266 578; x_wconf 78' lang='lat' dir='ltr'>conservaret?</span> <span class='ocrx_word' id='word_1_7' title='bbox 1291 508 1539 580; x_wconf 86' lang='lat' dir='ltr'><strong>Scelus</strong></span> <span class='ocrx_word' id='word_1_8' title='bbox 1556 521 1665 580; x_wconf 84' lang='lat' dir='ltr'>est</span> <span class='ocrx_word' id='word_1_9' title='bbox 1680 508 2007 603; x_wconf 89' lang='lat' dir='ltr'>accipere</span> <span class='ocrx_word' id='word_1_10' title='bbox 2026 503 2267 577; x_wconf 82' lang='lat' dir='ltr'>abreo</span> <span class='ocrx_word' id='word_1_11' title='bbox 2296 531 2313 574; x_wconf 74' lang='grc' dir='ltr'><strong><em>ε</em></strong></span> <span class='ocrx_word' id='word_1_12' title='bbox 2348 521 2631 604; x_wconf 85' lang='lat' dir='ltr'>quanto</span> 
     </span>
     <span class='ocr_line' id='line_1_3' title="bbox 493 613 2629 714; baseline 0.001 -28"><span class='ocrx_word' id='word_1_13' title='bbox 493 617 718 712; x_wconf 84' lang='lat' dir='ltr'>magis</span> <span class='ocrx_word' id='word_1_14' title='bbox 745 613 838 686; x_wconf 90' lang='lat' dir='ltr'>ab</span> <span class='ocrx_word' id='word_1_15' title='bbox 859 617 1312 688; x_wconf 80' lang='lat' dir='ltr'><strong>accusatore?</strong></span> <span class='ocrx_word' id='word_1_16' title='bbox 1331 633 1611 714; x_wconf 88' lang='lat' dir='ltr'>quanto</span> <span class='ocrx_word' id='word_1_17' title='bbox 1640 619 1859 688; x_wconf 87' lang='lat' dir='ltr'>etiam</span> <span class='ocrx_word' id='word_1_18' title='bbox 1884 616 2295 688; x_wconf 79' lang='lat' dir='ltr'><strong>sceleratius</strong></span> <span class='ocrx_word' id='word_1_19' title='bbox 2312 615 2403 688; x_wconf 86' lang='lat' dir='ltr'>ab</span> <span class='ocrx_word' id='word_1_20' title='bbox 2422 631 2629 688; x_wconf 87' lang='lat' dir='ltr'>utro·</span> 
     </span>
     <span class='ocr_line' id='line_1_4' title="bbox 493 725 2631 827; baseline 0 -29"><span class='ocrx_word' id='word_1_21' title='bbox 493 729 683 824; x_wconf 89' lang='lat' dir='ltr'>que?</span> <span class='ocrx_word' id='word_1_22' title='bbox 713 725 960 797; x_wconf 86' lang='lat' dir='ltr'>Fidem</span> <span class='ocrx_word' id='word_1_23' title='bbox 985 751 1212 824; x_wconf 89' lang='lat' dir='ltr'>quum</span> <span class='ocrx_word' id='word_1_24' title='bbox 1241 731 1739 827; x_wconf 83' lang='lat' dir='ltr'>proposuisses</span> <span class='ocrx_word' id='word_1_25' title='bbox 1767 727 2097 798; x_wconf 82' lang='lat' dir='ltr'>venalem</span> <span class='ocrx_word' id='word_1_26' title='bbox 2128 730 2203 796; x_wconf 89' lang='lat' dir='ltr'>in</span> <span class='ocrx_word' id='word_1_27' title='bbox 2234 729 2631 824; x_wconf 83' lang='lat' dir='ltr'>provincia,</span> 
     </span>
     <span class='ocr_line' id='line_1_5' title="bbox 489 836 2629 937; baseline 0 -30"><span class='ocrx_word' id='word_1_28' title='bbox 489 837 714 908; x_wconf 77' lang='lat' dir='ltr'>valuit</span> <span class='ocrx_word' id='word_1_29' title='bbox 751 837 944 934; x_wconf 90' lang='lat' dir='ltr'>apud</span> <span class='ocrx_word' id='word_1_30' title='bbox 983 852 1056 908; x_wconf 89' lang='lat' dir='ltr'>te</span> <span class='ocrx_word' id='word_1_31' title='bbox 1097 839 1262 936; x_wconf 89' lang='lat' dir='ltr'>plus</span> <span class='ocrx_word' id='word_1_32' title='bbox 1291 842 1352 910; x_wconf 90' lang='lat' dir='ltr'>is</span> <span class='ocrx_word' id='word_1_33' title='bbox 1371 893 1392 926; x_wconf 91' lang='lat'>‚</span> <span class='ocrx_word' id='word_1_34' title='bbox 1433 840 1565 936; x_wconf 89' lang='lat' dir='ltr'>qui</span> <span class='ocrx_word' id='word_1_35' title='bbox 1600 839 1983 937; x_wconf 88' lang='lat' dir='ltr'>pecuniam</span> <span class='ocrx_word' id='word_1_36' title='bbox 2022 837 2371 931; x_wconf 84' lang='lat' dir='ltr'>majorem</span> <span class='ocrx_word' id='word_1_37' title='bbox 2402 836 2629 910; x_wconf 84' lang='lat' dir='ltr'>dedit.</span> 
     </span>
     <span class='ocr_line' id='line_1_6' title="bbox 489 945 2633 1046; baseline -0 -28"><span class='ocrx_word' id='word_1_38' title='bbox 489 947 832 1019; x_wconf 80' lang='lat' dir='ltr'>Concedo</span> <span class='ocrx_word' id='word_1_39' title='bbox 868 977 884 1018; x_wconf 75' lang='grc' dir='ltr'><strong><em>ε</em></strong></span> <span class='ocrx_word' id='word_1_40' title='bbox 923 945 1222 1022; x_wconf 82' lang='lat' dir='ltr'>forsitan</span> <span class='ocrx_word' id='word_1_41' title='bbox 1263 949 1523 1046; x_wconf 85' lang='lat' dir='ltr'>aliquis</span> <span class='ocrx_word' id='word_1_42' title='bbox 1562 947 1953 1046; x_wconf 81' lang='lat' dir='ltr'>aliquando</span> <span class='ocrx_word' id='word_1_43' title='bbox 2000 947 2363 1042; x_wconf 87' lang='lat' dir='ltr'>ejusmodi</span> <span class='ocrx_word' id='word_1_44' title='bbox 2418 952 2633 1045; x_wconf 89' lang='lat' dir='ltr'>quip-</span> 
     </span>
     <span class='ocr_line' id='line_1_7' title="bbox 489 1057 2627 1155; baseline 0 -28"><span class='ocrx_word' id='word_1_45' title='bbox 489 1059 684 1155; x_wconf 89' lang='lat' dir='ltr'>piam</span> <span class='ocrx_word' id='word_1_46' title='bbox 735 1057 1005 1131; x_wconf 90' lang='lat' dir='ltr'>fecerit.</span> <span class='ocrx_word' id='word_1_47' title='bbox 1045 1057 1292 1150; x_wconf 81' lang='lat' dir='ltr'>Quum</span> <span class='ocrx_word' id='word_1_48' title='bbox 1331 1085 1503 1132; x_wconf 88' lang='lat' dir='ltr'>vero</span> <span class='ocrx_word' id='word_1_49' title='bbox 1546 1059 1769 1132; x_wconf 82' lang='lat' dir='ltr'>fidem</span> <span class='ocrx_word' id='word_1_50' title='bbox 1820 1083 1905 1130; x_wconf 90' lang='lat' dir='ltr'>ac</span> <span class='ocrx_word' id='word_1_51' title='bbox 1952 1059 2377 1154; x_wconf 84' lang='lat' dir='ltr'>religionem</span> <span class='ocrx_word' id='word_1_52' title='bbox 2430 1071 2627 1128; x_wconf 88' lang='lat' dir='ltr'>tuam</span> 
     </span>
     <span class='ocr_line' id='line_1_8' title="bbox 481 1167 2635 1268; baseline 0 -31"><span class='ocrx_word' id='word_1_53' title='bbox 481 1167 632 1262; x_wconf 86' lang='lat' dir='ltr'>jam</span> <span class='ocrx_word' id='word_1_54' title='bbox 662 1169 868 1239; x_wconf 86' lang='lat' dir='ltr'>alteri</span> <span class='ocrx_word' id='word_1_55' title='bbox 903 1167 1260 1241; x_wconf 78' lang='lat' dir='ltr'>addictam</span> <span class='ocrx_word' id='word_1_56' title='bbox 1297 1171 1607 1268; x_wconf 87' lang='lat' dir='ltr'>pecunia</span> <span class='ocrx_word' id='word_1_57' title='bbox 1642 1185 1941 1268; x_wconf 88' lang='lat' dir='ltr'>accepta</span> <span class='ocrx_word' id='word_1_58' title='bbox 1968 1167 1995 1212; x_wconf 84' lang='lat'>³</span> <span class='ocrx_word' id='word_1_59' title='bbox 2040 1167 2381 1240; x_wconf 86' lang='lat' dir='ltr'>habueris</span> <span class='ocrx_word' id='word_1_60' title='bbox 2401 1222 2421 1256; x_wconf 92' lang='lat'>‚</span> <span class='ocrx_word' id='word_1_61' title='bbox 2466 1179 2635 1265; x_wconf 88' lang='lat' dir='ltr'>post</span> 
     </span>
     <span class='ocr_line' id='line_1_9' title="bbox 493 1276 2635 1374; baseline -0.002 -24"><span class='ocrx_word' id='word_1_62' title='bbox 493 1276 821 1350; x_wconf 91' lang='lat' dir='ltr'>eamdem</span> <span class='ocrx_word' id='word_1_63' title='bbox 849 1279 1256 1350; x_wconf 87' lang='lat' dir='ltr'>adversario</span> <span class='ocrx_word' id='word_1_64' title='bbox 1287 1279 1663 1352; x_wconf 82' lang='lat' dir='ltr'>tradideris</span> <span class='ocrx_word' id='word_1_65' title='bbox 1680 1279 1953 1374; x_wconf 86' lang='lat' dir='ltr'>majore</span> <span class='ocrx_word' id='word_1_66' title='bbox 1984 1281 2329 1374; x_wconf 79' lang='lat' dir='ltr'>pecunia3</span> <span class='ocrx_word' id='word_1_67' title='bbox 2356 1291 2635 1350; x_wconf 84' lang='lat' dir='ltr'>utrum-</span> 
     </span>
     <span class='ocr_line' id='line_1_10' title="bbox 497 1385 2631 1487; baseline 0 -29"><span class='ocrx_word' id='word_1_68' title='bbox 497 1413 645 1485; x_wconf 90' lang='lat' dir='ltr'>que</span> <span class='ocrx_word' id='word_1_69' title='bbox 671 1387 918 1460; x_wconf 80' lang='lat' dir='ltr'>falles?</span> <span class='ocrx_word' id='word_1_70' title='bbox 945 1405 1019 1461; x_wconf 90' lang='lat' dir='ltr'>et</span> <span class='ocrx_word' id='word_1_71' title='bbox 1053 1390 1288 1462; x_wconf 90' lang='lat' dir='ltr'>trades</span> <span class='ocrx_word' id='word_1_72' title='bbox 1317 1393 1438 1462; x_wconf 89' lang='lat' dir='ltr'>cui</span> <span class='ocrx_word' id='word_1_73' title='bbox 1463 1390 1709 1462; x_wconf 86' lang='lat' dir='ltr'>voles?</span> <span class='ocrx_word' id='word_1_74' title='bbox 1752 1405 1826 1461; x_wconf 87' lang='lat' dir='ltr'>et</span> <span class='ocrx_word' id='word_1_75' title='bbox 1856 1391 1961 1478; x_wconf 88' lang='lat' dir='ltr'>ei,</span> <span class='ocrx_word' id='word_1_76' title='bbox 1996 1413 2217 1487; x_wconf 89' lang='lat' dir='ltr'>quem</span> <span class='ocrx_word' id='word_1_77' title='bbox 2258 1385 2631 1473; x_wconf 75' lang='lat' dir='ltr'>fefelleri5‚</span> 
     </span>
     <span class='ocr_line' id='line_1_11' title="bbox 499 1495 2630 1598; baseline -0.002 -29"><span class='ocrx_word' id='word_1_78' title='bbox 499 1523 592 1570; x_wconf 90' lang='lat' dir='ltr'>ne</span> <span class='ocrx_word' id='word_1_79' title='bbox 622 1503 1008 1596; x_wconf 83' lang='lat' dir='ltr'>pecuniam</span> <span class='ocrx_word' id='word_1_80' title='bbox 1039 1500 1332 1598; x_wconf 90' lang='lat' dir='ltr'>quidem</span> <span class='ocrx_word' id='word_1_81' title='bbox 1359 1499 1661 1572; x_wconf 82' lang='lat' dir='ltr'>reddes?</span> <span class='ocrx_word' id='word_1_82' title='bbox 1688 1502 1925 1591; x_wconf 88' lang='lat' dir='ltr'>Quem</span> <span class='ocrx_word' id='word_1_83' title='bbox 1954 1498 2131 1570; x_wconf 85' lang='lat' dir='ltr'>mihi</span> <span class='ocrx_word' id='word_1_84' title='bbox 2156 1500 2269 1570; x_wconf 80' lang='lat' dir='ltr'>tu⁴</span> <span class='ocrx_word' id='word_1_85' title='bbox 2284 1495 2630 1583; x_wconf 88' lang='lat' dir='ltr'>Bulbum,</span> 
     </span>
     <span class='ocr_line' id='line_1_12' title="bbox 494 1608 2636 1708; baseline -0.001 -30"><span class='ocrx_word' id='word_1_86' title='bbox 494 1633 714 1707; x_wconf 88' lang='lat' dir='ltr'>quem</span> <span class='ocrx_word' id='word_1_87' title='bbox 733 1611 1102 1682; x_wconf 90' lang='lat' dir='ltr'>Stalenum</span> <span class='ocrx_word' id='word_1_88' title='bbox 1119 1609 1360 1708; x_wconf 89' lang='lat' dir='ltr'>?quod</span> <span class='ocrx_word' id='word_1_89' title='bbox 1379 1635 1729 1708; x_wconf 84' lang='lat' dir='ltr'>umquam</span> <span class='ocrx_word' id='word_1_90' title='bbox 1754 1608 2175 1704; x_wconf 83' lang='lat' dir='ltr'>hujusmodi</span> <span class='ocrx_word' id='word_1_91' title='bbox 2194 1621 2636 1690; x_wconf 85' lang='lat' dir='ltr'>monstrum,</span> 
     </span>
     <span class='ocr_line' id='line_1_13' title="bbox 494 1719 2629 1818; baseline -0.002 -28"><span class='ocrx_word' id='word_1_92' title='bbox 494 1733 622 1790; x_wconf 90' lang='lat' dir='ltr'>aut</span> <span class='ocrx_word' id='word_1_93' title='bbox 661 1720 1074 1818; x_wconf 87' lang='lat' dir='ltr'>prodigium</span> <span class='ocrx_word' id='word_1_94' title='bbox 1109 1721 1517 1793; x_wconf 87' lang='lat' dir='ltr'>audivimus</span> <span class='ocrx_word' id='word_1_95' title='bbox 1538 1777 1557 1807; x_wconf 89' lang='lat'>‚</span> <span class='ocrx_word' id='word_1_96' title='bbox 1596 1735 1723 1792; x_wconf 88' lang='lat' dir='ltr'>aut</span> <span class='ocrx_word' id='word_1_97' title='bbox 1754 1721 2103 1802; x_wconf 76' lang='lat' dir='ltr'>vidimuS‚</span> <span class='ocrx_word' id='word_1_98' title='bbox 2134 1719 2261 1813; x_wconf 86' lang='lat' dir='ltr'>qui</span> <span class='ocrx_word' id='word_1_99' title='bbox 2298 1743 2467 1789; x_wconf 89' lang='lat' dir='ltr'>cum</span> <span class='ocrx_word' id='word_1_100' title='bbox 2500 1741 2629 1789; x_wconf 87' lang='lat' dir='ltr'>reo</span> 
     </span>
     <span class='ocr_line' id='line_1_14' title="bbox 493 1827 2637 1929; baseline -0.001 -29"><span class='ocrx_word' id='word_1_101' title='bbox 493 1832 832 1926; x_wconf 88' lang='lat' dir='ltr'>transigat</span> <span class='ocrx_word' id='word_1_102' title='bbox 851 1885 872 1917; x_wconf 88' lang='lat'><strong>‚</strong></span> <span class='ocrx_word' id='word_1_103' title='bbox 911 1846 1075 1929; x_wconf 90' lang='lat' dir='ltr'>post</span> <span class='ocrx_word' id='word_1_104' title='bbox 1109 1857 1274 1902; x_wconf 90' lang='lat' dir='ltr'>cum</span> <span class='ocrx_word' id='word_1_105' title='bbox 1311 1847 1729 1903; x_wconf 84' lang='lat' dir='ltr'>accusatore</span> <span class='ocrx_word' id='word_1_106' title='bbox 1760 1830 2091 1902; x_wconf 81' lang='lat' dir='ltr'>decidat?</span> <span class='ocrx_word' id='word_1_107' title='bbox 2128 1828 2477 1900; x_wconf 88' lang='lat' dir='ltr'>honestos</span> <span class='ocrx_word' id='word_1_108' title='bbox 2504 1827 2637 1898; x_wconf 91' lang='lat' dir='ltr'>ho-</span> 
     </span>
     <span class='ocr_line' id='line_1_15' title="bbox 489 1940 2635 2038; baseline -0 -29"><span class='ocrx_word' id='word_1_109' title='bbox 489 1943 758 2024; x_wconf 78' lang='lat' dir='ltr'>mineS‚</span> <span class='ocrx_word' id='word_1_110' title='bbox 825 1943 956 2038; x_wconf 90' lang='lat' dir='ltr'>qui</span> <span class='ocrx_word' id='word_1_111' title='bbox 1012 1966 1296 2014; x_wconf 84' lang='lat' dir='ltr'>causam</span> <span class='ocrx_word' id='word_1_112' title='bbox 1358 1945 1609 2012; x_wconf 86' lang='lat' dir='ltr'>norint</span> <span class='ocrx_word' id='word_1_113' title='bbox 1630 1997 1649 2024; x_wconf 82' lang='grc'>,</span> <span class='ocrx_word' id='word_1_114' title='bbox 1696 1941 2013 2036; x_wconf 79' lang='lat' dir='ltr'>ableget,</span> <span class='ocrx_word' id='word_1_115' title='bbox 2068 1965 2111 2012; x_wconf 87' lang='lat' dir='ltr'>a</span> <span class='ocrx_word' id='word_1_116' title='bbox 2170 1940 2635 2035; x_wconf 84' lang='lat' dir='ltr'>consilioque</span> 
     </span>
     <span class='ocr_line' id='line_1_16' title="bbox 491 2048 2631 2148; baseline 0 -30"><span class='ocrx_word' id='word_1_117' title='bbox 491 2048 854 2120; x_wconf 86' lang='lat' dir='ltr'>dimittat?</span> <span class='ocrx_word' id='word_1_118' title='bbox 885 2054 1042 2148; x_wconf 91' lang='lat' dir='ltr'>ipse</span> <span class='ocrx_word' id='word_1_119' title='bbox 1065 2051 1264 2123; x_wconf 79' lang='lat' dir='ltr'>solus</span> <span class='ocrx_word' id='word_1_120' title='bbox 1291 2077 1499 2122; x_wconf 89' lang='lat' dir='ltr'>reum</span> <span class='ocrx_word' id='word_1_121' title='bbox 1528 2051 1975 2140; x_wconf 82' lang='lat' dir='ltr'>absolutum,</span> <span class='ocrx_word' id='word_1_122' title='bbox 2002 2077 2043 2124; x_wconf 92' lang='lat' dir='ltr'>a</span> <span class='ocrx_word' id='word_1_123' title='bbox 2068 2075 2219 2148; x_wconf 91' lang='lat' dir='ltr'>quo</span> <span class='ocrx_word' id='word_1_124' title='bbox 2248 2053 2631 2147; x_wconf 84' lang='lat' dir='ltr'>pecuniam</span> 
     </span>
     <span class='ocr_line' id='line_1_17' title="bbox 494 2159 2637 2260; baseline -0 -31"><span class='ocrx_word' id='word_1_125' title='bbox 494 2163 852 2256; x_wconf 80' lang='lat' dir='ltr'>acceperit</span> <span class='ocrx_word' id='word_1_126' title='bbox 868 2216 887 2249; x_wconf 92' lang='lat'>‚</span> <span class='ocrx_word' id='word_1_127' title='bbox 907 2160 1366 2248; x_wconf 88' lang='lat' dir='ltr'>condemnet,</span> <span class='ocrx_word' id='word_1_128' title='bbox 1383 2165 1919 2260; x_wconf 86' lang='lat' dir='ltr'>pecuniamque</span> <span class='ocrx_word' id='word_1_129' title='bbox 1938 2185 2089 2234; x_wconf 86' lang='lat' dir='ltr'>non</span> <span class='ocrx_word' id='word_1_130' title='bbox 2110 2159 2365 2232; x_wconf 85' lang='lat' dir='ltr'>reddat</span> <span class='ocrx_word' id='word_1_131' title='bbox 2382 2159 2637 2230; x_wconf 84' lang='lat' dir='ltr'>?Huuc</span> 
     </span>
     <span class='ocr_line' id='line_1_18' title="bbox 497 2267 2631 2366; baseline -0.001 -28"><span class='ocrx_word' id='word_1_132' title='bbox 497 2267 871 2342; x_wconf 88' lang='lat' dir='ltr'>hominem</span> <span class='ocrx_word' id='word_1_133' title='bbox 912 2270 1243 2366; x_wconf 88' lang='lat' dir='ltr'>judicum</span> <span class='ocrx_word' id='word_1_134' title='bbox 1297 2297 1609 2344; x_wconf 86' lang='lat' dir='ltr'>numero</span> <span class='ocrx_word' id='word_1_135' title='bbox 1660 2271 2132 2344; x_wconf 86' lang='lat' dir='ltr'>habebimus?</span> <span class='ocrx_word' id='word_1_136' title='bbox 2182 2270 2301 2340; x_wconf 92' lang='lat' dir='ltr'>hic</span> <span class='ocrx_word' id='word_1_137' title='bbox 2338 2269 2631 2340; x_wconf 84' lang='lat' dir='ltr'>alteram</span> 
     </span>
     <span class='ocr_line' id='line_1_19' title="bbox 497 2377 2637 2476; baseline -0 -28"><span class='ocrx_word' id='word_1_138' title='bbox 497 2377 915 2450; x_wconf 83' lang='lat' dir='ltr'>decuriam⁵</span> <span class='ocrx_word' id='word_1_139' title='bbox 949 2379 1378 2454; x_wconf 81' lang='lat' dir='ltr'>senatoriam</span> <span class='ocrx_word' id='word_1_140' title='bbox 1423 2381 1650 2476; x_wconf 83' lang='lat' dir='ltr'>judex</span> <span class='ocrx_word' id='word_1_141' title='bbox 1686 2379 2089 2453; x_wconf 88' lang='lat' dir='ltr'>obtinebit?</span> <span class='ocrx_word' id='word_1_142' title='bbox 2126 2379 2245 2454; x_wconf 86' lang='lat' dir='ltr'>hic</span> <span class='ocrx_word' id='word_1_143' title='bbox 2274 2379 2365 2450; x_wconf 88' lang='lat' dir='ltr'>de</span> <span class='ocrx_word' id='word_1_144' title='bbox 2402 2379 2637 2475; x_wconf 88' lang='lat' dir='ltr'>capite</span> 
     </span>
     <span class='ocr_line' id='line_1_20' title="bbox 495 2485 2638 2588; baseline -0.001 -30"><span class='ocrx_word' id='word_1_145' title='bbox 495 2485 732 2560; x_wconf 91' lang='lat' dir='ltr'>libero</span> <span class='ocrx_word' id='word_1_146' title='bbox 770 2487 1166 2584; x_wconf 83' lang='lat' dir='ltr'>judicabit?</span> <span class='ocrx_word' id='word_1_147' title='bbox 1202 2491 1372 2562; x_wconf 90' lang='lat' dir='ltr'>huic</span> <span class='ocrx_word' id='word_1_148' title='bbox 1404 2491 1761 2588; x_wconf 87' lang='lat' dir='ltr'>judicialis</span> <span class='ocrx_word' id='word_1_149' title='bbox 1792 2489 2055 2563; x_wconf 75' lang='lat' dir='ltr'>tabella</span> <span class='ocrx_word' id='word_1_150' title='bbox 2102 2489 2638 2562; x_wconf 83' lang='lat' dir='ltr'>committetur?</span> 
     </span>
     <span class='ocr_line' id='line_1_21' title="bbox 499 2597 2639 2695; baseline -0.001 -26"><span class='ocrx_word' id='word_1_151' title='bbox 499 2623 720 2695; x_wconf 88' lang='lat' dir='ltr'>quam</span> <span class='ocrx_word' id='word_1_152' title='bbox 757 2605 890 2671; x_wconf 88' lang='lat' dir='ltr'>iste</span> <span class='ocrx_word' id='word_1_153' title='bbox 917 2627 1068 2671; x_wconf 90' lang='lat' dir='ltr'>non</span> <span class='ocrx_word' id='word_1_154' title='bbox 1101 2601 1322 2672; x_wconf 89' lang='lat' dir='ltr'>modo</span> <span class='ocrx_word' id='word_1_155' title='bbox 1351 2627 1515 2673; x_wconf 86' lang='lat' dir='ltr'>cera</span> <span class='ocrx_word' id='word_1_156' title='bbox 1532 2598 1590 2690; x_wconf 79' lang='lat'>⁶,</span> <span class='ocrx_word' id='word_1_157' title='bbox 1628 2625 1881 2672; x_wconf 86' lang='lat' dir='ltr'>verum</span> <span class='ocrx_word' id='word_1_158' title='bbox 1918 2601 2131 2672; x_wconf 88' lang='lat' dir='ltr'>etiam</span> <span class='ocrx_word' id='word_1_159' title='bbox 2164 2599 2548 2695; x_wconf 86' lang='lat' dir='ltr'>sanguine,</span> <span class='ocrx_word' id='word_1_160' title='bbox 2576 2597 2639 2667; x_wconf 89' lang='lat' dir='ltr'>si</span> 
     </span>
     <span class='ocr_line' id='line_1_22' title="bbox 500 2710 1272 2798; baseline 0.01 -24"><span class='ocrx_word' id='word_1_161' title='bbox 500 2710 734 2780; x_wconf 84' lang='lat' dir='ltr'>visum</span> <span class='ocrx_word' id='word_1_162' title='bbox 769 2714 934 2798; x_wconf 90' lang='lat' dir='ltr'>erit,</span> <span class='ocrx_word' id='word_1_163' title='bbox 969 2712 1272 2784; x_wconf 90' lang='lat' dir='ltr'>notabit.</span> 
     </span>
    </p>

    <p class='ocr_par' dir='ltr' id='par_1_3' title="bbox 499 2816 2637 3467">
     <span class='ocr_line' id='line_1_23' title="bbox 597 2816 2635 2920; baseline -0 -31"><span class='ocrx_word' id='word_1_164' title='bbox 597 2825 922 2892; x_wconf 84' lang='lat' dir='ltr'><strong>XXXIII.</strong></span> <span class='ocrx_word' id='word_1_165' title='bbox 963 2822 1162 2912; x_wconf 89' lang='lat' dir='ltr'>Quid</span> <span class='ocrx_word' id='word_1_166' title='bbox 1199 2825 1394 2894; x_wconf 89' lang='lat' dir='ltr'>enim</span> <span class='ocrx_word' id='word_1_167' title='bbox 1435 2823 1703 2894; x_wconf 91' lang='lat' dir='ltr'>horum</span> <span class='ocrx_word' id='word_1_168' title='bbox 1742 2847 1819 2894; x_wconf 91' lang='lat' dir='ltr'>se</span> <span class='ocrx_word' id='word_1_169' title='bbox 1850 2837 2066 2920; x_wconf 81' lang='lat' dir='ltr'>negat</span> <span class='ocrx_word' id='word_1_170' title='bbox 2107 2819 2409 2892; x_wconf 83' lang='lat' dir='ltr'>secisse?</span> <span class='ocrx_word' id='word_1_171' title='bbox 2454 2816 2635 2888; x_wconf 85' lang='lat' dir='ltr'>illud</span> 
     </span>
     <span class='ocr_line' id='line_1_24' title="bbox 503 2928 2632 3030; baseline 0 -36"><span class='ocrx_word' id='word_1_172' title='bbox 503 2928 830 2999; x_wconf 83' lang='lat' dir='ltr'>videlicet</span> <span class='ocrx_word' id='word_1_173' title='bbox 847 2955 1072 3001; x_wconf 90' lang='lat' dir='ltr'>unum</span> <span class='ocrx_word' id='word_1_174' title='bbox 1095 2987 1114 3018; x_wconf 87' lang='lat'>‚</span> <span class='ocrx_word' id='word_1_175' title='bbox 1131 2932 1332 3030; x_wconf 84' lang='lat' dir='ltr'>quod</span> <span class='ocrx_word' id='word_1_176' title='bbox 1357 2957 1649 3005; x_wconf 83' lang='lat' dir='ltr'>necesse</span> <span class='ocrx_word' id='word_1_177' title='bbox 1680 2948 1819 3021; x_wconf 86' lang='lat' dir='ltr'>est,</span> <span class='ocrx_word' id='word_1_178' title='bbox 1846 2933 2229 3030; x_wconf 89' lang='lat' dir='ltr'>pecuniam</span> <span class='ocrx_word' id='word_1_179' title='bbox 2251 2929 2632 3027; x_wconf 87' lang='lat' dir='ltr'>accepisse.</span> 
     </span>
     <span class='ocr_line' id='line_1_25' title="bbox 508 3036 2631 3140; baseline 0.001 -35"><span class='ocrx_word' id='word_1_180' title='bbox 508 3036 780 3126; x_wconf 86' lang='lat' dir='ltr'>Quidni</span> <span class='ocrx_word' id='word_1_181' title='bbox 814 3039 944 3110; x_wconf 84' lang='lat' dir='ltr'>iste</span> <span class='ocrx_word' id='word_1_182' title='bbox 979 3043 1238 3138; x_wconf 87' lang='lat' dir='ltr'>neget?</span> <span class='ocrx_word' id='word_1_183' title='bbox 1277 3047 1366 3114; x_wconf 87' lang='lat' dir='ltr'>At</span> <span class='ocrx_word' id='word_1_184' title='bbox 1408 3069 1633 3140; x_wconf 89' lang='lat' dir='ltr'>eques</span> <span class='ocrx_word' id='word_1_185' title='bbox 1660 3068 2039 3127; x_wconf 88' lang='lat' dir='ltr'>romanus,</span> <span class='ocrx_word' id='word_1_186' title='bbox 2077 3041 2207 3138; x_wconf 89' lang='lat' dir='ltr'>qui</span> <span class='ocrx_word' id='word_1_187' title='bbox 2246 3045 2631 3138; x_wconf 84' lang='lat' dir='ltr'>Sopatrum</span> 
     </span>
     <span class='ocr_line' id='line_1_26' title="bbox 503 3141 2637 3248; baseline 0.003 -36"><span class='ocrx_word' id='word_1_188' title='bbox 503 3141 829 3215; x_wconf 89' lang='lat' dir='ltr'>defendit</span> <span class='ocrx_word' id='word_1_189' title='bbox 851 3201 868 3234; x_wconf 92' lang='lat'>,</span> <span class='ocrx_word' id='word_1_190' title='bbox 923 3154 1052 3245; x_wconf 86' lang='lat' dir='ltr'>qui</span> <span class='ocrx_word' id='word_1_191' title='bbox 1087 3151 1434 3222; x_wconf 89' lang='lat' dir='ltr'>omnibus</span> <span class='ocrx_word' id='word_1_192' title='bbox 1469 3153 1627 3247; x_wconf 90' lang='lat' dir='ltr'>ejus</span> <span class='ocrx_word' id='word_1_193' title='bbox 1658 3152 1977 3224; x_wconf 79' lang='lat' dir='ltr'>consiliis</span> <span class='ocrx_word' id='word_1_194' title='bbox 2008 3151 2375 3248; x_wconf 84' lang='lat' dir='ltr'>rebusque</span> <span class='ocrx_word' id='word_1_195' title='bbox 2410 3153 2637 3220; x_wconf 89' lang='lat' dir='ltr'>inter·-</span> 
     </span>
     <span class='ocr_line' id='line_1_27' title="bbox 505 3251 2636 3360; baseline 0.002 -37"><span class='ocrx_word' id='word_1_196' title='bbox 505 3251 662 3339; x_wconf 85' lang='lat' dir='ltr'>fuit,</span> <span class='ocrx_word' id='word_1_197' title='bbox 677 3258 1434 3356; x_wconf 86' lang='lat' dir='ltr'>Q.Minuciusjuratus</span> <span class='ocrx_word' id='word_1_198' title='bbox 1453 3262 1626 3333; x_wconf 91' lang='lat' dir='ltr'>dicit</span> <span class='ocrx_word' id='word_1_199' title='bbox 1647 3265 2025 3360; x_wconf 89' lang='lat' dir='ltr'>pecuniam</span> <span class='ocrx_word' id='word_1_200' title='bbox 2050 3259 2286 3330; x_wconf 85' lang='lat' dir='ltr'>datam</span> <span class='ocrx_word' id='word_1_201' title='bbox 2307 3287 2328 3348; x_wconf 88' lang='lat'>;</span> <span class='ocrx_word' id='word_1_202' title='bbox 2355 3260 2636 3354; x_wconf 88' lang='lat' dir='ltr'>juratus</span> 
     </span>
     <span class='ocr_line' id='line_1_28' title="bbox 499 3355 2635 3467; baseline 0.003 -33"><span class='ocrx_word' id='word_1_203' title='bbox 499 3363 670 3436; x_wconf 92' lang='lat' dir='ltr'>dicit</span> <span class='ocrx_word' id='word_1_204' title='bbox 698 3355 1226 3441; x_wconf 77' lang='lat' dir='ltr'>Timarchidem</span> <span class='ocrx_word' id='word_1_205' title='bbox 1263 3371 1567 3461; x_wconf 83' lang='lat' dir='ltr'>dixisse,</span> <span class='ocrx_word' id='word_1_206' title='bbox 1604 3373 1949 3467; x_wconf 87' lang='lat' dir='ltr'>majorem</span> <span class='ocrx_word' id='word_1_207' title='bbox 1980 3369 2071 3442; x_wconf 90' lang='lat' dir='ltr'>ab</span> <span class='ocrx_word' id='word_1_208' title='bbox 2099 3367 2635 3442; x_wconf 86' lang='lat' dir='ltr'>accusatoribus</span> 
     </span>
    </p>
   </div>
   <div class='ocr_carea' id='block_1_3' title="bbox 493 3554 2637 4175">
    <p class='ocr_par' dir='ltr' id='par_1_4' title="bbox 493 3554 2635 3858">
     <span class='ocr_line' id='line_1_29' title="bbox 567 3554 2635 3623; baseline 0.002 -22"><span class='ocrx_word' id='word_1_209' title='bbox 567 3554 620 3600; x_wconf 84' lang='lat'>3.</span> <span class='ocrx_word' id='word_1_210' title='bbox 675 3555 856 3604; x_wconf 74' lang='lat' dir='ltr'>Aberat</span> <span class='ocrx_word' id='word_1_211' title='bbox 903 3577 928 3600; x_wconf 73' lang='grc' dir='ltr'>ι</span> <span class='ocrx_word' id='word_1_212' title='bbox 945 3559 1152 3621; x_wconf 75' lang='lat' dir='ltr'>pecnnia</span> <span class='ocrx_word' id='word_1_213' title='bbox 1201 3571 1434 3623; x_wconf 75' lang='lat' dir='ltr'>accepta·</span> <span class='ocrx_word' id='word_1_214' title='bbox 1485 3577 1517 3608; x_wconf 79' lang='lat' dir='ltr'>a</span> <span class='ocrx_word' id='word_1_215' title='bbox 1604 3560 1737 3609; x_wconf 80' lang='lat' dir='ltr'>enim</span> <span class='ocrx_word' id='word_1_216' title='bbox 1760 3571 1811 3610; x_wconf 86' lang='lat' dir='ltr'>et</span> <span class='ocrx_word' id='word_1_217' title='bbox 1840 3560 2069 3610; x_wconf 68' lang='lat' dir='ltr'>sulm</span> <span class='ocrx_word' id='word_1_218' title='bbox 2092 3575 2191 3608; x_wconf 74' lang='lat' dir='ltr'>nn·</span> <span class='ocrx_word' id='word_1_219' title='bbox 2216 3559 2395 3622; x_wconf 68' lang='lat' dir='ltr'>sapiu·</span> <span class='ocrx_word' id='word_1_220' title='bbox 2428 3557 2635 3617; x_wconf 73' lang='lat' dir='ltr'>coniun-</span> 
     </span>
     <span class='ocr_line' id='line_1_30' title="bbox 493 3632 2635 3704; baseline 0.003 -25"><span class='ocrx_word' id='word_1_221' title='bbox 493 3632 608 3681; x_wconf 68' lang='grc' dir='ltr'>ωδ.</span> <span class='ocrx_word' id='word_1_222' title='bbox 635 3634 842 3692; x_wconf 70' lang='grc' dir='ltr'>Νιιιιιίἱς</span> <span class='ocrx_word' id='word_1_223' title='bbox 875 3635 1030 3701; x_wconf 71' lang='lat' dir='ltr'>idquae</span> <span class='ocrx_word' id='word_1_224' title='bbox 1057 3637 1106 3686; x_wconf 86' lang='lat' dir='ltr'>ei</span> <span class='ocrx_word' id='word_1_225' title='bbox 1143 3637 1388 3701; x_wconf 70' lang='lat' dir='ltr'>placebat.</span> <span class='ocrx_word' id='word_1_226' title='bbox 1419 3639 1518 3688; x_wconf 86' lang='lat' dir='ltr'>Sed</span> <span class='ocrx_word' id='word_1_227' title='bbox 1604 3652 1819 3704; x_wconf 77' lang='lat' dir='ltr'>guntur,</span> <span class='ocrx_word' id='word_1_228' title='bbox 1864 3651 1921 3687; x_wconf 84' lang='lat' dir='ltr'>ut</span> <span class='ocrx_word' id='word_1_229' title='bbox 1960 3640 2379 3704; x_wconf 70' lang='lat' dir='ltr'>iniqniuimormn</span> <span class='ocrx_word' id='word_1_230' title='bbox 2410 3635 2635 3697; x_wconf 72' lang='lat' dir='ltr'>judicum</span> 
     </span>
     <span class='ocr_line' id='line_1_31' title="bbox 499 3713 2635 3784; baseline 0.001 -25"><span class='ocrx_word' id='word_1_231' title='bbox 499 3713 750 3774; x_wconf 72' lang='lat' dir='ltr'>mquirunt</span> <span class='ocrx_word' id='word_1_232' title='bbox 773 3713 944 3773; x_wconf 72' lang='lat' dir='ltr'>verba,</span> <span class='ocrx_word' id='word_1_233' title='bbox 975 3731 1086 3780; x_wconf 66' lang='lat' dir='ltr'>qne</span> <span class='ocrx_word' id='word_1_234' title='bbox 1109 3718 1274 3764; x_wconf 71' lang='lat' dir='ltr'>statim</span> <span class='ocrx_word' id='word_1_235' title='bbox 1305 3733 1517 3780; x_wconf 72' lang='lat' dir='ltr'>sequim-</span> <span class='ocrx_word' id='word_1_236' title='bbox 1604 3719 1803 3768; x_wconf 73' lang='lat' dir='ltr'>nomina</span> <span class='ocrx_word' id='word_1_237' title='bbox 1830 3719 2047 3784; x_wconf 79' lang='lat' dir='ltr'>(Cluent.</span> <span class='ocrx_word' id='word_1_238' title='bbox 2072 3717 2161 3782; x_wconf 71' lang='lat'>28)</span> <span class='ocrx_word' id='word_1_239' title='bbox 2178 3754 2193 3777; x_wconf 89' lang='lat'>,</span> <span class='ocrx_word' id='word_1_240' title='bbox 2228 3719 2315 3782; x_wconf 83' lang='lat' dir='ltr'>qui</span> <span class='ocrx_word' id='word_1_241' title='bbox 2342 3727 2505 3764; x_wconf 74' lang='lat' dir='ltr'>umen</span> <span class='ocrx_word' id='word_1_242' title='bbox 2530 3727 2635 3779; x_wconf 63' lang='lat' dir='ltr'>pru</span> 
     </span>
     <span class='ocr_line' id='line_1_32' title="bbox 501 3793 2425 3858; baseline 0.002 -20"><span class='ocrx_word' id='word_1_243' title='bbox 501 3801 600 3852; x_wconf 81' lang='lat' dir='ltr'>tur,</span> <span class='ocrx_word' id='word_1_244' title='bbox 622 3793 846 3857; x_wconf 72' lang='lat' dir='ltr'>«majore</span> <span class='ocrx_word' id='word_1_245' title='bbox 865 3796 1074 3858; x_wconf 76' lang='lat' dir='ltr'>pecnnia</span> <span class='ocrx_word' id='word_1_246' title='bbox 1093 3818 1134 3844; x_wconf 67' lang='grc' dir='ltr'>ι..</span> <span class='ocrx_word' id='word_1_247' title='bbox 1170 3798 1203 3844; x_wconf 85' lang='lat' dir='ltr'><strong>J</strong></span> <span class='ocrx_word' id='word_1_248' title='bbox 1211 3831 1222 3842; x_wconf 96' lang='lat'>.</span> <span class='ocrx_word' id='word_1_249' title='bbox 1238 3798 1302 3843; x_wconf 77' lang='lat' dir='ltr'>V.</span> <span class='ocrx_word' id='word_1_250' title='bbox 1319 3797 1376 3845; x_wconf 85' lang='lat'>1..</span> <span class='ocrx_word' id='word_1_251' title='bbox 1604 3801 1757 3848; x_wconf 78' lang='lat' dir='ltr'>Verre</span> <span class='ocrx_word' id='word_1_252' title='bbox 1774 3799 2161 3848; x_wconf 71' lang='lat' dir='ltr'>innocentis-imi</span> <span class='ocrx_word' id='word_1_253' title='bbox 2176 3793 2425 3846; x_wconf 74' lang='lat' dir='ltr'>videntur.</span> 
     </span>
    </p>

    <p class='ocr_par' dir='ltr' id='par_1_5' title="bbox 495 3872 2637 4175">
     <span class='ocr_line' id='line_1_33' title="bbox 569 3872 2636 3926; baseline 0.004 -10"><span class='ocrx_word' id='word_1_254' title='bbox 569 3880 620 3926; x_wconf 71' lang='grc'>4.</span> <span class='ocrx_word' id='word_1_255' title='bbox 651 3873 722 3917; x_wconf 81' lang='lat' dir='ltr'>Tu</span> <span class='ocrx_word' id='word_1_256' title='bbox 749 3873 970 3922; x_wconf 75' lang='lat' dir='ltr'>Bulbum.</span> <span class='ocrx_word' id='word_1_257' title='bbox 1009 3875 1136 3924; x_wconf 82' lang='lat' dir='ltr'>Cod.</span> <span class='ocrx_word' id='word_1_258' title='bbox 1171 3875 1358 3924; x_wconf 73' lang='lat' dir='ltr'>Metell.</span> <span class='ocrx_word' id='word_1_259' title='bbox 1385 3877 1521 3923; x_wconf 77' lang='lat' dir='ltr'>«Tu-</span> <span class='ocrx_word' id='word_1_260' title='bbox 1678 3878 1727 3924; x_wconf 82' lang='lat'>5.</span> <span class='ocrx_word' id='word_1_261' title='bbox 1770 3877 1991 3926; x_wconf 63' lang='lat' dir='ltr'>Alterum</span> <span class='ocrx_word' id='word_1_262' title='bbox 2028 3876 2297 3926; x_wconf 66' lang='lat' dir='ltr'>decuriam.</span> <span class='ocrx_word' id='word_1_263' title='bbox 2344 3872 2636 3924; x_wconf 63' lang='lat' dir='ltr'>Secund-m·</span> 
     </span>
     <span class='ocr_line' id='line_1_34' title="bbox 495 3949 2082 4019; baseline 0.004 -21"><span class='ocrx_word' id='word_1_264' title='bbox 495 3949 666 3998; x_wconf 83' lang='lat' dir='ltr'>bulum</span> <span class='ocrx_word' id='word_1_265' title='bbox 681 3973 722 4012; x_wconf 76' lang='grc' dir='ltr'>ιι,</span> <span class='ocrx_word' id='word_1_266' title='bbox 745 3953 830 4014; x_wconf 84' lang='lat' dir='ltr'>qui</span> <span class='ocrx_word' id='word_1_267' title='bbox 855 3954 1054 4016; x_wconf 80' lang='lat' dir='ltr'>quidem</span> <span class='ocrx_word' id='word_1_268' title='bbox 1083 3967 1268 4019; x_wconf 72' lang='lat' dir='ltr'>praetor</span> <span class='ocrx_word' id='word_1_269' title='bbox 1291 3955 1523 4018; x_wconf 75' lang='lat' dir='ltr'>pecunias</span> <span class='ocrx_word' id='word_1_270' title='bbox 1612 3955 1727 4004; x_wconf 77' lang='lat' dir='ltr'>vid.</span> <span class='ocrx_word' id='word_1_271' title='bbox 1744 3959 1887 4006; x_wconf 78' lang='lat' dir='ltr'>-Verr,</span> <span class='ocrx_word' id='word_1_272' title='bbox 1914 3959 1939 4004; x_wconf 86' lang='lat'>1</span> <span class='ocrx_word' id='word_1_273' title='bbox 1955 3987 1971 4012; x_wconf 80' lang='grc'><strong>.</strong></span> <span class='ocrx_word' id='word_1_274' title='bbox 1996 3957 2082 4005; x_wconf 80' lang='lat'>61.</span> 
     </span>
     <span class='ocr_line' id='line_1_35' title="bbox 501 4028 2637 4098; baseline 0.001 -23"><span class='ocrx_word' id='word_1_275' title='bbox 501 4028 570 4076; x_wconf 85' lang='lat' dir='ltr'>ob</span> <span class='ocrx_word' id='word_1_276' title='bbox 603 4045 702 4077; x_wconf 84' lang='lat' dir='ltr'>rem</span> <span class='ocrx_word' id='word_1_277' title='bbox 725 4029 1042 4089; x_wconf 70' lang='lat' dir='ltr'>judio-adm</span> <span class='ocrx_word' id='word_1_278' title='bbox 1075 4034 1282 4098; x_wconf 75' lang='lat' dir='ltr'>accepit.</span> <span class='ocrx_word' id='word_1_279' title='bbox 1309 4036 1385 4082; x_wconf 82' lang='lat' dir='ltr'>De</span> <span class='ocrx_word' id='word_1_280' title='bbox 1412 4035 1519 4082; x_wconf 78' lang='lat' dir='ltr'>Fin.</span> <span class='ocrx_word' id='word_1_281' title='bbox 1682 4037 1731 4084; x_wconf 85' lang='grc'>6.</span> <span class='ocrx_word' id='word_1_282' title='bbox 1762 4035 1906 4082; x_wconf 70' lang='lat' dir='ltr'>Cera.</span> <span class='ocrx_word' id='word_1_283' title='bbox 1924 4032 2183 4086; x_wconf 64' lang='lat' dir='ltr'>Dhoolooe</span> <span class='ocrx_word' id='word_1_284' title='bbox 2197 4043 2249 4081; x_wconf 84' lang='lat' dir='ltr'>et</span> <span class='ocrx_word' id='word_1_285' title='bbox 2268 4029 2637 4094; x_wconf 43' lang='lat' dir='ltr'>int-mistum</span> 
     </span>
     <span class='ocr_line' id='line_1_36' title="bbox 499 4109 2189 4175; baseline 0.005 -21"><span class='ocrx_word' id='word_1_286' title='bbox 499 4109 574 4165; x_wconf 86' lang='lat'>11,</span> <span class='ocrx_word' id='word_1_287' title='bbox 617 4109 702 4156; x_wconf 81' lang='grc' dir='ltr'>ιδ.</span> <span class='ocrx_word' id='word_1_288' title='bbox 749 4109 842 4157; x_wconf 84' lang='lat' dir='ltr'>Sed</span> <span class='ocrx_word' id='word_1_289' title='bbox 887 4127 988 4160; x_wconf 85' lang='lat' dir='ltr'>non</span> <span class='ocrx_word' id='word_1_290' title='bbox 1027 4125 1146 4175; x_wconf 79' lang='lat' dir='ltr'>apto</span> <span class='ocrx_word' id='word_1_291' title='bbox 1177 4114 1311 4161; x_wconf 76' lang='lat' dir='ltr'>loco·</span> <span class='ocrx_word' id='word_1_292' title='bbox 1337 4112 1523 4162; x_wconf 65' lang='lat' dir='ltr'>Bulbus</span> <span class='ocrx_word' id='word_1_293' title='bbox 1612 4115 1917 4165; x_wconf 64' lang='lat' dir='ltr'>nornen-ius.</span> <span class='ocrx_word' id='word_1_294' title='bbox 1944 4115 2114 4162; x_wconf 80' lang='lat' dir='ltr'>Divin.</span> <span class='ocrx_word' id='word_1_295' title='bbox 2142 4129 2189 4172; x_wconf 82' lang='lat'>7.</span> 
     </span>
    </p>
   </div>
  </div>
 </body>
</html>
