2984 4684
541 347 638 436 46
1183 349 1278 416 M.
1331 347 1409 414 Τ.
1463 348 2039 418 CICERONIS

534 471 719 572 quid
743 470 894 542 haec
919 471 1440 540 immaturitas⁴
1465 483 1665 540 tanta
1690 465 2089 564 significat?
2114 491 2269 538 non
2292 470 2488 540 vim?
2520 495 2672 546 non

537 582 814 656 scelus?
845 605 997 652 non
1033 578 1545 650 latrocinium?
1575 603 1727 650 non
1757 577 2075 675 denique
2110 581 2357 652 omnia
2393 585 2673 680 potius,

538 717 761 792 quam
787 693 948 787 juS,
973 715 1194 788 quam
1230 687 1553 762 officium
1573 743 1593 778 ,
1620 713 1841 786 quam
1868 688 2277 788 pudorem?
2310 693 2537 762 Mittis
2568 695 2677 762 in·

528 805 737 901 jussu
757 804 1084 901 praetoris
1105 827 1120 870 ε
1142 826 1296 898 quo
1309 797 1647 874 consilio⁵
1663 801 1692 870 Ξ)
1710 806 1747 872 J
1756 821 2093 870 ussurum
2114 798 2412 870 sciebas,
2432 801 2675 892 Quid?

533 937 766 1010 quum
798 913 1158 1008 jussisset,
1191 926 1348 982 tum
1383 914 1668 982 mittere
1703 933 1953 980 nonne
1990 911 2319 1006 poteras?
2348 912 2673 983 Postula-

536 1036 745 1094 turus
770 1045 947 1093 eras,
982 1020 1339 1113 Quando?
1361 1035 1529 1118 post
1554 1019 1707 1092 dies
1730 1017 1941 1090 xxxss.
1992 1021 2270 1119 Nempe
2304 1023 2361 1092 si
2391 1036 2461 1092 te
2494 1022 2674 1094 nihil

533 1133 952 1233 impediret,
989 1137 1049 1204 si
1080 1133 1416 1204 voluntas
1451 1131 1705 1204 eadem
1736 1145 2095 1218 maneret,
2130 1133 2188 1200 si
2216 1131 2519 1220 valeres,
2546 1131 2673 1204 de-

533 1247 760 1341 nique
789 1247 847 1315 si
874 1247 1172 1316 vivereS.
1206 1249 1473 1314 Praetor
1498 1244 1847 1339 jussisset.
1892 1245 2209 1339 opinor,
2240 1245 2299 1312 si
2329 1243 2580 1330 vellet,
2614 1248 2673 1316 si

532 1355 835 1442 valeret,
883 1358 943 1425 si
985 1356 1106 1450 jus
1140 1353 1445 1441 diceret,
1496 1357 1553 1424 si
1612 1379 1829 1425 nemo
1872 1365 2273 1439 recusaret,
2316 1357 2544 1449 quin⁷
2586 1380 2676 1428 ex

534 1469 762 1562 ipsius
781 1463 1074 1536 decreto
1098 1479 1172 1534 et
1193 1461 1535 1535 satisdare
1548 1461 1604 1554 ⁸,
1620 1479 1693 1534 et
1702 1462 2060 1560 judicium
2086 1466 2414 1561 accipere
2436 1465 2671 1538 vellet.

529 1579 749 1661 Nam,
792 1597 924 1671 per
963 1572 1140 1644 deos
1190 1563 1665 1660 immortaleS,
1707 1577 1769 1644 si
1798 1573 2172 1672 Alphenus
2196 1627 2217 1658 ,
2249 1591 2677 1671 procurator

531 1691 608 1757 P.
646 1687 928 1775 Quintii
950 1737 971 1772 ,
1018 1682 1148 1754 tibi
1195 1699 1354 1756 tum
1403 1683 1747 1756 satisdare
1770 1739 1790 1772 ,
1842 1697 1914 1754 et
1942 1682 2301 1778 judicium
2348 1688 2675 1783 accipere

530 1797 772 1884 vellet,
789 1795 1108 1892 denique
1128 1799 1396 1883 omnia,
1416 1821 1579 1893 quae
1600 1795 2029 1894 postulares,
2051 1792 2284 1864 facere
2306 1795 2677 1884 voluisset,

533 1904 713 2002 quid
734 1904 1025 2002 ageres?
1052 1929 1422 1976 revocares
1443 1931 1639 1992 eum,
1667 1930 1887 2002 quem
1908 1909 1983 1974 in
2014 1905 2317 1976 Galliam
2343 1907 2675 1978 miseras?

533 2023 626 2088 At
651 2015 807 2086 hic9
837 2015 1132 2112 quidem
1155 2017 1302 2110 jam
1335 2015 1426 2088 de
1452 2014 1683 2087 fundo
1712 2014 2055 2113 expulsus
2078 2041 2097 2102 3
2123 2017 2271 2111 jam
2294 2039 2336 2086 a
2360 2018 2509 2086 suis
2536 2016 2677 2088 diis

534 2126 920 2224 penatibus
947 2151 1264 2225 praeceps
1296 2127 1609 2220 ejectus3
1636 2127 1821 2221 jam,
1851 2123 2055 2222 quod
2087 2124 2675 2220 indignissimum

533 2252 667 2323 est,
691 2261 989 2306 suornm
1021 2261 1394 2306 servorum
1421 2235 1781 2323 manibus,
1814 2239 2077 2305 nuntio
2108 2249 2331 2332 atque
2362 2239 2675 2334 imperio

532 2348 1008 2434 tuo,violatus
1026 2363 1232 2418 esset.
1259 2351 1742 2444 Coi-rigeres10
1766 2345 1947 2434 haee,
1974 2346 2268 2432 scilicet,
2289 2361 2370 2416 tu
2400 2362 2675 2444 postea.

534 2464 642 2528 De
655 2461 768 2554 cuj
779 2482 1082 2555 usquam
1103 2462 1276 2528 vita¹
1291 2469 1311 2502 ¹
1334 2458 1575 2530 dicere
1600 2457 1848 2546 audeS,
1867 2461 1994 2554 qui
2012 2457 2153 2527 hoc
2174 2457 2529 2528 concedas
2553 2483 2679 2530 ne-

529 2594 726 2640 cesse
751 2585 880 2657 est,
914 2573 1012 2640 ita
1041 2583 1110 2640 te
1148 2594 1416 2640 caecum
1445 2568 1839 2668 cupiditate
1874 2583 1945 2638 et
1976 2571 2265 2638 avaritia
2292 2566 2536 2656 fuisse,
2555 2583 2679 2656 ut,

527 2704 758 2777 quum
794 2695 1044 2778 postea
1083 2679 1266 2777 quid
1308 2678 1635 2750 futurum
1683 2695 1869 2751 esset
1901 2683 2269 2775 ignorares
2292 2734 2311 2766 ,
2342 2678 2675 2750 accidere

529 2806 774 2861 autem
807 2793 1035 2862 multa
1074 2805 1409 2888 possent,
1441 2817 1645 2888 spem
1682 2789 2015 2878 maleficii
2049 2792 2421 2888 praesentis
2453 2793 2529 2860 in
2566 2793 2681 2860 in-

534 2916 732 2971 certo
778 2902 1036 2997 reliqui
1073 2905 1418 2999 temporis
1460 2917 1730 2973 eventu
1774 2901 2209 2972 collocares?
2241 2904 2478 3012 Atflue
2522 2899 2679 2971 haec

531 3009 834 3106 perinde
862 3013 1151 3107 loquor,
1178 3015 1385 3108 quasi
1419 3014 1579 3111 ipso
1607 3013 1734 3082 illo
1765 3027 2115 3111 tempore,
2138 3036 2367 3107 quum
2398 3026 2467 3081 te
2498 3035 2682 3109 prae-

531 3136 647 3191 tor
684 3123 1013 3216 jussisset
1047 3147 1133 3192 ex
1169 3121 1410 3193 edicto
1442 3123 1851 3221 possidere,
1906 3127 1963 3194 si
2006 3127 2081 3194 in
2133 3125 2677 3221 possessionem

535 3294 836 3358 possidere33
867 3295 944 3343 vel
985 3294 1066 3344 dic
1097 3297 1228 3348 DCC
1262 3297 1416 3346 millia
1452 3314 1557 3363 pas·
1718 3317 1767 3361 7.
1802 3301 1843 3348 E
1872 3301 2155 3361 conjectura
2179 3298 2347 3347 Lafflb.
2376 3299 2545 3364 Vulgo
2572 3300 2677 3365 qui.

533 3391 677 3423 suum
703 3391 805 3422 esse
833 3373 1035 3424 decursa
1062 3375 1239 3428 biduo.
1644 3381 1767 3429 J.V.
1788 3380 1844 3430 L.

603 3464 654 3512 4.
681 3457 1036 3505 ᾒιυηαεεινίεαε.
1061 3459 1405 3524 Intempestiui
1440 3475 1557 3524 pro-
1718 3460 1767 3508 8.
1788 3459 1889 3507 Alii
1904 3494 1918 3518 ‚
1952 3481 1974 3502 ι
1994 3459 2244 3506 satisdaret
2256 3481 2299 3506 n.
2321 3459 2370 3506 J.
2386 3459 2450 3506 V.
2479 3459 2533 3505 L.

528 3537 734 3598 pen-atio.
1718 3555 1771 3602 9.
1804 3538 1920 3587 Hic.
1945 3537 2378 3600 Quintinae—Diis
2395 3537 2677 3603 penatibus.

605 3615 654 3663 5.
686 3616 842 3664 Recte
880 3615 1140 3665 Facciolat.
1189 3617 1355 3666 Garat.
1390 3615 1551 3677 Beck,
1648 3618 1735 3668 sni
1756 3619 1933 3682 cuique
1964 3619 2061 3666 civi
2078 3636 2135 3668 nc
2152 3618 2484 3683 patrifamilias
2508 3617 2680 3667 dome·

529 3693 1168 3758 sustulemntinterrogandi
1181 3696 1555 3745 notam-rma..
1645 3699 1753 3747 ttici
1774 3697 1845 3746 dii
1873 3709 2011 3746 erant
2032 3731 2048 3757 ,
2077 3699 2166 3762 qui
2196 3701 2303 3761 ejus
2331 3698 2531 3748 domum
2562 3699 2681 3747 reli-

603 3773 653 3820 6.
677 3774 788 3820 Post
805 3773 908 3821 dies
931 3776 1096 3825 XXX.
1114 3778 1279 3826 1r0nia
1305 3787 1354 3824 et
1378 3777 1557 3842 hyper-
1645 3778 1789 3843 gione
1814 3779 2061 3828 munirent
2091 3790 2141 3828 et
2166 3790 2529 3828 consecrarent.

531 3849 645 3899 bole
669 3854 724 3900 in
749 3869 953 3902 numero
975 3855 1190 3915 dierum,
1221 3873 1318 3920 qua
1341 3872 1446 3904 non
1467 3871 1555 3904 nse-
1720 3873 1798 3906 10.
1822 3859 2105 3924 Con-igeret.
2132 3860 2318 3909 Itonia.

531 3931 786 3978 cessariam
827 3933 1002 3982 Naevio
1042 3936 1432 3999 properationem
1475 3935 1555 3984 in·
1718 3953 1740 3984 1
1754 3955 1797 3988 1.
1822 3939 1897 3986 De
1922 3940 2213 4004 cujusquam
2228 3942 2360 3988 vita.
2384 3937 2679 4004 Epiphone-

531 4011 656 4070 nuit,
673 4013 860 4078 quippe
879 4013 966 4077 qui
988 4027 1101 4064 ante
1124 4017 1349 4081 praetoris
1366 4016 1553 4082 jussum
1641 4033 1737 4066 ma.
1774 4019 1836 4066 Et
1870 4017 2197 4067 fraudatorem
2230 4019 2475 4083 appellare
2520 4019 2675 4066 auda

531 4092 695 4140 omnia
714 4093 995 4158 peregisset.
1231 4139 1244 4150 ,
1642 4099 1902 4161 Quintium
1918 4135 1935 4162 ,
1961 4110 2106 4163 atque
2126 4100 2231 4160 eius
2260 4098 2413 4152 vitam
2448 4098 2505 4146 in
2536 4099 2675 4164 peti-
