2984 4684
421 392 790 415 mmm
794 391 1440 415 “mmmmm
1445 376 1813 414 mmm
1816 394 1903 415 ”Q
1907 394 2371 417 mmmm
2376 398 2467 417 m
2478 396 2570 418 Μ

931 602 2051 707 ARGUMENTUM

645 804 1133 875 ACTIONIS
1191 805 1541 874 PRIMAE
1598 808 1709 875 IN
1770 808 1852 877 C.
1893 808 2347 895 VERREM,

1042 983 1145 1031 Ex
1193 982 1543 1032 ASCONIO
1590 982 1950 1033 PEDIANO.

420 1146 589 1205 Victo
622 1146 880 1219 Caecilio,
908 1160 967 1207 et
994 1148 1360 1207 accusatione
1388 1146 1462 1206 ad
1491 1168 1553 1206 se
1576 1146 1799 1219 delata,
1833 1146 2040 1207 Cicero
2059 1192 2076 1220 ,
2104 1168 2286 1226 quum
2312 1149 2559 1227 inquisi-

499 1244 671 1303 tionis
705 1258 933 1323 tempus
967 1244 1027 1302 in
1060 1245 1317 1305 Siciliam
1345 1244 1693 1323 postulasset
1722 1242 1844 1303 dies
1873 1248 2010 1315 CX,
2041 1257 2099 1303 et
2139 1264 2271 1303 cum
2303 1247 2422 1305 filio
2449 1267 2561 1325 pa-

499 1343 612 1399 trui
639 1342 728 1399 sui
754 1341 934 1401 Tullii
973 1355 1153 1399 totam
1192 1342 1557 1419 provinciam
1589 1340 1927 1417 colligendis
1976 1341 2159 1400 literis
2195 1343 2254 1400 in
2280 1346 2521 1403 Verrem
2542 1388 2561 1417 ,

496 1453 555 1498 et
575 1438 983 1499 denuntiandis
1006 1439 1348 1499 testimoniis
1381 1452 1744 1519 peragrasset
1772 1436 1978 1497 diebus
2004 1444 2083 1511 L,
2120 1440 2257 1517 quia
2288 1440 2559 1519 pedestre

493 1537 606 1595 iter
654 1558 722 1597 ex
765 1538 960 1597 Sicilia
1000 1550 1060 1595 et
1107 1550 1354 1616 propter
1403 1537 1677 1615 fugitivos
1725 1549 1784 1596 et
1821 1550 2067 1614 propter
2092 1537 2284 1596 Verris
2321 1538 2558 1598 insidias

495 1634 850 1705 devitabat¹‚
893 1633 1182 1695 aVibone
1233 1636 1453 1694 transit.
1494 1640 1646 1693 Tum
1690 1648 1929 1713 repente
1984 1634 2334 1708 adveniens,
2376 1657 2557 1713 quum

492 1731 718 1790 videret
744 1729 804 1789 id
836 1732 964 1809 agi,
994 1745 1058 1789 ut
1083 1752 1118 1790 a
1147 1732 1248 1793 Μ’.
1264 1730 1580 1790 Glabrione
1610 1743 1862 1817 praetore
1882 1774 1899 1801 ,
1936 1744 1995 1789 et
2026 1729 2100 1789 ab
2132 1732 2202 1789 iis
2221 1731 2551 1809 judicibuS,

492 1830 596 1907 qui
627 1842 763 1887 tunc
795 1841 993 1900 erant,
1023 1828 1096 1887 ad
1131 1829 1308 1887 alium
1341 1847 1590 1900 annum,
1636 1828 1929 1905 aliumque
1963 1840 2277 1906 praetorem
2314 1850 2407 1888 res
2434 1844 2558 1890 tota

493 1926 788 1999 transiret,
815 1926 1256 2005 eripereturque
1291 1924 1406 1983 sibi
1445 1945 1579 1983 reus
1621 1925 1948 2003 patrocinio
1978 1926 2275 1983 Hortensii
2312 1946 2381 1985 ac
2422 1932 2558 1987 Me-

493 2023 646 2093 telli,
676 2022 778 2100 qui
809 2035 945 2080 tunc
973 2023 1239 2081 consules
1277 2022 1460 2079 futuri
1496 2034 1662 2080 erant
1694 2021 1823 2103 (per
1856 2008 1963 2079 hos
2001 2021 2154 2080 enim
2176 2028 2390 2081 Verres
2425 2025 2557 2083 elu-

491 2118 668 2177 dendi
689 2118 896 2196 judicii
923 2118 1195 2177 fiduciam
1218 2116 1601 2196 sumpserat),
1630 2118 1744 2175 hoc
1777 2131 2138 2176 commentus
2164 2132 2250 2176 est
2280 2120 2557 2195 rationis,

491 2230 558 2275 ut
583 2216 905 2275 orationem
935 2215 1165 2293 longam
1194 2216 1693 2293 praetermitteret,
1742 2235 1932 2292 neque
1970 2215 2029 2272 in
2067 2214 2409 2276 criminibus
2446 2218 2554 2277 de-

492 2315 832 2375 clamatione
881 2313 1241 2375 cumulandis
1293 2327 1521 2393 tempus
1572 2314 1939 2385 absumeret,
1997 2312 2098 2372 sed
2154 2318 2552 2377 tantummodo

491 2411 696 2470 citaret
728 2423 899 2470 testes
927 2411 1000 2470 ad
1030 2410 1488 2487 unumquodque
1515 2412 1733 2467 crimen
1765 2410 2122 2488 expositum,
2162 2425 2222 2469 et
2262 2432 2361 2471 eos
2391 2419 2551 2473 Hor-

490 2508 675 2567 tensio
711 2506 1154 2587 interrogandos
1191 2504 1374 2565 daret.
1420 2512 1553 2579 Qua
1592 2519 1717 2565 arte
1754 2507 1836 2563 ita
1869 2520 1957 2564 est
2000 2508 2270 2585 fatigatus
2298 2514 2551 2569 Horten-

488 2606 634 2677 sius,
665 2619 731 2664 ut
749 2604 922 2677 nihil,
949 2616 1153 2663 contra
1176 2602 1336 2680 quod
1355 2602 1607 2675 diceret,
1636 2602 1942 2674 inveniret,
1969 2602 2093 2680 ipse
2118 2604 2293 2663 etiam
2309 2608 2551 2676 Verres,

427 2761 434 2771 ,
489 2701 798 2781 desperato
822 2700 1178 2781 patrocinio,
1202 2718 1307 2757 sua
1339 2711 1549 2778 sponte
1582 2696 1904 2757 discederet
1928 2701 1989 2756 in
2017 2699 2298 2759 exsilium.

567 2802 696 2856 Hoc
713 2798 890 2876 igitur
909 2795 1138 2855 laborat
1158 2795 1218 2852 in
1238 2793 1505 2852 oratione
1522 2793 1633 2853 hac
1655 2807 1773 2851 tota
1787 2793 2031 2865 Tullius,
2048 2806 2113 2851 ut
2125 2793 2412 2870 ostendat,
2427 2818 2547 2857 non

486 2894 657 2968 dolo,
689 2916 796 2954 nec
823 2896 1062 2961 astutia,
1089 2891 1191 2952 sed
1215 2890 1554 2949 necessitate
1580 2890 1795 2959 facere,
1818 2887 1880 2946 id
1903 2888 2062 2966 quod
2088 2890 2257 2964 facit3
2287 2906 2345 2953 et
2368 2897 2549 2975 magis

487 2990 956 3050 adversariorum
987 2987 1292 3049 fraudibus
1327 2998 1624 3057 occurrat,
1658 3005 1832 3063 quam
1872 2998 1939 3044 ut
1970 2986 2095 3064 ipse
2122 2990 2195 3045 sit
2226 2993 2546 3069 captiosus.

441 3112 452 3121 ·
485 3092 624 3149 Vult
647 3090 820 3162 enim,
845 3102 913 3147 ut
939 3088 1208 3161 diximus,
1236 3106 1408 3145 omne
1430 3086 1547 3143 hoc
1570 3098 1831 3161 tempus,
1851 3081 2012 3161 quod
2041 3098 2127 3144 est
2153 3101 2285 3146 ante
2316 3090 2540 3150 kalend.

480 3190 707 3267 januar.
735 3188 1068 3264 dispensare
1099 3186 1162 3243 in
1195 3186 1370 3244 totius
1398 3202 1585 3241 causae
1616 3182 1934 3251 actionem,
1972 3201 2047 3241 ne
2075 3181 2149 3240 ad
2180 3185 2357 3243 alium
2392 3207 2546 3266 prae-

486 3300 699 3359 torem,
739 3284 996 3363 aliosque
1035 3284 1264 3362 judices
1303 3283 1472 3339 novis
1512 3279 1849 3339 consulibus
1886 3280 2235 3339 veniendum
2274 3282 2367 3341 sit.
2391 3290 2545 3343 Toto

485 3385 661 3461 igitur
689 3384 804 3441 hoc
828 3381 981 3440 libro
1008 3380 1338 3439 exhortatio
1353 3379 1623 3457 judicum
1648 3379 1997 3451 continetur,
2022 3377 2097 3437 ad
2123 3399 2256 3438 vere
2275 3380 2547 3458 judican-

485 3480 653 3553 dum;
695 3480 864 3539 minae
889 3479 950 3537 in
988 3476 1346 3537 adversarios
1382 3476 1733 3555 diriguntur,
1764 3475 1957 3533 omnia
1988 3488 2271 3534 tentantes
2299 3477 2370 3535 ad
2408 3498 2543 3536 cor-

485 3577 870 3655 rumpendum
900 3573 1216 3654 judicium:
1252 3588 1310 3633 et
1336 3574 1723 3652 expositiones
1753 3573 2049 3632 Ciceronis
2077 3572 2303 3632 consilii
2334 3575 2421 3633 sui
2441 3576 2543 3654 ju-

484 3672 710 3733 dicibus
753 3672 1134 3743 exhibentur,
1175 3671 1339 3747 quasi
1388 3671 1542 3729 inter
1598 3689 1698 3728 eos
1748 3682 2071 3727 tractentur
2120 3672 2539 3744 communiter3

483 3770 586 3831 ubi
620 3771 874 3830 brevitas
904 3788 1140 3848 quoque
1179 3764 1641 3846 objiciendorum
1684 3765 1991 3823 criminum
2032 3765 2180 3825 mira
2222 3779 2347 3827 arte
2391 3788 2540 3827 con-

483 3870 694 3928 ficitur.

551 4074 590 4103 ι.
611 4058 774 4121 Vulgo
807 4054 1081 4107 dubitabat.
