2984 4684
838 393 1215 464 ORATIO
1266 392 1467 461 PRO
1517 394 1584 459 S.
1637 392 2044 463 ROSCIO.
2411 396 2506 469 63

370 546 520 596 non
554 520 831 593 electus
863 530 1087 601 u‘nus,
1113 515 1241 610 qui
1268 514 1582 583 maximo
1609 514 1928 609 ingenie,
1951 514 2078 587 sed
2105 516 2396 599 relictus
2419 546 2508 593 ex

368 628 752 713 omnibus,
780 630 907 725 qui
940 626 1245 699 minimo
1276 622 1604 720 periculo
1625 647 1912 721 possem
1948 624 2186 697 dicere
2216 654 2232 697 ε
2269 654 2509 727 neque

370 744 479 811 uti
510 744 681 811 satis
711 736 928 810 firmo
963 732 1295 834 praesidio
1330 731 1670 804 defensus
1701 738 1856 805 Sex.
1889 739 2229 826 Roscius,
2257 764 2508 813 verum

373 854 481 923 uti
514 876 609 921 ne
638 852 941 922 omnino
970 844 1299 916 desertus
1330 858 1534 915 esset.

467 964 795 1033 Forsitan
824 959 1161 1055 quaeratis
1182 1009 1201 1043 ,
1254 957 1385 1052 qui
1414 957 1549 1025 iste
1577 968 1813 1027 terror
1843 960 1966 1044 sit,
2010 972 2084 1028 et
2121 984 2284 1057 quae
2311 977 2510 1034 tanta

372 1069 727 1157 formid0,
768 1092 929 1165 quae
961 1080 1072 1136 tot
1100 1089 1184 1135 ac
1220 1064 1394 1135 tales
1436 1068 1627 1134 viros
1658 1065 2044 1164 impediat,
2077 1093 2228 1166 quo
2265 1076 2509 1145 minus

370 1207 507 1280 pro
550 1183 785 1279 capite
836 1192 911 1249 et
953 1174 1266 1249 fortunis
1306 1175 1602 1247 alterius
1623 1229 1642 1264 ‚
1673 1176 2294 1273 quemadmodum
2339 1210 2511 1254 con-

370 1304 768 1364 sueverunt
788 1343 809 1377 ‚
864 1311 1151 1359 causam
1206 1286 1433 1358 velint
1482 1285 1746 1357 dicere.
1813 1290 2034 1378 Quod
2085 1291 2326 1364 adhuc
2375 1320 2510 1367 vos

370 1408 705 1499 ignorare
734 1424 885 1475 non
920 1402 1186 1471 mirum
1220 1411 1369 1486 est,
1402 1412 1788 1495 propterea
1824 1399 2026 1497 quod
2055 1404 2390 1475 consulto
2414 1406 2506 1477 ab

368 1511 912 1588 accusatoribus
957 1512 1113 1608 ejus
1154 1512 1295 1597 rei,
1338 1534 1502 1607 quae
1545 1508 1887 1597 conflavit
1925 1511 2069 1584 hoc
2110 1513 2510 1610 judicium,

372 1628 651 1701 mentio
682 1623 866 1696 facta
900 1646 1053 1693 non
1086 1635 1214 1693 est.

467 1738 647 1827 Quae
672 1758 784 1804 res
808 1756 891 1803 ea
914 1732 1060 1803 est?
1076 1737 1276 1809 Bona
1300 1733 1524 1829 patris
1543 1730 1844 1828 hujusce
1874 1735 2030 1805 Sex.
2053 1736 2319 1824 Roscii,
2345 1762 2506 1833 quae

368 1860 545 1917 sunt
582 1848 941 1941 sexagies¹
978 1869 994 1911 :
1029 1866 1193 1939 quae
1226 1840 1315 1913 de
1349 1844 1507 1911 viro
1548 1838 1938 1923 fortissimo
1971 1858 2047 1914 et
2078 1844 2509 1935 clarissime,

364 1958 447 2025 L.
478 1954 723 2043 Sulla,
768 1978 989 2052 quem
1022 1951 1324 2023 honoris
1356 1975 1571 2021 causa
1604 1956 1907 2023 nomino
1927 2008 1947 2041 ,
1980 1952 2272 2026 duobus
2299 1958 2510 2029 milli-

364 2065 511 2137 bus
542 2074 973 2138 nummum²
1008 2087 1085 2133 se
1129 2059 1309 2133 dicit
1357 2065 1613 2133 emisse
1658 2061 2076 2135 adolescens
2111 2066 2224 2136 vel
2250 2082 2509 2165 poten-

366 2179 685 2247 tissimus
734 2172 875 2245 hoc
921 2183 1247 2270 tempore
1296 2187 1562 2242 nostrae
1606 2175 1952 2261 civitatis,
1985 2182 2062 2247 L.
2092 2176 2505 2249 Cornelius³

367 2285 911 2381 Chrysogonus.
968 2288 1035 2353 Is
1074 2306 1117 2353 a
1148 2280 1393 2369 vobis,
1452 2282 1734 2377 judices
1757 2338 1776 2370 ‚
1809 2284 1952 2356 hoc
1983 2288 2335 2384 postulat,
2383 2306 2502 2379 ut,

365 2398 720 2493 quoniam
772 2397 849 2465 in
894 2394 1201 2466 alienam
1255 2396 1642 2490 pecuniam
1665 2396 1722 2482 4,
1751 2408 1897 2465 tam
1939 2396 2228 2493 plenam
2282 2416 2502 2499 atque

364 2506 780 2604 praeclaram
796 2558 817 2592 ‚
842 2502 1045 2576 nullo
1066 2504 1230 2598 jure
1253 2505 1596 2573 invaserit
1611 2557 1631 2590 ‚
1658 2507 2154 2602 quoniamque
2189 2512 2254 2579 ei
2285 2534 2505 2607 pecu—

252 2624 261 2629 ’
366 2620 507 2689 niae
548 2618 697 2689 vita
735 2620 888 2685 Sex.
939 2616 1179 2685 Roscii
1215 2612 1504 2684 obstare
1549 2627 1770 2709 atque
1815 2612 2106 2686 officere
2153 2618 2505 2710 videatur,

369 2726 667 2799 deleatis
709 2752 795 2797 ex
834 2726 1079 2799 animo
1112 2748 1247 2794 suo
1278 2726 1768 2821 suspicionem
1802 2749 2098 2795 omnem
2121 2782 2140 2811 ‚
2189 2744 2504 2801 metum-

366 2864 515 2935 que
548 2837 813 2909 tollatis
844 2862 859 2905 ε
890 2861 1068 2923 sese,
1100 2835 1242 2907 hoc
1276 2835 1652 2921 incolumi,
1685 2859 1836 2904 non
1870 2834 2260 2909 arbitratur
2285 2838 2505 2945 hujus

366 2950 785 3020 innocentis
836 2950 1357 3045 patrimonium
1422 2960 1568 3017 tam
1623 2946 1948 3043 amplum
2003 2963 2076 3019 et
2123 2955 2500 3049 copiosum

365 3083 581 3157 posse
622 3056 955 3129 obtinere
1005 3081 1021 3125 ε
1068 3055 1409 3128 damnato
1442 3070 1517 3127 et
1548 3058 1778 3152 ejecto
1799 3110 1818 3145 ‚
1865 3074 2102 3155 sperat
2141 3086 2216 3132 se
2257 3088 2468 3160 posse
2481 3074 2512 3152 ‚⁸

366 3168 571 3267 quod
594 3166 902 3265 adeptus
922 3180 1029 3238 est
1052 3192 1183 3265 per
1208 3167 1463 3255 sceluS‚
1482 3166 1560 3236 id
1587 3192 1715 3265 per
1739 3166 2098 3241 luxuriam
2125 3170 2504 3272 effundere

365 3296 589 3378 atque
631 3302 1082 3351 consumere.
1133 3282 1347 3349 Hunc
1397 3276 1536 3347 sibi
1579 3303 1663 3347 ex
1715 3282 1960 3349 animo
2006 3282 2428 3379 scrupulum
2451 3281 2504 3372 ⁵,

434 3501 505 3547 11.
532 3513 577 3548 1.
592 3496 847 3559 Sea-agiu.
872 3495 990 3543 Sub.
1014 3505 1215 3545 centena
1241 3494 1391 3545 millia
1553 3497 1602 3543 3.
1633 3498 1688 3543 1..
1708 3483 1972 3547 Cornelius.
1991 3497 2137 3545 Sullae
2161 3497 2390 3561 libertus,
2419 3520 2505 3569 pa-

366 3578 641 3627 sestertium
660 3575 959 3641 (1,23o‚ooo
972 3576 1053 3641 fr.)
1478 3578 1610 3623 troni
1633 3590 1816 3624 nomen
1835 3576 1896 3625 de
1921 3594 2061 3626 more
2077 3592 2362 3642 κωμασταὶ.

438 3675 486 3707 2.
536 3658 817 3705 Nummum.
858 3658 900 3703 1.
944 3672 989 3707 c.
1040 3656 1389 3705 sestertiorum.
1551 3665 1601 3712 4.
1627 3656 1904 3704 Pecuniam.
1937 3658 2091 3706 Bona.
2125 3658 2249 3705 Nam
2281 3662 2503 3723 pecunia·

366 3738 493 3786 Nam
528 3747 579 3785 et
613 3752 834 3783 :nummus
874 3735 1054 3783 dicitur
1084 3734 1307 3783 absolute
1341 3746 1393 3787 et
1478 3735 1678 3783 nomine
1705 3735 1999 3799 quandoque
2024 3734 2358 3799 significantur
2373 3740 2502 3793 bona

363 3820 509 3867 etiam
558 3818 819 3878 conjuncte
866 3832 1087 3863 nummus
1148 3815 1389 3865 sestertius
1478 3814 1640 3864 omnia
1653 3848 1668 3873 ,
1696 3825 1795 3861 tam
1821 3815 2088 3863 immobilia
2112 3832 2256 3880 quam
2277 3819 2495 3871 mobilia.

362 3901 380 3953 (
390 3906 487 3952 4¹0
504 3894 615 3958 siu).
650 3895 933 3946 Plutarchus
952 3906 1110 3958 empta
1131 3895 1251 3943 dicit
1278 3888 1387 3945 διο·
1551 3892 1598 3945 5.
1629 3893 1929 3957 Scrupulmn.
1965 3896 2225 3971 Set-uentus
2255 3910 2328 3946 eut
2359 3900 2502 3965 lapil-

364 3974 522 4039 χιλίων
550 3971 807 4044 δραχμῶν,
842 3974 1037 4025 duobus
1066 3974 1280 4025 millibus
1307 3975 1391 4023 de·
1476 3976 1554 4023 lus
1579 3976 1630 4021 in
1660 3972 1826 4021 calceo
1854 3973 2034 4031 latens,
2075 3977 2160 4037 qui
2188 3992 2381 4039 pressus
2413 3996 2500 4043 po-

367 4057 614 4104 nat-iorum
669 4054 857 4121 (s,64o
906 4054 1010 4120 sn).
1051 4055 1168 4105 vid.
1210 4055 1391 4105 Ruald.
1480 4056 1591 4103 dem
1618 4053 1846 4101 offendit.
1885 4054 1979 4101 Hic
2009 4054 2216 4103 sumitur
2252 4058 2502 4122 metapho-

371 4135 705 4185 Auimadvers.
728 4138 947 4185 xxvn.
1484 4136 1582 4182 rice
1611 4148 1704 4197 pro
1743 4132 2030 4196 aegritudine
2062 4134 2224 4182 animi.
2259 4162 2332 4173 —
2365 4140 2499 4187 Looo
