2984 4684
1092 376 1189 443 M.
1241 376 1319 441 T.
1372 370 1924 443 CICERONIS

546 496 736 565 xxl.
798 491 995 585 Quid
1048 494 1227 566 mihi
1274 494 1367 566 ad
1417 490 1960 565 defendendum
2007 486 2270 561 dedisti
2289 499 2342 578 ¹,
2389 488 2588 561 bone

456 602 869 676 accusator?
886 602 1087 701 quid
1110 604 1307 677 hisce
1336 618 1584 678 autem
1615 602 1709 676 ad
1739 599 2299 701 suspicandum?
2321 605 2430 674 Ne
2461 624 2585 671 ex-

454 711 948 809 heredaretur,
972 718 1247 787 veritus
1280 731 1410 787 est.
1445 712 1686 787 Audio
1720 740 1738 782 τ
1773 712 1900 785 sed
1933 736 2079 811 qua
2111 710 2202 782 de
2235 734 2450 783 causa
2478 735 2590 782 ve-

456 827 599 897 reri
644 822 1011 913 debuerit,
1060 849 1279 898 nemo
1314 826 1510 897 dicit.
1567 823 1896 897 Habebat
1935 838 2140 921 pater
2191 824 2268 893 in
2315 825 2585 893 animo,

452 933 759 1005 Planum
782 932 917 1006 fac.
940 934 1141 1007 Nihil
1163 951 1273 1007 est
1296 962 1313 1005 ε
1342 944 1565 1023 non2,
1579 937 1881 1033 quicum
1905 930 2344 1019 deliberarit,
2365 954 2588 1028 quem

456 1043 1155 1135 certiorem-fecerit,
1191 1046 1389 1119 unde
1416 1044 1614 1117 istud
1641 1043 1849 1117 vobis
1881 1044 2228 1142 suspicari
2267 1044 2345 1111 in
2387 1064 2594 1110 men-

460 1170 607 1233 tem
642 1159 939 1228 venerit.
992 1159 1241 1249 Quum
1276 1157 1421 1229 hoc
1456 1156 1680 1227 modo
1707 1178 2036 1243 accusa5,
2065 1154 2312 1239 Eruci,
2339 1174 2592 1221 nonne

456 1266 601 1339 hoc
621 1266 855 1365 palam
890 1266 1114 1339 dicis?
1146 1292 1322 1365 ego,
1349 1266 1530 1365 quid
1562 1268 1966 1365 acceperim
1987 1318 2007 1354 ‚
2043 1266 2226 1351 scio;
2267 1260 2450 1361 quid
2477 1259 2592 1332 di-

461 1398 645 1463 oem,
671 1379 916 1447 nescio
943 1402 959 1445 z
990 1400 1223 1450 unum
1256 1374 1436 1448 illud
1464 1380 1816 1476 spectavi,
1838 1373 2042 1485 quod
2073 1373 2594 1470 Chrysogonus

456 1484 733 1577 aiebat,
758 1490 1126 1559 neminem
1151 1490 1269 1561 isti
1298 1502 1690 1586 patronum
1717 1484 2080 1574 futurum3
2103 1482 2195 1555 de
2221 1482 2594 1554 bonorum

460 1599 831 1694 emptione
853 1649 873 1685 ,
922 1596 1161 1695 deque
1191 1622 1277 1670 ea
1309 1601 1650 1671 societate
1691 1598 2060 1668 neminem
2087 1618 2240 1667 esse
2268 1596 2400 1691 qui
2429 1614 2590 1663 ver·

460 1703 643 1777 bum
680 1703 913 1778 facere
942 1704 1086 1778 hoc
1124 1721 1453 1807 tempore
1482 1705 1805 1779 auderet.
1837 1710 2004 1777 Haec
2035 1718 2106 1775 te
2138 1704 2390 1802 opinio
2423 1698 2594 1771 falsa

462 1818 541 1887 in
572 1818 781 1887 isram
808 1814 1135 1889 fraudem
1166 1818 1502 1916 impulit:
1535 1841 1690 1887 non
1723 1814 2138 1887 mehercule
2159 1807 2468 1885 verbum
2495 1808 2592 1881 fe-

465 1927 705 2015 cisse&
726 1930 787 1998 si
810 1924 943 1997 tibi
961 1952 1403 2027 quemquam
1428 1948 1945 2026 responsurum
1970 1940 2313 2024 putasses.
2342 1925 2592 2020 Operae

461 2038 781 2134 pretium
812 2051 989 2127 erat,
1007 2042 1067 2109 si
1094 2037 1718 2130 animadvertistiS,
1729 2035 2035 2134 judices,
2051 2024 2590 2133 negligentiam³

467 2144 625 2241 ejus
652 2148 729 2217 in
754 2148 1163 2227 accusando
1200 2147 1676 2221 considerare.
1721 2145 1982 2235 Crede,
2019 2170 2251 2243 quum
2277 2141 2592 2228 vidisset,

467 2260 600 2355 qui
652 2256 987 2331 homines
1034 2263 1111 2331 in
1156 2260 1355 2333 hisce
1404 2258 1762 2341 subselliis
1812 2256 2184 2344 sederent,
2226 2255 2590 2352 quaes‘nse,

470 2392 652 2439 num
678 2370 796 2442 ille
813 2383 942 2442 aut
962 2371 1080 2444 ille
1102 2368 1532 2456 defensurus
1555 2384 1777 2457 esset3
1797 2366 1888 2451 de
1909 2392 2024 2453 me
2038 2391 2132 2439 ne
2155 2367 2592 2462 suspicatum

471 2475 805 2575 quidem,
837 2479 1039 2580 quod
1076 2496 1291 2554 antea
1319 2505 1608 2553 causam
1635 2479 2002 2579 publicam
2019 2482 2050 2531 ⁴
2081 2476 2356 2552 nullam
2398 2472 2591 2545 dixe-

468 2591 643 2659 rim:
663 2605 1133 2690 posteaquam
1154 2594 1433 2663 invenit
1454 2594 1822 2663 neminem
1844 2590 2263 2686 eorum,qui
2290 2596 2592 2685 possunt

465 2712 539 2769 et
556 2699 816 2789 solent,
832 2704 931 2773 ita
958 2702 1329 2800 negligens
1350 2728 1506 2775 esse
1529 2704 1775 2801 coepit,
1798 2714 1904 2788 ut,
1922 2722 2154 2797 quum
2175 2702 2254 2769 in
2277 2708 2586 2769 mentem

460 2810 747 2879 veniret
782 2812 889 2898 ei,
932 2809 1327 2901 resideret;
1375 2811 1640 2883 deinde
1689 2804 2189 2909 spatiaretur-⁵3
2233 2829 2591 2877 nonnum-

464 2938 688 3028 quam
710 2921 924 2989 etiam
950 2944 1265 3019 puerum
1278 2906 1615 3023 yocaret,
1641 2919 1858 2993 credo
1877 2974 1897 3010 ,
1925 2921 2044 2991 cui
2067 2942 2349 2991 coenam
2373 2921 2594 3014 impe-

450 372 543 444 88

468 3168 637 3213 umnm
698 3170 815 3209 tunc
866 3160 1174 3212 solummodo
1227 3164 1486 3227 accusandi
1576 3162 1759 3223 diceret
1780 3197 1796 3221 ‚
1844 3160 2004 3211 solute
2043 3170 2205 3209 tamen
2243 3166 2294 3205 et
2337 3154 2590 3205 oaciunter

469 3238 613 3289 vobis
647 3239 741 3288 erit
776 3240 931 3291 locus.
970 3244 1128 3305 Quem
1167 3244 1297 3293 enim
1332 3242 1487 3309 iudex
1575 3252 1770 3307 egerat:
1795 3242 1909 3289 «Tu
1933 3238 2059 3287 istuc
2083 3236 2285 3296 callidi,
2321 3234 2418 3283 nisi
2447 3232 2590 3297 lnge·-

467 3319 861 3369 calmiatorem
889 3323 1301 3385 pronuntiaverat,
1324 3324 1367 3372 ia
1385 3341 1488 3373 am-

467 3398 599 3464 pliu·
620 3414 845 3450 accusate
862 3417 965 3451 non
981 3413 1193 3468 poterat.
1211 3403 1361 3453 Ludit
1378 3420 1489 3452 ora-

467 3486 551 3527 tor
576 3478 632 3526 in
654 3480 808 3529 verbo
830 3498 1079 3532 mutare.
1112 3484 1239 3533 Nam
1264 3500 1489 3533 accusare

470 3568 661 3606 nocuas
678 3559 897 3609 fortunas
922 3561 1148 3623 dicimur,
1166 3579 1319 3628 quum
1340 3564 1402 3613 de
1418 3564 1487 3612 eia

472 3637 735 3699 querimur.

538 3716 682 3763 111.
710 3730 757 3764 ι.
778 3714 982 3767 Dedisti.
1000 3720 1181 3770 Dixisti
1203 3720 1337 3785 quod
1361 3736 1390 3767 a
1412 3736 1487 3768 me

470 3793 536 3842 ait
559 3794 893 3845 refellendum.

539 3887 567 3920 α
579 3909 593 3922 .
612 3874 743 3922 Non.
762 3874 880 3924 Scil.
899 3876 1100 3942 planum
1122 3878 1255 3926 facia.

546 3951 593 3999 3.
628 3953 1007 4019 Nagligeneae'am.
1046 3958 1175 4007 Hine
1198 3956 1324 4005 illud
1348 3956 1489 4007 Cice·

470 4034 605 4080 tonia
630 4033 683 4080 in
704 4034 779 4082 M.
799 4034 1083 4093 Canidiam,
1102 4036 1185 4099 qui
1204 4070 1219 4095 ,
1242 4050 1393 4099 quum
1410 4038 1487 4083 in·

470 4110 596 4161 dicia
628 4114 801 4163 mortis
826 4130 877 4163 ae
911 4114 1199 4178 comperias·
1232 4114 1487 4164 nuiseuto

1575 3338 1674 3381 res,
1698 3322 1769 3370 nic
1791 3336 1956 3386 ageres
1971 3342 2014 3371 »-

1647 3411 1698 3459 4.
1737 3400 1950 3450 Causam
1975 3396 2246 3465 publicam.
2295 3394 2412 3454 Non
2448 3390 2590 3441 semel

1570 3482 1672 3545 iam
1716 3496 1883 3530 caum
1923 3486 2142 3535 oraverat
2182 3476 2355 3527 Cicero
2388 3471 2452 3539 (u.
2489 3487 2586 3537 pro

1575 3560 1754 3623 Quint.
1773 3558 1939 3608 videre
1956 3568 2031 3607 eat
2057 3573 2168 3623 cap.
2192 3554 2270 3621 ι),
2300 3554 2386 3603 aed
2406 3562 2588 3601 tntum

1575 3640 1630 3687 in
1675 3639 1878 3705 privatis
1920 3636 2138 3698 iudiciis.
2184 3634 2440 3683 Punicam
2468 3646 2588 3678 vero

1575 3734 1805 3773 causam,
1831 3718 1868 3767 i.
1890 3734 1934 3767 e.
1951 3732 2062 3781 que
2089 3714 2151 3763 de
2171 3714 2251 3762 his
2271 3712 2466 3761 habeta·
2487 3709 2589 3757 cri·

1577 3798 1794 3847 minibus
1820 3812 2032 3863 quorum
2057 3792 2310 3858 castigatio
2341 3790 2404 3839 ad
2437 3802 2588 3854 xmp.

1577 3878 1806 3941 pertinet,
1825 3876 2008 3923 nullam
2031 3882 2171 3922 antea
2195 3880 2421 3937 gea-erat.

1647 3956 1701 4005 5.
1752 3954 2076 4020 Spatiareeur.
2126 3952 2308 4002 Canus
2357 3964 2485 4013 aeqto
2535 3947 2588 3994 in

1576 4034 1690 4083 loco
1717 4034 1944 4083 dicebant
1961 4067 1976 4091 ,
2026 4042 2075 4080 et
2101 4029 2345 4081 interdum
2376 4025 2590 4075 iuanbn·

1575 4114 1740 4164 labant
1767 4114 1822 4163 in
1852 4112 2012 4179 opatio
2030 4110 2170 4180 quod
2187 4111 2314 4161 inter
2332 4108 2590 4159 advocato-
