2984 4684
804 364 1204 456 ORATIO
1253 364 1456 435 PRO
1508 365 1573 433 S.
1622 367 2039 438 ROSCIO.
2360 367 2493 440 125

342 483 830 560 mentioribus
851 539 872 575 ,
901 499 1031 556 aut
1068 482 1563 557 immoderatis
1598 488 2147 586 tempestatibus
2168 545 2189 581 ,
2232 507 2359 564 aut
2387 497 2499 562 ni-

341 601 500 668 mio
523 597 760 667 calore
782 649 802 683 ,
833 608 962 666 aut
987 583 1425 665 intolerabili
1455 594 1723 693 frigore
1751 595 2173 681 hominibus
2206 607 2494 690 nocuit,

341 705 570 778 urbes
597 705 902 793 delevit,
929 702 1172 800 fruges
1199 703 1895 803 perdidit3quorun1
1928 709 2110 782 nihil
2143 715 2495 810 perniciei

344 841 564 889 causa
615 815 866 887 divino
912 814 1216 886 consilio
1239 867 1258 903 ‚
1313 815 1441 886 sed
1486 818 1556 885 vi
1598 812 1829 913 ipsa⁶,
1874 831 1947 888 et
1994 820 2495 916 magnitudine

343 952 627 1015 rerum,
660 924 930 997 factum
962 939 1341 1023 putamus;
1369 940 1444 996 at
1479 940 1758 1016 contra,
1785 928 2192 1019 commoda,
2220 931 2495 1028 quibus

341 1042 651 1128 utimur,
685 1038 1109 1133 lucemque,
1154 1060 1302 1133 qua
1331 1033 1667 1126 fruimur,
1699 1039 2187 1137 spiritumque
2208 1095 2229 1128 ,
2274 1067 2497 1139 quem

341 1147 723 1234 ducimuS,
761 1145 856 1218 ab
889 1171 978 1218 eo
1013 1145 1229 1216 nobis
1263 1145 1415 1216 dari
1455 1162 1678 1244 atque
1718 1149 2071 1244 impertiri
2110 1148 2489 1222 videmus:

342 1259 530 1356 quid
575 1262 947 1346 miramur,
994 1262 1074 1329 L.
1121 1256 1432 1343 Sullam,
1463 1281 1699 1353 quum
1736 1256 1932 1327 solus
1963 1258 2490 1356 rempublicam

343 1382 666 1466 regeret,
713 1365 1116 1463 orbemque
1151 1381 1508 1453 terrarum
1540 1363 2017 1464 gubernaret,
2061 1371 2494 1468 imperiique

343 1481 796 1575 majestatem
819 1533 840 1569 ,
865 1503 1086 1575 quam
1117 1479 1334 1548 armis
1364 1492 1768 1576 receperat,
1799 1476 2083 1575 legibus
2115 1479 2495 1555 confirma·

343 1605 494 1680 ret,
536 1591 784 1689 aliqua
813 1588 1386 1661 animadvertere
1419 1612 1573 1660 non
1608 1589 1969 1687 potuisse?
2008 1592 2147 1660 nisi
2182 1589 2325 1662 hoc
2358 1596 2493 1664 mi·

341 1725 513 1774 rum
550 1715 662 1772 est
687 1755 706 1790 ,
758 1699 966 1799 quod
1010 1701 1118 1772 vis
1164 1697 1408 1769 divina
1445 1701 1735 1795 assequi
1786 1722 1938 1769 non
1974 1701 2245 1797 possit,
2302 1703 2361 1771 si
2388 1701 2491 1772 id

343 1835 558 1883 mens
593 1810 913 1883 humana
944 1809 1209 1909 adepta
1246 1834 1400 1881 non
1433 1812 1546 1880 sit.

440 1926 758 2012 Verum,
801 1936 886 1994 ut
919 1921 1074 1992 haec
1105 1924 1322 1992 missa
1351 1919 1642 2009 faciam,
1678 1945 1841 2017 quae
1868 1922 2017 2017 jam
2050 1919 2235 1994 facta
2278 1939 2495 2014 sunt;

341 2057 435 2102 ex
475 2035 603 2120 iis,
649 2057 812 2130 quae
841 2055 1041 2104 nunc
1071 2033 1378 2103 maxime
1411 2029 1637 2117 fiunt,
1682 2054 1933 2103 nonne
1970 2037 2209 2130 quivis
2247 2050 2491 2132 potest

341 2141 749 2237 intelligere
771 2194 791 2230 ‚
852 2143 1186 2213 omnium
1242 2141 1719 2213 architectum
1788 2157 1863 2214 et
1919 2143 2491 2217 machinatorem

340 2275 582 2322 unum
615 2277 770 2323 esse
803 2251 1399 2349 Chrysogonum,
1430 2256 1561 2350 qui
1596 2256 1755 2326 Sex.
1791 2257 2029 2326 Roscii
2066 2280 2337 2326 nomen
2371 2255 2495 2328 de-

337 2357 730 2432 ferendum
773 2362 1093 2433 curavit?
1149 2368 1304 2434 Hoc
1353 2361 1715 2458 judicium
1731 2376 1835 2435 7...
1879 2366 2087 2461 cujus
2133 2363 2487 2437 honoris⁸

341 2493 562 2542 causa
598 2495 935 2544 accusare
967 2497 1044 2544 se
1077 2471 1260 2544 dixit
1287 2475 1689 2546 Eruciusm.

439 2587 695 2656 XLVI.
726 2587 1062 2678 (Desunt
1093 2608 1244 2654 non
1269 2587 1609 2682 pauca.)

444 2747 566 2764 .....
589 2705 612 2739 ¹
649 2698 910 2792 Aptam
943 2709 1018 2765 et
1065 2697 1345 2765 ratione
1374 2693 1797 2792 dispositam
1828 2717 1905 2764 se
1938 2691 2207 2766 habere
2252 2700 2494 2768 existi-

343 2819 589 2896 mant,
626 2808 759 2903 qui
792 2809 868 2876 in
903 2805 1286 2878 Salentinis
1305 2860 1324 2894 ‚
1353 2819 1482 2876 aut
1512 2808 1590 2875 in
1623 2807 1920 2876 Bruttiis
1951 2803 2262 2895 habent,
2292 2806 2491 2880 unde

341 2993 526 3053 tentia,
553 3009 656 3044 non
683 2995 847 3044 omnin
881 3007 1042 3066 tamen
1076 2996 1202 3044 mala
1236 3011 1376 3044 aver-

345 3075 410 3122 tit
439 3089 455 3123 :
503 3076 664 3124 multo
703 3079 864 3124 minue
910 3075 1061 3126 Sulla.
1109 3075 1374 3141 Magnifica

343 3155 682 3221 comp-ratio,
722 3165 775 3204 et
823 3155 889 3204 ud
937 3155 1186 3205 vitandam
1229 3155 1377 3204 Sullae

343 3235 472 3283 itam
498 3235 771 3300 aptissima!

419 3315 480 3362 6.
515 3313 583 3362 Vi
613 3313 738 3380 ipsa.
767 3315 833 3362 Vi
867 3329 1040 3379 magna
1077 3324 1291 3376 naturae,
1328 3325 1379 3362 et

343 3406 545 3443 aterna!
566 3395 688 3459 legis
711 3405 797 3442 ent
824 3395 910 3442 feti
935 3395 1142 3459 imperio
1160 3427 1176 3453 ,
1203 3395 1286 3442 cui
1307 3393 1378 3442 dii

343 3474 446 3537 ipsi
494 3485 632 3522 erant
672 3473 898 3523 obnoxii.
951 3473 1074 3522 vid.
1120 3473 1182 3520 de
1228 3471 1375 3522 offic.

342 3553 455 3612 111,
490 3554 575 3600 28.

421 3649 474 3693 7.
503 3631 771 3680 Iudicium.
796 3633 1004 3680 Manena
1030 3629 1170 3680 locus
1187 3665 1202 3691 ,
1235 3631 1375 3692 cuiue

342 3721 510 3760 tamen
541 3711 626 3758 hie
664 3727 832 3768 sensus
867 3727 969 3759 esee
989 3708 1216 3760 videtur:
1243 3733 1268 3752 u
1287 3715 1375 3775 qui

340 3790 444 3840 hoc
466 3789 710 3851 iudicium
735 3801 894 3838 totum
914 3788 1146 3838 conflavit
1163 3811 1211 3840 ι.

419 3870 472 3916 8.
492 3868 722 3918 Honoris.
746 3869 900 3930 Cujus
921 3869 1145 3918 mercede
1168 3870 1377 3918 Erucius

341 3947 614 3997 adductum
640 3965 744 3996 esse
769 3966 820 3998 ee
851 3965 954 3997 esee
987 3949 1115 3998 dixit
1147 3949 1213 3998 ad
1238 3965 1378 3999 accu·

343 4025 573 4075 eandum.
624 4029 796 4076 Honor
839 4043 934 4096 pro
985 4031 1378 4080 remuneratione

345 4105 400 4155 h.
418 4105 452 4154 l.
474 4106 743 4172 accipitur,
769 4119 824 4156 nt
843 4124 990 4173 supra
1009 4125 1055 4158 e.
1075 4110 1163 4170 37.

1532 2995 1719 3043 vat.
1770 3007 1817 3050 ,1.
1860 2991 2180 3042 Desidet-atur
2226 3004 2364 3045 totus
2406 2995 2494 3045 ille

1463 3075 1624 3132 locus,
1646 3075 1699 3121 in
1722 3088 1824 3137 quo
1853 3073 2143 3122 ostendebat
2168 3085 2333 3123 orator
2358 3075 2492 3124 bona

1463 3153 1514 3200 S.
1535 3153 1703 3202 Roscii
1728 3168 1885 3217 neque
1903 3152 2068 3202 venire
2084 3153 2321 3219 potuisse,
2333 3171 2495 3219 neque

1463 3233 1655 3280 venisse
1676 3247 1691 3280 :
1736 3231 1915 3280 deinde
1937 3249 2017 3279 nm
2025 3231 2335 3296 plificationie
2358 3235 2493 3298 prin-

1465 3312 1668 3376 cipium,
1688 3328 1784 3376 qua
1804 3311 2183 3376 Chrysogonum
2206 3313 2495 3372 insectatur,

1465 3403 1524 3439 ut
1570 3393 1789 3439 omnium
1838 3389 1987 3439 8011ae
2034 3390 2327 3439 libertorum
2370 3407 2496 3456 opu-

1465 3471 1785 3520 lentissimum
1812 3485 1869 3518 ac
1896 3470 2317 3534 potentissimum3
2347 3487 2493 3535 quem

1465 3567 1579 3599 cnm
1628 3550 1798 3598 ceteris
1858 3549 2046 3597 libertis
2092 3559 2367 3612 comparat,
2406 3550 2497 3614 qui

1463 3641 1605 3678 antea
1624 3645 1823 3693 quoque
1848 3627 2166 3692 egentissimi,
2184 3643 2287 3676 non
2306 3627 2494 3678 medio-

1463 3725 1569 3757 cres
1592 3707 1663 3756 rei
1688 3707 1939 3756 familiaris
1966 3707 2139 3771 copiae
2160 3719 2360 3771 repente
2377 3725 2497 3758 con-

1463 3788 1659 3852 sequuti
1692 3798 1823 3836 suut.
1852 3786 1949 3836 Sed
1976 3785 2099 3849 quid
2131 3785 2192 3833 ad
2215 3787 2496 3853 Chrysogo-

1465 3884 1581 3916 num
1597 3867 1621 3914 Ρ
1666 3867 1717 3914 hi
1762 3881 1931 3914 secum
1982 3863 2108 3913 bene
2148 3876 2311 3914 aetum
2350 3885 2495 3932 seque

1465 3947 1670 3996 omnino
1693 3947 1858 3996 felices
1884 3943 2201 4006 arbitrantur,
2218 3946 2259 3994 si
2280 3947 2419 3996 villas
2440 3948 2497 3994 in

1465 4039 1685 4075 extremo
1736 4025 1891 4074 ltaliae
1942 4024 2127 4089 angulo
2178 4037 2387 4076 remotae
2434 4042 2494 4075 nc

1468 4106 1633 4156 devias
1662 4105 1871 4156 habeant
1888 4139 1904 4166 ,
1929 4105 2012 4155 ille
2039 4121 2181 4166 vero,
2203 4116 2294 4155 etc.
