2984 4684
672 376 805 445 DE
850 372 1626 444 VECTIGALIBUS
1674 375 1936 446 REIP.
1989 388 2122 446 etc.
2325 367 2462 443 565

416 493 785 560 Conductio
840 494 1245 584 vectigalium
1300 493 1494 561 fiebat
1543 518 1660 586 per
1707 519 1918 562 unum
1966 497 2246 584 aliquem
2269 543 2286 576 ,
2351 496 2464 581 qui

331 600 516 687 quasi
568 600 867 689 princeps
912 615 1050 664 erat
1098 600 1423 666 societatis
1456 625 1473 666 ς
1512 601 1850 668 dicebatur
1901 623 2236 689 manceps,
2283 599 2466 687 quasi

330 725 685 794 manuceps
702 751 721 786 ,
754 704 824 769 id
855 721 982 788 est,
1010 727 1213 770 manu
1240 707 1498 796 capiens
1519 755 1538 790 ,
1566 708 1782 795 inquit
1802 709 2062 788 Festus,
2087 707 2238 794 quia
2269 725 2468 769 manu

332 810 589 882 sublata
620 833 691 875 se
721 812 925 900 pluris
956 833 1097 876 esse
1128 812 1445 878 licitatum
1478 813 1897 903 significabat.
1941 813 2020 876 In
2055 811 2470 876 auctionibus

330 917 514 981 enim
550 917 805 982 sublata
848 939 1079 1001 manu,
1114 920 1217 984 vel
1254 917 1467 1010 digito
1511 920 1894 985 licitationes
1937 919 2198 984 fiebant.
2223 919 2474 1002 Quam·

334 1045 531 1111 quam
554 1024 677 1112 ipsi
695 1025 997 1090 universe
1014 1021 1345 1114 publicani
1372 1026 1724 1114 aliquando
1755 1025 2082 1114 mancipes
2105 1049 2142 1089 a
2165 1024 2476 1092 Cicerone

332 1131 739 1218 appellantur
768 1153 785 1196 z
822 1146 901 1194 ut
930 1131 998 1196 in
1038 1131 1317 1198 Divinat.
1344 1133 1413 1196 in
1437 1132 1649 1198 Caecil.
1669 1154 1808 1220 cap.
1844 1153 1944 1196 10.

421 1237 737 1326 Mancipis
774 1237 1063 1327 periculo
1108 1238 1385 1303 maxime
1422 1254 1641 1304 totum
1686 1237 2096 1328 vectigalium
2139 1237 2474 1326 negotium

336 1343 697 1432 gerebatur.
726 1345 873 1431 Ipse
894 1343 1219 1432 praecipue
1247 1343 1619 1434 reipublicoe
1641 1360 1781 1409 erat
1811 1343 2154 1433 obligatus.
2184 1343 2332 1432 Ipse
2353 1363 2476 1429 pro

338 1471 407 1514 se
440 1464 507 1513 et
536 1471 659 1539 pro
690 1449 883 1514 sociis
906 1448 1283 1538 cogebatur,
1314 1449 1477 1516 datis
1511 1449 2004 1537 fidejussoribus
2023 1499 2042 1526 ‚
2081 1448 2196 1536 qui
2231 1445 2476 1536 praedes

342 1557 609 1646 proprie
640 1555 1045 1637 dicebantur,
1080 1579 1303 1622 cavere
1332 1558 1600 1646 populo.
1632 1557 1893 1639 Festus3
1925 1557 2163 1648 Ascon.
2189 1563 2194 1570 “

423 1663 730 1732 Diversus
750 1685 789 1726 a
810 1661 1107 1750 mancipe
1125 1679 1263 1728 erat
1284 1665 1399 1750 qui
1426 1663 1768 1728 dicebatur
1785 1662 2092 1753 magister
2119 1659 2440 1726 societatis
2455 1708 2474 1741 ,

340 1767 525 1848 cujus
574 1767 824 1833 mentio
866 1789 1035 1856 saepe
1064 1771 1347 1833 occurrit
1383 1769 1451 1831 in
1490 1769 1782 1841 verrinis
1799 1819 1816 1846 ‚
1853 1783 1920 1833 et
1949 1768 2127 1842 alibi.
2171 1767 2482 1856 Magister

338 1874 537 1938 fuisse
562 1871 823 1938 videtur
842 1875 1181 1964 primanus
1213 1875 1445 1964 aliquis
1478 1876 1694 1938 socius
1713 1923 1730 1957 ,
1766 1873 2130 1962 qui‘onmia
2158 1871 2480 1937 societatis

340 1980 601 2069 negotia
624 1981 849 2045 Romae
870 1979 1363 2045 administrabat
1383 2004 1402 2061 3
1432 1979 1518 2044 ad
1551 2002 1748 2068 quem
1773 1969 2230 2048 contrfflersiae
2251 1999 2482 2042 omnes

342 2085 834 2167 deferebantur,
860 2109 1005 2174 quae
1030 2079 1114 2149 ad
1139 2107 1277 2152 rem
1304 2107 1726 2155 communem
1755 2085 2209 2174 pertinebant3
2241 2085 2356 2171 qui
2389 2105 2484 2146 ra-

342 2192 555 2260 tiones
576 2194 897 2259 societatis
928 2191 1354 2275 conficiebat3
1386 2209 1454 2257 et
1488 2191 1666 2281 apud
1697 2215 1896 2280 quem
1933 2191 2170 2258 tabulae
2194 2210 2483 2255 asserva·

342 2297 607 2365 bantur.
624 2301 779 2381 Ejus
794 2298 1238 2390 magisterium
1264 2299 1463 2363 fuisse
1476 2320 1798 2381 annuum,
1816 2323 1852 2362 a
1867 2301 2182 2364 Cicerone
2195 2297 2488 2362 adducor

346 2419 427 2467 ut
468 2397 765 2486 credam,
798 2404 909 2480 lib.
945 2405 1013 2470 11
1049 2405 1115 2467 in
1145 2405 1326 2468 Verr.
1364 2427 1505 2492 cap.
1540 2408 1647 2490 74.
1693 2407 1888 2468 Anno
1933 2419 2188 2480 exacto,
2239 2403 2400 2466 alter
2435 2403 2492 2465 ei

348 2508 735 2574 succedebat
760 2509 1094 2597 magister3
1136 2510 1231 2574 sic
1254 2523 1389 2572 tota
1420 2507 1844 2572 in·locatione
1875 2507 2162 2596 magistri
2198 2507 2492 2594 quinque

349 2617 565 2681 selecti
596 2639 675 2680 ex
703 2616 893 2680 sociis
930 2615 1465 2680 numerabantur.

435 2723 745 2812 Magister
778 2722 845 2786 in
890 2720 1289 2809 provinciam
1336 2722 1522 2802 cujus
1567 2723 1900 2810 vectigalia
1937 2719 2340 2786 conduxerat
2384 2745 2492 2784 so-

350 2829 577 2912 cietas,
622 2827 935 2892 vicarium
970 2824 1265 2890 mittebat
1310 2826 1425 2912 qui
1470 2825 1612 2906 ejus
1647 2825 1810 2890 inibi
1847 2826 2052 2889 vicem
2100 2841 2352 2914 gereret
2371 2873 2390 2905 ,
2427 2841 2492 2888 et

352 2935 553 3000 totius
587 2933 936 3022 provinciae
970 2930 1301 3022 vectigalia
1343 2949 1620 2997 curaret.
1643 2933 1734 2997 ·Is
1783 2931 2124 2997 dicebatur
2171 2955 2294 3020 pro
2345 2955 2486 2994 ma-

354 3041 557 3130 gistro
592 3037 745 3104 dare
776 3061 1034 3127 operas;
1073 3055 1137 3102 et
1170 3038 1307 3126 ipse
1338 3039 1766 3127 promagister
1791 3051 1930 3102 uflno
1964 3037 2204 3120 verbo,
2236 3053 2316 3101 ut
2347 3061 2495 3126 pro-

354 3146 615 3227 consul,
646 3144 1101 3235 appellabatur.
1136 3143 1306 3207 Talis
1339 3160 1477 3207 erat
1507 3145 1814 3208 Zachaeus
1842 3144 1952 3208 ille
1974 3193 1992 3226 ,
2037 3144 2152 3232 qui
2187 3143 2490 3231 princeps

356 3251 855 3338 publicanorum
886 3267 1153 3316 vocatur
1182 3249 1249 3314 in
1278 3251 1664 3341 EvangeliO,
1699 3250 1874 3342 apud
1903 3253 1970 3315 B.
1992 3251 2230 3318 Lucam
2251 3299 2267 3332 ‚
2299 3275 2353 3315 c.
2399 3273 2496 3336 19,

358 3379 523 3422 vers.
565 3377 624 3423 2.

448 3463 687 3528 Praeter
720 3485 829 3526 eos
866 3464 979 3550 qui
1022 3465 1391 3529 societatem
1432 3467 1958 3544 constituebant,
2009 3479 2192 3528 erant
2231 3465 2298 3528 in
2343 3487 2498 3553 pro-

360 3568 587 3633 vinciis
620 3567 811 3632 etiam
844 3568 947 3632 alii
974 3569 1091 3656 qui
1126 3571 1415 3634 societati
1446 3572 1842 3652 serviebant,
1879 3593 2048 3659 quos
2075 3569 2500 3657 promagister

362 3697 481 3764 per
514 3673 709 3739 urbes
749 3673 1147 3757 dimittebat,
1181 3677 1297 3763 qui
1328 3679 1614 3764 portoria
1635 3726 1654 3758 ,
1683 3677 2070 3764 scripturam
2089 3724 2108 3756 ,
2145 3690 2265 3738 etc.
2293 3674 2505 3763 exige-

361 3795 539 3862 rent,
568 3778 846 3844 ministri
872 3779 1374 3867 publicanorum
1400 3797 1467 3845 et
1490 3781 1904 3847 mercenarii:
1931 3781 2080 3870 gall.
2097 3780 2210 3843 des
2230 3785 2504 3842 commis.

362 3886 504 3951 val.
543 3886 715 3952 Max.
749 3885 1007 3968 lib.V1,
1050 3909 1191 3976 cap.
1230 3911 1309 3973 9,
1364 3893 1397 3968 S
1440 3886 1500 3952 8.
1555 3888 1659 3952 Sic
1701 3888 2046 3952 Canuleius
2091 3886 2198 3949 ille
2241 3883 2326 3949 de
2377 3909 2508 3973 quo

365 3991 623 4074 Cicero,
668 3991 777 4056 lib.
816 3992 881 4056 11
924 3993 991 4055 iu
1023 3994 1207 4057 Verr.
1250 4015 1387 4082 cap.
1422 4017 1507 4081 7⁰
1526 4044 1545 4076 ,
1577 3995 1644 4056 in
1680 4007 1878 4081 portu
1914 3993 2242 4082 Syracusis
2277 4011 2505 4080 operas

368 4095 580 4164 dabat.
620 4098 729 4164 Sic
772 4097 1101 4187 Rupilius,
1152 4100 1407 4163 Valerio
1462 4117 1626 4164 teste
1683 4100 1796 4209 ubi
1863 4123 2054 4188 supra
2075 4150 2093 4184 ,
2147 4097 2507 4188 pubiicanis
