2984 4684
473 335 617 408 602
1282 341 1806 410 APPENDIX

480 459 830 548 gnoscebat
850 509 865 540 ,
893 459 1073 546 quod
1105 460 1241 548 ipse
1274 460 1530 526 deferre
1554 461 1844 543 volebat,
1869 458 2132 523 dicendi
2158 474 2478 546 potestate
2503 482 2616 524 ac·

481 582 663 652 cepta
682 612 699 644 ‚
727 565 1077 652 postulavit
1111 582 1187 630 ut
1216 567 1337 631 sibi
1374 590 1620 632 nomen
1658 567 1796 647 ejus
1833 565 2084 630 deferre
2113 566 2374 647 liceret3
2395 588 2618 652 quare

481 672 819 758 impetrata
840 717 857 752 ,
889 693 1132 736 nomen
1167 670 1417 739 detulit.
1458 673 1744 738 Nomine
1767 688 2064 759 receptO,
2101 688 2298 758 atque
2324 694 2363 734 a
2393 671 2617 734 scribis

477 775 663 854 jussu
697 777 991 863 praetoris
1044 778 1113 840 in
1162 778 1409 844 tabulas
1459 777 1662 842 relato
1677 827 1696 859 ,
1749 777 1856 842 ille
1891 799 2040 841 reus
2075 791 2219 840 tum
2262 776 2613 841 dicebatur.

480 883 707 970 Itaque
722 883 929 970 prima
955 886 1255 947 omnium
1286 885 1414 948 fuit
1436 885 1502 947 in
1517 883 1622 963 jus
1649 885 1942 948 vocatio:
1971 881 2210 948 deinde
2235 882 2616 972 postulatio,

484 1003 625 1050 tum
658 989 942 1052 nominis
976 988 1253 1072 delati03
1289 989 1373 1054 ad
1411 1007 1774 1056 extremum
1809 989 1962 1054 inde
1994 1006 2268 1077 sequuta
2304 1004 2403 1052 est
2433 1011 2619 1052 accu-

478 1093 660 1156 satio.
696 1094 793 1156 De
821 1093 921 1156 his
950 1094 1223 1183 singulis
1249 1094 1598 1160 ordinatim
1625 1111 1692 1160 et
1717 1095 2000 1160 breviter
2027 1110 2123 1158 est
2149 1091 2524 1159 dicendum.

568 1198 647 1261 In
670 1198 777 1279 jus
806 1216 1038 1265 vocato
1070 1201 1227 1282 cive,
1255 1203 1702 1290 postulabatur
1728 1225 1762 1265 a
1795 1217 2070 1290 praetore
2097 1217 2175 1266 ut
2206 1201 2346 1280 ejus
2375 1223 2614 1264 nomen

482 1303 731 1368 deferre
759 1307 995 1372 liceret.
1025 1307 1155 1371 Cic.
1178 1307 1261 1372 ad
1287 1309 1431 1373 Div.
1450 1310 1644 1388 VIII,
1665 1310 1728 1374 6.
1751 1307 2109 1372 Postulatio
2131 1305 2326 1370 fiebat
2347 1328 2482 1369 non
2511 1328 2617 1369 so-

484 1409 621 1475 lum
648 1429 999 1498 praesente,
1022 1412 1137 1476 sed
1156 1414 1349 1478 etiam
1380 1414 1648 1478 absente
1678 1413 1790 1478 illo
1821 1415 1892 1477 in
1918 1435 2114 1501 quem
2141 1411 2354 1476 fiebat.
2389 1412 2520 1476 Cic.
2537 1411 2619 1475 ad

484 1517 571 1598 Q.
604 1519 707 1581 Fr.
728 1519 849 1601 111,
888 1543 943 1594 1,
980 1519 1038 1584 5.
1082 1522 1281 1609 Leges
1316 1539 1559 1586 temere
1591 1537 1978 1610 potestatem
2013 1541 2144 1583 non
2181 1522 2503 1599 fecerunt,
2545 1535 2619 1581 ut

484 1622 695 1710 quivis
727 1640 843 1687 aut
872 1626 1231 1714 postulare,
1263 1645 1379 1692 aut
1411 1628 1723 1716 postulari
1755 1643 1989 1715 posset.
2023 1627 2155 1708 Qui
2185 1641 2480 1713 possent,
2508 1639 2621 1688 aut

490 1751 625 1793 non
697 1749 963 1819 possent
1009 1755 1345 1816 accusare,
1391 1736 1496 1798 vel
1547 1734 1869 1814 accusari,
1917 1733 2327 1796 declarantur
2371 1731 2616 1820 Digest.

487 1834 596 1900 lib.
624 1836 933 1920 XLVIII,
969 1839 1065 1902 tit.
1097 1862 1133 1902 2
1154 1887 1171 1920 ,
1200 1836 1282 1902 de
1316 1839 1835 1903 accusationibus
1862 1855 1927 1901 et
1953 1838 2356 1924 inscription.

578 1940 812 2027 Neque
838 1943 1057 2007 solum
1086 1943 1258 2033 leges
1280 1991 1298 2026 ,
1325 1943 1440 2008 sed
1463 1961 1771 2032 proetores
1799 1944 1922 2030 ipsi
1950 1965 2073 2031 pro
2105 1956 2426 2030 potestate
2453 1941 2620 2004 mul·

483 2061 585 2107 tos
632 2068 670 2108 a
722 2047 1156 2133 postulatione
1185 2047 1491 2113 videntur
1537 2047 1869 2137 repulisse.
1915 2044 2294 2111 Postulandi
2343 2047 2620 2110 formula

489 2166 654 2231 erat,
688 2167 807 2214 «ut
838 2153 930 2214 rei
972 2152 1251 2216 faciendi
1288 2173 1534 2218 nomen
1566 2155 2032 2242 reciperetur-3
2072 2153 2200 2216 hoc
2237 2169 2364 2233 est,
2401 2169 2478 2215 ut
2507 2175 2624 2241 po-

488 2269 678 2319 testas
706 2254 971 2320 daretur
996 2257 1341 2322 accusandi
1370 2282 1387 2322 :
1426 2275 1666 2348 praetor
1691 2259 1866 2322 enim
1901 2258 2030 2322 hoc
2061 2258 2169 2338 jus
2207 2257 2522 2339 habebat,
2546 2275 2621 2324 ut

487 2362 773 2449 recipere
794 2410 811 2442 ,
840 2379 956 2428 aut
984 2385 1119 2426 non
1156 2364 1444 2453 recipere
1471 2380 1714 2452 posset.
1743 2363 2066 2429 Potestate
2097 2363 2470 2451 impetrata,
2507 2385 2619 2428 no—

488 2489 637 2530 men
677 2468 745 2530 in
782 2467 888 2548 jus
927 2467 1359 2550 deferebatur,
1392 2470 1526 2533 sive
1567 2467 1902 2550 edebatur,
1941 2469 2079 2548 ejus
2101 2515 2119 2550 ,
2155 2468 2263 2532 cui
2297 2470 2620 2534 accusatio

488 2572 852 2658 parabatur.
882 2574 1289 2640 Delationem
1324 2575 1611 2656 nominis
1660 2573 2060 2663 praecedebat
2102 2575 2396 2638 solemne
2427 2575 2622 2656 jusju-

486 2678 802 2761 randum,
828 2679 1265 2745 calumniandi
1300 2703 1493 2744 causa
1538 2703 1780 2743 nomen
1821 2703 1956 2744 non
2007 2677 2293 2744 delatum
2337 2680 2437 2743 iri.
2467 2679 2617 2744 Edi-

483 2786 677 2850 tionis
719 2788 859 2852 hoec
898 2805 1034 2852 erat
1068 2791 1349 2853 formula
1380 2813 1441 2853 v.
1470 2812 1568 2877 gr.
1611 2813 1637 2840 «ι
1661 2788 1783 2852 Aio
1821 2804 1916 2870 te,
1958 2788 2318 2869 C.Verres,
2371 2789 2616 2853 Siculos

489 2893 792 2979 spoliasse
813 2926 857 2958 ν.
881 2893 1034 2976 Vel,
1076 2895 1128 2958 si
1167 2895 1421 2958 abesset
1443 2896 1678 2959 Verres
1699 2941 1719 2975 ‚
1763 2894 1921 2958 «Aio
1961 2895 2034 2958 C.
2066 2893 2338 2958 Verrem
2373 2894 2618 2958 Siculos

482 2999 786 3086 spoliasse
810 3033 855 3064 n.

569 3108 648 3170 In
678 3109 1219 3191 conjecturalibus
1253 3109 1459 3172 causis
1497 3107 1740 3172 nudam
1774 3108 2294 3196 propositionem
2331 3108 2402 3170 in
2440 3108 2618 3170 hunc

483 3213 754 3276 modum
788 3201 1019 3278 factam
1052 3215 1251 3279 fuisse
1286 3213 1479 3278 tradit
1509 3214 1948 3295 Quintilianus
1975 3237 1992 3279 ι
2021 3245 2046 3270 α
2066 3212 2276 3278 Caedis
2301 3235 2459 3302 ago:
2481 3215 2618 3277 fur-

480 3333 621 3382 tum
656 3317 949 3397 objicio».
988 3321 1186 3384 Erant
1224 3321 1415 3384 etiam
1458 3321 1594 3382 istae
1639 3317 2007 3384 editionum
2039 3319 2380 3383 formulae:
2433 3319 2613 3407 «Ego

481 3423 747 3489 Maevius
782 3425 853 3489 L.
883 3427 1125 3490 Titium
1160 3449 1345 3490 reum
1380 3423 1632 3506 defero,
1666 3424 1878 3512 quod.
1897 3476 1912 3490 .
1930 3473 1946 3490 .
1977 3427 2118 3513 Ego
2154 3426 2392 3489 Titiam
2429 3423 2612 3488 adul·

482 3532 653 3612 terii,
676 3531 1003 3612 veneficii,
1032 3549 1368 3597 etc.·ream
1406 3530 1630 3596 defero
1653 3561 1702 3596 v».
1728 3533 1789 3596 N
1793 3555 1895 3595 am
1921 3549 2328 3596 accusatores
2355 3553 2470 3613 sua
2495 3531 2615 3594 reis

478 3635 669 3700 edere
692 3640 963 3702 crimina
984 3639 1403 3728 cogebantur.
1439 3639 1616 3702 Scire
1639 3639 1814 3703 enim
1837 3637 2184 3725 oportebat
2205 3661 2318 3702 eos
2333 3687 2352 3719 ,
2377 3637 2614 3726 quibus

480 3759 698 3806 essent
728 3744 1107 3808 criminibus
1142 3745 1542 3831 responsuri.

576 3847 705 3910 Ista
750 3849 961 3912 verbis
1010 3850 1508 3938 peragebantur.
1551 3851 1778 3914 Libelli
1828 3865 2132 3938 praeterea
2175 3849 2524 3930 dabantur,
2555 3867 2619 3914 et

486 3953 931 4018 offerebantur
954 3957 1233 4044 praetori.
1255 3957 1453 4020 Tacit.
1486 3959 1715 4022 Annal.
1741 3957 1838 4022 ΙΙΙ
1857 4006 1874 4037 ,
1895 3960 2000 4035 44.
2023 3987 2047 4011 ι
2063 3958 2243 4020 Certi
2265 3958 2444 4022 enim
2459 3955 2616 4036 juris

487 4078 585 4126 est
620 4061 1039 4146 inscriptione
1070 4063 1268 4126 libelli
1300 4079 1742 4127 accusatorem
1771 4064 1968 4152 exigi3
2003 4081 2130 4150 qua
2163 4063 2408 4128 scilicet
2437 4064 2614 4141 cujus
