2984 4684
821 356 955 422 DE
993 349 1463 450 ‚sumens
1513 349 2012 418 PUBLICIS.
2347 346 2489 445 607-

444 481 581 544 Jam
608 501 642 542 a
675 476 1145 566 quaestionibus
1176 473 1258 536 ad
1284 489 1477 536 testes
1494 519 1512 553 ,
1545 495 1688 558 quae
1712 470 1904 534 altera
1931 470 2503 561 probationisspe-

358 586 485 650 cies
516 601 633 650 est.

448 690 762 754 Homines
794 687 979 752 liberi
1008 685 1307 768 fuerunt,
1347 685 1462 772 qui
1488 682 1935 747 testimonium
1971 700 2147 746 extra
2172 699 2496 750 tormenta

361 796 683 861 dixerunt.
713 794 1044 877 Quoniam
1078 815 1213 856 non
1246 790 1555 854 omnibus
1583 789 2038 852 testimonium·
2057 787 2268 854 dicere
2293 791 2497 873 licuit,

362 903 443 966 de
466 903 728 966 testium
748 897 1125 965 conditione
1142 946 1159 978 ‚
1190 915 1258 960 et
1279 896 1360 960 de
1380 897 1456 959 iis
1474 946 1491 973 ,
1517 896 1756 984 quibus
1783 895 2229 960 testimonium
2253 897 2500 962 denun—

362 1009 507 1072 tiari
524 1031 659 1071 non
684 1022 919 1095 potest,
942 1005 1271 1069 disserunt
1289 1001 2044 1090 jurisconsulti,-Digest.
2065 1003 2260 1067 XXII
2276 1051 2295 1084 ,
2315 1005 2408 1066 tit.
2433 1003 2494 1067 5.

450 1115 739 1178 Testium
790 1113 896 1175 illa
943 1111 1173 1175 divisio
1224 1109 1383 1190 fuit,
1436 1124 1513 1172 ut
1557 1108 1662 1170 alii
1699 1109 2045 1172 voluntarii
2095 1125 2346 1190 essent,
2396 1111 2501 1174 alii

362 1221 586 1284 coacti.
622 1220 702 1282 In
730 1217 1185 1281 controversiis
1211 1215 1383 1277 inter
1414 1215 1584 1276 cives
1600 1261 1618 1292 ,
1643 1235 1758 1276 seu
1778 1213 2022 1292 vocati,
2045 1235 2162 1276 seu
2185 1214 2498 1296 invocati3

362 1324 593 1414 rogati,
619 1346 735 1388 seu
764 1345 897 1388 non
931 1320 1173 1410 rogati3
1198 1318 1431 1399 jurati,
1460 1334 1576 1382 aut
1601 1317 1890 1402 injurati,
1916 1318 2366 1383 testimonium
2401 1319 2502 1383 di-

364 1432 635 1512 cebant3
670 1443 735 1492 et
770 1429 922 1516 quia
956 1428 1129 1492 nulla
1160 1427 1223 1490 vi
1257 1441 1520 1490 externa
1559 1441 1863 1512 cogente,
1903 1424 2018 1488 sed
2054 1443 2319 1514 sponte,
2355 1451 2392 1491 a
2422 1427 2527 1500 li-‚

364 1534 745 1623 tigatoribus
800 1534 1049 1611 vocati,
1104 1529 1566 1618 comparebant
1621 1527 1708 1591 ad
1756 1527 2110 1610 judicium,
2162 1529 2508 1593 voluntarii

363 1657 555 1704 testes
587 1638 1097 1728 appellabantur.
1128 1637 1221 1702 At
1252 1635 1319 1698 in
1350 1633 1608 1714 judiciis
1645 1634 1919 1722 publicis
1959 1635 2094 1698 sive
2121 1633 2343 1716 judex,
2372 1636 2504 1700 sive

364 1763 703 1810 accusator
746 1742 1173 1808 denuntiabat
1222 1742 1674 1805 testimonium
1723 1765 1737 1804 :
1787 1758 1984 1829 atque
2045 1757 2233 1805 erant
2285 1741 2504 1830 legum

364 1851 765 1928 sanctiones,
812 1865 876 1911 et
914 1869 1119 1937 poenae
1150 1848 1216 1911 in
1252 1869 1363 1910 eos
1409 1846 1814 1926 constitutas,
1851 1847 1965 1932 qui
2002 1869 2138 1909 non
2179 1862 2508 1933 parerent.

364 1957 589 2020 Testes
617 1955 847 2019 Cicero
876 1955 945 2016 in
978 1955 1159 2018 Verr.
1204 1955 1317 2034 IV,
1346 1975 1483 2041 cap.
1529 1951 1653 2034 66,
1695 1969 1760 2014 et
1795 1951 2070 2032 Quintil.
2098 1954 2180 2033 V,
2221 1975 2284 2040 7.
2332 1953 2506 2015 Raro

366 2081 583 2126 autem
618 2063 963 2152 parebant,
1002 2062 1126 2126 nisi
1156 2061 1342 2126 inviti
1377 2085 1393 2124 ε
1436 2061 1566 2124 hoc
1599 2060 1776 2124 enim
1805 2075 2052 2122 veteres
2085 2058 2167 2123 ad
2201 2060 2508 2124 humani-

365 2183 564 2232 tatem
587 2169 915 2256 pertinere
934 2167 1435 2246 arbitrabantur,
1464 2183 1541 2229 ut
1565 2189 1764 2230 nemo
1787 2164 2036 2252 capitis,
2060 2181 2174 2228 aut
2205 2167 2506 2230 fortuna·-

366 2297 516 2336 rum
550 2274 847 2336 omnium
872 2271 1319 2335 testimonium
1347 2272 1413 2332 in
1444 2269 1602 2332 alios
1631 2269 1875 2334 diceret
1895 2317 1914 2349 ,
1955 2270 2080 2333 nisi
2107 2271 2369 2335 invitus.

457 2377 555 2439 Ex
588 2377 717 2438 XII
760 2376 994 2439 tabulis
1044 2397 1241 2438 nemo
1279 2375 1519 2438 invitus
1560 2374 2008 2438 testimonium
2057 2373 2272 2439 dicere
2313 2399 2510 2466 eoge-

368 2483 581 2546 batur.
630 2482 864 2545 Postea
903 2482 1093 2544 variis
1135 2480 1386 2570 legibus
1430 2498 1627 2568 atque
1656 2481 1883 2545 edictis
1915 2498 2272 2578 praetorum
2315 2499 2510 2546 testes

370 2589 575 2653 coacti
608 2605 765 2651 sunt
804 2589 869 2650 in
911 2586 1172 2667 judiciis
1202 2587 1518 2676 publicis:
1553 2588 1640 2649 ita
1680 2602 1760 2649 ut
1803 2587 2021 2650 multae
2059 2588 2510 2652 recusantibus

370 2695 852 2785 irrogarentur3
886 2710 950 2756 et
986 2694 1067 2756 ab
1098 2693 1191 2757 eis
1224 2694 1493 2782 pignora
1527 2709 1932 2782 caperentur.

464 2801 537 2862 In
592 2800 799 2862 causis
843 2798 1121 2887 publicis
1171 2800 1529 2862 accusatori
1565 2800 1706 2888 lege
1737 2797 1969 2862 licebat
2003 2813 2268 2862 centum
2315 2816 2511 2888 atque

374 2905 603 2994 viginti
636 2904 1015 2968 hominibus
1042 2903 1427 2968 denuntiare
1459 2905 1925 2970 testimonium.
1962 2904 2098 2968 Val.
2126 2907 2296 2969 Max.
2321 2905 2516 2988 vul,

384 3035 441 3092 1,
482 3034 595 3075 10:
628 3043 653 3067 a
673 3014 750 3076 In
796 3013 933 3102 lege
975 3011 1239 3076 Servilia
1288 3009 1860 3099 repetundarum».
1897 3012 1972 3074 In
2008 3013 2268 3100 privatis
2295 3029 2514 3078 autem

376 3119 831 3182 controversiis
876 3118 1193 3205 plurium,
1244 3139 1444 3204 quam
1480 3115 1704 3180 decem
1747 3117 2094 3182 bominum
2139 3119 2514 3185 testimonio

376 3224 474 3287 uti
522 3247 655 3287 non
696 3224 953 3288 licuisse
1002 3223 1091 3286 ait
1145 3224 1501 3288 Frontinus
1530 3272 1548 3303 ,
1607 3221 1688 3286 de
1737 3223 2072 3288 limitibus.
2142 3225 2292 3288 Fuit
2342 3226 2516 3288 enim

376 3330 659 3417 antiquis
692 3328 1163 3419 legislatoribus
1198 3351 1367 3392 curae
1387 3376 1405 3409 ,
1447 3343 1526 3392 ut
1557 3329 1818 3392 testium
1853 3353 2202 3394 numerum
2235 3345 2522 3394 coarcta-

375 3451 551 3514 rent,
586 3457 669 3499 ne
694 3435 759 3497 in
789 3434 1119 3498 infinitum
1152 3451 1592 3498 excrescentes
1619 3434 2037 3521 probationes
2067 3436 2316 3499 veritati
2339 3452 2524 3499 tene-

377 3540 524 3604 bras
550 3541 991 3606 offunderent.

465 3647 709 3728 Testis,
754 3664 897 3710 tum
928 3645 1106 3734 apud
1138 3647 1395 3712 Graecos
1416 3696 1434 3729 ‚
1487 3664 1632 3710 tum
1669 3646 1843 3734 apud
1871 3647 2170 3727 Latinos,
2206 3645 2519 3713 admotus

377 3751 461 3816 ad
492 3775 669 3816 aram
708 3754 968 3833 jurabat
1003 3775 1071 3817 se
1100 3776 1248 3820 vera
1280 3753 1614 3818 dicturum
1638 3801 1656 3833 ,
1710 3755 1808 3817 uti
1849 3777 1968 3835 ne,
2021 3755 2090 3818 in
2136 3753 2516 3819 testimonio

376 3856 667 3922 dicundo
698 3860 1007 3948 religione
1038 3859 1419 3938 obstrictus,
1456 3859 1869 3923 mentiretur.
1908 3859 2078 3924 Hinc
2110 3859 2362 3924 dictum
2393 3860 2514 3924 Pe·

376 3963 577 4046 riclis,
608 3995 634 4021 α
653 3965 913 4029 Amicus
946 3985 1092 4028 sum
1118 3987 1328 4053 usque
1354 3961 1435 4029 ad
1462 3987 1602 4031 aras
1619 3993 1670 4026 ι.
1702 3963 1834 4027 Cic.
1863 3985 1984 4052 pro
2012 3965 2215 4030 Flacc.
2243 3989 2384 4054 cap.
2411 3965 2522 4029 25.

380 4071 465 4132 At
483 4071 769 4136 Vestales
788 4087 855 4134 et
879 4069 1225 4136 Pontifices
1246 4071 1698 4134 testimonium
1728 4067 2027 4134 dicebant
2062 4071 2340 4149 injurati.
