2984 4684
511 373 654 471 476
1156 375 1251 441 M.
1305 373 1382 440 T.
1439 373 2011 442 elcERole

403 493 414 516 ¹
503 495 716 564 sisse?
759 498 912 564 Hoc
947 504 1192 562 autem
1219 513 1454 587 quum
1483 504 1643 562 tute
1678 487 1999 562 fatebere
2022 543 2042 577 ,
2082 491 2475 585 quisquam
2516 487 2657 560 du-

501 601 806 692 bitabit,
847 602 1034 699 quin
1072 615 1154 672 tu
1195 601 1404 672 istam
1435 598 1631 699 apud
1668 599 1986 699 populos
2018 599 2407 696 provincia:
2447 601 2661 670 istius

499 711 852 784 invidiam
891 725 1116 808 atque
1149 707 1677 798 offensionem,
1724 735 1878 782 non
1910 706 2333 780 ambitionis
2355 763 2375 794 ‚
2413 733 2661 806 neque

500 821 1026 895 beneficiorum
1051 818 1677 908 collocandorum,
1686 818 1813 890 sed
1832 818 2159 918 pecuniae
2178 817 2659 890 conciliandae

499 957 714 1004 causa
747 930 1198 1029 susceperis?
1249 934 1503 1027 Itaque
1547 930 1649 1002 illi
1688 953 2023 1002 censores
2054 926 2387 998 fecerunt
2418 925 2611 997 idem
2637 981 2659 1014 ,

501 1041 704 1142 quod
744 1045 820 1113 in
863 1057 1110 1114 nostra
1151 1039 1529 1139 republica
1568 1041 1809 1114 solent
1844 1042 1932 1126 ii,
1980 1043 2105 1137 qui
2154 1063 2287 1137 per
2334 1038 2659 1136 largitio·

502 1177 672 1225 nem
717 1156 1178 1250 magistratus
1221 1150 1464 1249 adepti
1512 1167 1726 1222 sunt:
1782 1148 2147 1222 dederunt
2192 1171 2529 1244 operam,
2574 1161 2661 1218 ut

503 1270 602 1337 ita
640 1277 1072 1364 potestatem
1111 1277 1483 1360 gererent,
1522 1277 1607 1332 ut
1642 1260 1841 1331 illam
1890 1253 2273 1330 lacunam⁵
2303 1259 2411 1328 rei
2444 1255 2661 1328 fami-

505 1375 698 1448 liaris
741 1375 1138 1474 explerent.
1194 1376 1312 1445 Sic
1351 1395 1613 1444 census
1650 1369 1945 1448 habitus
1990 1381 2099 1440 est
2122 1421 2142 1456 ,
2195 1380 2267 1438 te
2314 1383 2619 1466 praetore
2642 1423 2663 1453 ‚

505 1504 590 1562 ut
625 1513 714 1560 eo
755 1512 983 1559 censu
1019 1485 1296 1557 nullius
1333 1486 1645 1556 civitatis
1680 1480 2095 1580 respublica
2142 1495 2387 1578 posset
2425 1477 2659 1550 admi-

507 1603 834 1671 nistrari:
887 1621 1056 1668 nam
1107 1592 1708 1693 locupletissimi⁶
1745 1595 2099 1692 cujusque
2150 1616 2411 1665 census
2456 1605 2659 1662 exte-

507 1724 853 1796 nuarant,
893 1709 1298 1779 tenuissimi
1333 1720 1704 1777 auxerant.
1766 1710 2021 1802 Itaque
2073 1707 2147 1774 in
2194 1701 2485 1774 tributis
2526 1705 2665 1771 im-

507 1817 847 1919 perandis
926 1831 1212 1888 tantum
1299 1818 1545 1892 oneris
1618 1814 1813 1913 plebi
1903 1812 2460 1912 imponebatur,
2534 1826 2617 1883 ut
2639 1866 2662 1899 ‚

507 1930 784 2001 etiamsi
821 1927 1159 1998 homines
1199 1941 1563 2012 tacerent,
1602 1951 1717 1998 res
1760 1926 1915 2024 ipsa
1958 1923 2511 2027 illumpensum
2549 1949 2665 1994 re-

508 2037 844 2137 pudiaret
875 2065 891 2106 ε
928 2035 1008 2106 id
1037 2034 1242 2133 quod
1271 2036 1579 2134 intelligi
1618 2034 1955 2109 facillime
1990 2059 2071 2106 re
2110 2039 2267 2133 ipsa
2307 2048 2573 2133 potest.

600 2150 783 2218 LVI.
821 2147 1010 2218 Nam
1041 2149 1120 2216 L.
1145 2145 1509 2234 Metellus,
1539 2149 1707 2243 qui,
1740 2160 2215 2245 posteaquam
2248 2171 2383 2244 ego
2420 2145 2667 2242 inqui-

507 2258 714 2329 rendi
752 2281 966 2330 causa
996 2257 1069 2326 in
1097 2256 1416 2327 Siciliam
1443 2261 1653 2345 veni,
1690 2270 1995 2354 repente
2026 2256 2267 2328 Letilii
2304 2254 2665 2337 adventu,

508 2368 712 2438 istius
739 2390 888 2437 non
918 2365 1143 2439 modo
1163 2367 1436 2437 amicus
1458 2423 1477 2452 ,
1502 2392 1757 2437 verum
1787 2369 2005 2437 etiam
2042 2379 2394 2463 cognatus
2430 2365 2667 2438 factus

505 2491 646 2564 est3
678 2479 738 2548 is
757 2531 778 2566 ,
813 2475 1020 2575 quod
1045 2475 1340 2547 videbat
1361 2479 1569 2549 istius
1589 2488 1610 2519 ¹
1642 2501 1945 2548 censum
1982 2491 2171 2548 stare
2206 2475 2413 2546 nullo
2438 2476 2667 2547 modo

505 2611 752 2684 posse,
787 2611 956 2658 eum
999 2612 1301 2659 censum
1345 2585 1717 2659 observari
1754 2585 2007 2681 jussit,
2062 2589 2189 2684 qui
2232 2589 2388 2657 viro
2420 2585 2667 2658 fortis-

509 2699 694 2798 simo
724 2711 946 2796 atque
983 2698 1579 2768 innocentissimo
1614 2702 1773 2769 Sex.
1794 2695 2161 2774 ‘Peducaeo
2190 2710 2501 2795 praetore
2539 2695 2669 2768 ha-

507 2808 706 2878 bitus
751 2820 960 2879 esset.
1005 2814 1226 2878 Erant
1286 2808 1476 2876 enim
1532 2823 1687 2878 tum
1744 2831 2082 2878 censores
2122 2806 2408 2904 legibus
2456 2805 2668 2894 facti,

513 2917 774 2989 delecti
793 2923 834 2988 a
853 2918 1002 2989 suis
1027 2916 1475 2989 civitatibus:
1506 2917 1801 3015 quibus,
1824 2917 2085 3015 siquid
2110 2920 2669 3004 commisissent,

523 3053 752 3127 poenae
779 3027 1062 3126 legibus
1087 3042 1293 3099 erant
1319 3030 1749 3100 constitutae.
1777 3032 1878 3098 Te
1910 3042 2153 3099 autem
2174 3045 2508 3127 praetore,
2537 3031 2671 3125 qui
2708 3078 2715 3089 ·

513 3206 702 3253 Erum.
753 3219 900 3251 mnan
949 3217 1056 3251 non
1103 3203 1384 3252 commodo.
1439 3205 1547 3252 Nos

514 3298 628 3330 cum
653 3285 816 3330 θην.
837 3281 988 3330 Beck.
1015 3281 1128 3330 Sch.
1151 3293 1202 3330 et
1225 3283 1276 3329 J.
1293 3285 1354 3328 V.
1377 3285 1434 3332 L.
1461 3282 1544 3330 ed.

1706 3206 1757 3253 6.
1782 3204 2180 3268 Loceapleeissimi.
2208 3205 2449 3254 Censores
2470 3205 2669 3268 ini,qui

1638 3301 1663 3331 a
1679 3286 1832 3331 Verre
1857 3299 2035 3330 munus
2062 3293 2303 3339 emerant,
2322 3294 2521 3348 accepta
2548 3298 2577 3330 a
2600 3283 2673 3330 lo-

521 3363 652 3423 1473
683 3362 949 3426 sequimur.

587 3441 636 3489 5.
665 3441 814 3489 Illam
837 3440 1088 3488 lammam.
1107 3439 1176 3486 Ut
1199 3439 1386 3488 scilieet
1411 3456 1474 3488 eo
1496 3441 1547 3488 iu

515 3523 800 3585 magistratu
822 3519 1082 3584 pecuniam
1113 3534 1310 3567 omnem
1329 3519 1543 3568 retr-he-

515 3611 652 3660 rent,
693 3615 838 3664 quam
882 3599 1029 3646 Verri
1075 3598 1144 3645 ob
1197 3613 1374 3646 munus
1417 3599 1547 3646 illud

517 3678 776 3728 emendum
817 3677 934 3726 dare
991 3678 1184 3726 fuerant
1236 3679 1414 3727 eoacti.
1463 3679 1545 3726 Sic

513 3760 700 3823 optimo
725 3759 836 3808 Seu.
866 3757 927 3806 de
949 3758 1115 3807 Benef.
1133 3761 1184 3815 1,
1213 3758 1308 3818 ait,
1346 3760 1547 3825 provin·

513 3839 614 3886 cin
631 3837 834 3902 spoliari
847 3871 862 3896 ,
889 3848 940 3886 et
965 3839 1292 3886 nummarium
1311 3839 1547 3899 tribunal,

513 3916 680 3965 audita
747 3918 992 3982 utrimque
1053 3917 1356 3977 licitatione,
1405 3919 1547 3967 alteri

517 3997 682 4046 addici
701 4012 802 4044 non
821 3997 1022 4054 mia-uun
1044 3997 1242 4060 quando
1257 4015 1366 4062 quae
1379 3999 1550 4047 emeris

521 4075 729 4126 vendere
755 4075 974 4138 gentium
995 4077 1078 4136 jus
1105 4087 1194 4125 est.

1638 3362 1914 3427 cupietibun
1939 3363 2176 3428 pecunia,
2210 3362 2272 3410 iia
2294 3365 2482 3411 minora
2498 3395 2514 3421 ,
2546 3378 2673 3426 pau-

1637 3441 1836 3506 peribu-
1878 3443 2061 3504 mjora
2118 3440 2301 3490 tributa
2344 3440 2670 3506 imperabant.

1638 3524 1801 3570 θην.
1828 3522 1943 3570 loeo
1976 3533 2231 3569 auxerant
2268 3521 2453 3587 recepit
2490 3521 2675 3570 haene-

1636 3613 1753 3649 ram
1776 3618 1805 3649 e
1830 3603 1955 3650 MSS
1976 3600 2197 3658 duobus,
2216 3601 2353 3665 quod
2378 3601 2673 3652 antitheta:-

1640 3680 1886 3729 dissolvit.

1709 3762 1838 3809 LVI.
1871 3777 1917 3812 1.
1944 3758 2089 3808 Istius
2112 3775 2305 3807 censum
2330 3771 2479 3809 stare.
2512 3759 2675 3808 Codd.

1640 3841 1830 3888 Μαι-ΙΙ.
1852 3851 1903 3888 et
1920 3839 2061 3888 Fabr.
2081 3861 2105 3881 «-
2120 3839 2259 3886 iatius
2274 3853 2475 3887 censum
2488 3841 2605 3887 stari
2618 3856 2670 3894 υς

1640 3919 1769 3968 unde
1802 3918 2319 3968 Gulielm.Verisimil.
2352 3920 2406 3976 1,
2454 3926 2517 3980 7,·
2548 3934 2675 3965 con·

1636 4000 1747 4061 jicit
1764 3999 2023 4062 legendum
2038 4033 2053 4059 ,
2072 4023 2095 4040 ‹-
2106 3999 2247 4047 iotius
2267 3999 2317 4046 in
2340 4015 2489 4047 censu
2502 3998 2617 4046 stari
2630 4021 2673 4046 u.

1642 4081 1691 4128 J.
1704 4080 1765 4126 V.
1786 4082 1845 4128 1..
