2984 4684
510 358 648 441 242
1191 352 1969 421 ARGUMENTUM.

665 482 961 561 Principio
1009 481 1335 561 gratulatur
1371 479 1670 558 judicibus
1710 492 1914 539 orator
1962 480 2040 539 de
2088 484 2486 558 accusatione,
2536 506 2651 565 qua

583 592 926 661 conceptam
969 598 1078 657 per
1125 598 1310 637 annos
1352 577 1556 642 decem
1599 578 1897 639 infamiam
1938 578 2295 659 judiciorum
2354 583 2493 641 licet
2538 584 2652 645 illis

583 681 810 751 eluere3
847 674 922 735 ad
961 676 1240 735 invidiam
1279 675 1435 734 enim
1467 675 1691 735 ordinis
1734 675 2013 735 senatorii
2064 674 2285 757 (penes
2319 699 2495 757 quem
2528 694 2649 741 tum

575 778 794 858 judicia
821 774 1012 855 erant)
1037 776 1289 835 maxime
1319 776 1643 855 pertinere,
1674 796 1750 835 ne
1778 796 1914 835 reus
1940 776 2203 839 omnium
2225 778 2347 857 jam
2374 780 2651 858 opinione

581 877 887 937 damnatus
919 872 1290 947 absolvatur,
1323 894 1375 933 ι.
1401 877 1645 935 Verrem
1680 874 1837 935 enim
1868 893 2101 935 omnem
2142 896 2307 957 spem
2347 878 2547 937 salutis
2588 878 2647 935 in

579 994 683 1053 spe
709 974 803 1033 vel
830 970 1107 1031 eludendi
1127 972 1222 1031 vel
1244 970 1661 1051 corrumpendi
1685 970 1895 1049 judicii
1926 992 2177 1051 ponere,
2202 992 2237 1031 a
2254 1016 2272 1046 ,
2298 974 2353 1033 3.
2376 974 2503 1035 Etsi
2527 974 2649 1033 vita

547 1072 702 1151 ejus
730 1082 817 1129 tot
841 1068 998 1128 vitiis
1028 1067 1372 1147 flagitiisque
1405 1068 1673 1127 convicta
1708 1068 1814 1136 sit.
1856 1080 1924 1127 ut
1966 1088 2141 1129 nemo
2181 1088 2318 1129 eum
2350 1069 2546 1149 aliqua
2574 1090 2647 1129 ex

579 1181 747 1249 parte
772 1162 1087 1224 defendere
1111 1165 1319 1244 possit,
1347 1172 1382 1235 4
1401 1207 1418 1237 ,
1442 1163 1499 1223 5.

654 1268 806 1324 Tum
843 1274 1158 1321 narrantur
1189 1280 1258 1319 ea
1276 1303 1293 1333 ,
1329 1280 1460 1339 quae
1481 1265 1695 1321 Verres
1730 1260 2095 1321 machinatus
2136 1262 2211 1322 sit
2256 1276 2432 1341 atque
2470 1262 2645 1323 etiam

574 1384 730 1421 nunc
753 1362 1046 1433 moliatur,
1065 1372 1133 1419 ut
1158 1358 1334 1437 hujus
1358 1359 1626 1438 praetoris
1649 1359 1979 1438 horumque
1988 1359 2253 1440 judicum
2279 1364 2645 1423 severitatem

575 1459 848 1537 effugiat,
878 1470 938 1517 et
965 1469 1033 1517 ut
1059 1477 1152 1515 res
1181 1457 1263 1517 ita
1289 1455 1574 1527 ducatur,
1614 1470 1679 1515 ut
1716 1476 1871 1515 anno
1910 1457 2183 1537 proximo
2218 1458 2377 1538 apud
2404 1464 2491 1518 Μ.
2514 1464 2646 1521 Me-

577 1557 776 1617 tellum
802 1565 1116 1634 praetorem
1147 1552 1260 1612 sibi
1289 1554 1580 1613 faventem
1616 1572 1789 1611 causa
1822 1553 2070 1626 dicatur,
2098 1554 2266 1613 6-10.
2291 1557 2402 1615 Cui
2430 1555 2643 1615 rationi

574 1655 712 1713 satis
735 1663 938 1711 astutae
965 1663 1032 1709 ut
1056 1660 1360 1722 occurrat,
1400 1650 1717 1709 Hortensio
1745 1643 2078 1724 denuntiat,
2122 1670 2185 1711 se
2208 1652 2525 1713 consilium
2546 1672 2647 1711 ce-

572 1752 726 1830 pisse
769 1746 1156 1807 necessarium
1171 1789 1189 1819 ,
1242 1760 1307 1805 ut
1347 1758 1697 1827 perpetuam
1740 1746 2067 1806 orationem
2117 1748 2179 1807 in
2222 1750 2337 1809 alia
2376 1764 2643 1831 tempora

572 1858 857 1919 reservet,
885 1865 1040 1903 nunc
1075 1856 1269 1903 autem
1299 1848 1547 1903 Verrem
1584 1842 1829 1923 tabulis,
1860 1843 2133 1917 testibus,
2172 1846 2417 1924 privatis
2442 1849 2643 1929 publi-

569 1945 768 2023 cisque
793 1942 979 2002 literis
1001 1936 1565 2017 auctoritatibusque
1587 1953 1834 1999 accuset.
1858 1942 2161 2001 Hortensii
2185 1944 2475 2005 rationem
2497 1967 2641 2021 esse,

569 2054 637 2101 ut
663 2038 984 2099 secundum
1014 2036 1186 2095 binos
1221 2035 1393 2095 ludos
1435 2034 1550 2095 sibi
1596 2036 1957 2115 respondere
2001 2039 2275 2119 incipiat,
2328 2062 2531 2115 suam,
2572 2059 2642 2104 ut

568 2157 736 2197 reum
781 2149 914 2193 ante
964 2134 1186 2213 primos
1231 2134 1401 2193 ludos
1448 2134 1957 2211 comperendinet,
2002 2137 2060 2195 h.
2097 2157 2150 2196 e.
2197 2158 2333 2199 eum
2376 2140 2439 2199 in
2482 2141 2639 2201 diem

563 2232 952 2313 perendinum
999 2231 1198 2289 adesse
1234 2229 1464 2307 jubeat,
1512 2228 1586 2289 ad
1626 2250 1859 2289 causam
1907 2232 2120 2291 iterum
2166 2234 2506 2310 dicendam,
2544 2259 2638 2297 11.

565 2330 825 2391 Omnino
852 2341 1046 2387 autem
1077 2325 1187 2387 sibi
1216 2326 1585 2406 propositum
1608 2347 1764 2400 esse,
1794 2348 1947 2389 anno
1978 2331 2248 2409 proximo
2264 2377 2281 2407 ,
2308 2353 2430 2413 quo
2454 2335 2637 2395 aedilis

566 2432 799 2489 futurus
839 2440 991 2500 erat,
1028 2425 1098 2484 iis
1138 2424 1475 2485 hominibus
1522 2426 1791 2485 resistere
1810 2470 1828 2500 ,
1870 2447 2125 2507 quorum
2163 2429 2542 2509 improbitate
2576 2446 2637 2491 et

563 2525 806 2587 audacia
839 2522 1164 2584 senatorius
1193 2521 1342 2581 ordo
1370 2536 1673 2601 prematur
1712 2536 1773 2581 et
1810 2538 2091 2603 urgeatur
2125 2527 2365 2590 infamia
2382 2528 2634 2607 judicio·

558 2645 723 2696 rum,
759 2643 868 2695 ια,
904 2622 994 2681 ι3.
1019 2624 1272 2679 Tantum
1319 2619 1551 2693 abesse,
1577 2632 1645 2679 ut
1692 2621 1755 2679 in
1801 2619 1918 2681 hoc
1966 2623 2097 2702 ipso
2136 2624 2363 2704 judicio
2410 2628 2631 2707 aliquid

563 2720 846 2781 committi
872 2718 1145 2797 patiatur,
1173 2715 1333 2795 quod
1361 2717 1575 2775 malam
1596 2716 1901 2777 hominum
1925 2720 2411 2783 existimationem
2442 2723 2518 2783 de
2544 2746 2633 2785 se·

559 2832 833 2878 natorum
847 2816 1122 2896 judiciis,
1154 2816 1477 2896 praesertim
1502 2815 1607 2875 ubi
1634 2816 1709 2875 de
1739 2818 2002 2896 pecuniis
2034 2822 2373 2900 repetundis
2404 2839 2631 2903 agatur,

557 2919 903 2976 confirmare
931 2916 1147 2995 possit,
1183 2922 1274 2982 14.
1299 2918 1599 2973 Postremo
1620 2914 1850 2993 judices
1878 2914 1954 2975 ad
1982 2920 2360 2979 severitatem
2388 2923 2637 2995 excitat,

560 3016 624 3074 in
651 3014 858 3095 primis
885 3024 1196 3093 praetorem
1226 3014 1324 3071 Μ’.
1348 3012 1603 3071 Acilium
1640 3012 2024 3075 Glabrionem
2056 3030 2259 3095 rogat,
2304 3034 2371 3081 ut
2409 3022 2473 3079 in
2512 3021 2629 3080 hoc

550 3112 774 3190 judicio
797 3129 1029 3169 causam
1051 3109 1374 3168 severitatis
1389 3152 1406 3182 ,
1434 3110 1783 3188 integritatis
1799 3154 1817 3183 ,
1844 3111 2013 3185 fidei,
2036 3115 2362 3192 religionis,
2392 3138 2629 3179 causam

555 3210 810 3288 denique
858 3222 1090 3267 senatus
1141 3205 1418 3285 suscipiat
1439 3248 1459 3278 ,
1515 3207 1721 3285 15-17.
1808 3212 2147 3291 Iterumque
2202 3213 2509 3275 denuntiat
2562 3237 2627 3276 se

555 3310 746 3389 prima
774 3304 1002 3363 actione
1029 3305 1144 3361 hoc
1175 3316 1472 3375 acturum,
1509 3317 1575 3363 ut
1600 3304 1813 3365 omissa
1836 3321 2125 3387 perpetua
2161 3312 2453 3387 oratione,
2492 3311 2624 3372 bre-

553 3408 704 3467 viter
729 3402 1035 3482 explicatis
1061 3400 1430 3471 criminibus,
1459 3400 1687 3481 singula
1718 3404 1915 3463 statim
1943 3406 2395 3487 interrogando,
2436 3430 2621 3489 argu-

553 3504 762 3565 mentis
825 3516 1001 3579 atque
1058 3500 1326 3559 oratione
1384 3499 1615 3573 firmet,
1682 3500 1755 3561 ad
1810 3523 1997 3582 eaque
2054 3517 2226 3567 testes
2294 3528 2625 3569 accommo-

553 3605 680 3675 det,
713 3604 802 3661 18.
1339 3658 1344 3667 ,

631 3699 848 3761 Habita
867 3710 958 3758 est
982 3696 1108 3757 haec
1135 3696 1326 3755 oratio
1356 3696 1418 3755 in
1448 3696 1579 3756 foro
1605 3695 1681 3754 ad
1708 3696 1889 3757 aedem
1918 3703 2201 3775 Castoris,
2230 3701 2441 3763 eodem
2464 3724 2619 3763 anno

546 3818 666 3876 quo
688 3795 976 3876 superior,
1001 3796 1103 3853 Μ’.
1122 3792 1444 3853 Glabrione
1480 3806 1766 3873 praetore,
1806 3797 1901 3855 cui
1942 3810 2100 3857 sorte
2127 3797 2423 3879 obtigerat
2452 3822 2622 3880 quae-

547 3896 660 3955 stio
704 3894 779 3953 de
815 3890 1155 3971 repetundis
1172 3934 1188 3961 ,
1229 3905 1288 3951 et
1318 3891 1643 3951 lectissimis
1682 3912 1755 3951 ex
1796 3909 1999 3954 senatu
2020 3895 2342 3973 judicibus.
2368 3902 2621 3959 Senator

548 4006 742 4053 autem
779 4012 854 4051 ex
887 3992 1002 4061 hnc
1027 4010 1183 4051 anno
1215 4002 1342 4049 erat
1370 3990 1607 4061 Cicero,
1638 3992 1860 4071 quippe
1889 4014 2065 4072 quem
2095 4016 2367 4060 censores
2392 4000 2619 4059 Gellius

547 4104 608 4151 et
648 4090 962 4164 Lentulus,
999 4088 1104 4167 qui
1147 4094 1272 4149 tum
1315 4100 1482 4149 erant
1500 4130 1520 4163 ,
1556 4088 1618 4148 in
1650 4104 1915 4153 senatum
1942 4093 2223 4175 legerant.
2270 4096 2385 4178 agi
2420 4112 2616 4158 autem
