2984 4684
679 397 814 463 DE
865 394 1676 465 VECTIGALIBUS
1723 397 1985 466 REIP.
2034 413 2166 470 etc.
2344 400 2481 499 547

355 513 602 602 populo
636 513 796 579 fuit:
835 513 1256 603 optimatibus
1281 530 1350 579 et
1371 515 1671 579 Ciceroni
1697 516 2115 585 vehementer
2136 520 2485 612 displicuit.

361 618 674 709 Quippe
651 642 784 699 jam
817 620 1124 685 omnibus
1157 620 1460 686 subsidiis
1489 622 1853 711 respublica
1878 624 2153 709 nudata3
2188 631 2354 719 agris
2394 628 2487 696 di·

354 725 534 807 visis3
560 726 876 814 scripturn
893 725 1160 791 abolita·
1141 728 1484 815 ,portoriis
1506 728 1807 811 sublatis3
1830 730 1981 796 solis
2007 734 2485 821 provinciarum

354 830 766 922 vectigalibus
798 832 1315 898 sustentabatur:
1343 833 1729 923 nullumque
1760 836 1821 899 ei
1850 854 2185 925 supererat
2215 842 2485 932 vectigal

354 936 784 1003 domesticum
807 940 1040 1027 praeter
1071 940 1459 1005 vicesimam.
1503 941 1640 1005 Cic.
1668 938 1753 1004 ad
1784 942 1975 1007 Attic.
2004 944 2209 1032 Epist.
2230 946 2479 1029 11‚15.

351 1043 652 1109 Portoria
709 1044 1199 1133 peregrinarum
1261 1045 1579 1111 mercium
1630 1047 1839 1111 Coesar
1891 1046 2127 1112 deinde
2181 1052 2482 1119 restituit.

349 1150 618 1215 Sueton.
650 1151 720 1215 in
755 1151 882 1215 Jul.
917 1174 1058 1239 cap.
1087 1150 1197 1230 43.

433 1257 560 1321 Res
595 1278 823 1321 omnes
843 1306 862 1333 ‚
901 1273 1044 1321 tum
1079 1258 1370 1339 venales,
1409 1274 1557 1323 tum
1601 1280 1747 1347 quoe
1790 1262 1993 1351 magis
2034 1261 2121 1327 ad
2162 1262 2486 1329 luxuriam

350 1384 544 1450 quam
576 1362 662 1427 ad
691 1386 886 1427 nsum
919 1380 1150 1451 paratae
1180 1380 1402 1447 erant,
1457 1366 1757 1453 portorio
1790 1359 1976 1432 erant
2004 1368 2322 1434 obnoxiae.
2356 1370 2479 1436 Pu·

349 1466 582 1535 blicani
605 1490 761 1533 vero
780 1516 798 1549 ,
833 1486 910 1533 ut
943 1492 1030 1533 ne
1063 1468 1525 1534 fraudarentur
1554 1490 1595 1534 a
1630 1470 1875 1535 oeuidis
1917 1474 2485 1563 negotiatioribus,

347 1574 698 1657 mercium,
747 1598 890 1663 quae
936 1576 1338 1657 ferebantur,
1378 1577 1847 1664 professionem
1888 1578 2246 1669 exigebant.
2297 1582 2479 1665 Quin

348 1696 414 1745 et
427 1728 446 1761 ‚
481 1681 534 1744 si
569 1679 848 1769 profiten
856 1680 1030 1747 tibus
1063 1680 1464 1763 diffiderent,
1488 1682 1723 1747 licebat
1740 1680 1867 1747 illis
1892 1700 2193 1750 excutere
2214 1708 2482 1766 merces,

349 1802 418 1851 et
443 1786 690 1874 aperire
720 1786 1017 1851 sarcinas.
1054 1786 1252 1851 Poena
1289 1788 1543 1851 omissae
1578 1786 1997 1876 professionis
2046 1806 2212 1872 erat,
2264 1808 2342 1857 ut
2374 1816 2479 1859 res
2611 1807 2623 1817 “

345 1892 729 1981 improfessa
765 1892 1024 1975 caderet
1059 1894 1130 1957 in
1169 1894 1591 1960 commissum
1605 1942 1625 1977 ,
1670 1916 1788 1959 seu
1828 1894 1987 1961 fisco
2022 1896 2477 1967 vindicaretur.

351 1998 484 2063 cic.
519 1998 744 2088 Agrar.
768 1999 870 2083 11,
903 2022 1043 2088 cap.
1081 1998 1190 2064 23.
1223 1998 1398 2065 Non.
1426 2000 1712 2064 Marcell.
1746 2022 1813 2089 p.
1848 1999 1955 2065 53.
1987 2002 2259 2085 Quintil.
2296 2006 2476 2071 Decl.

349 2102 469 2181 341
502 2120 568 2169 et
599 2102 747 2191 359.

431 2210 560 2274 Res
597 2226 816 2275 autem
866 2229 1052 2275 erant
1089 2212 1444 2293 immunes,
1482 2232 1645 2299 quas
1688 2212 1837 2300 quis
1883 2214 2024 2277 non
2064 2212 2475 2305 negotiandi,

344 2313 456 2379 sed
483 2314 712 2379 utendi
742 2338 965 2399 causa3
993 2338 1154 2403 quas
1183 2315 1374 2403 legati
1397 2330 1793 2393 exterarum,
1829 2334 1947 2382 aut
1970 2319 2290 2385 socierum
2315 2344 2475 2411 gen-

343 2420 509 2485 tium
539 2422 748 2485 Roma
788 2420 1057 2485 domum
1092 2418 1499 2500 deferebant3
1538 2442 1675 2483 non
1712 2441 1867 2483 vero
1896 2422 1952 2485 si
1992 2444 2073 2486 ex
2103 2426 2307 2512 patria
2348 2448 2467 2492 sua

342 2526 616 2591 Romam
655 2526 916 2615 'aliquid
957 2524 1392 2615 deportarent.
1439 2524 1685 2612 Digest.
1730 2524 1842 2588 lib.
1886 2526 2206 2609 XXXIX,
2255 2530 2355 2596 tit.
2402 2536 2468 2610 4.

341 2632 760 2699 Immunitate
791 2633 986 2697 etiam
1027 2631 1442 2695 donabantur
1485 2649 1587 2692 res
1626 2630 1935 2695 exercitui
1968 2649 2205 2719 paratae
2220 2638 2248 2715 ‚'
2280 2634 2367 2700 ‘ut
2404 2654 2473 2702 et

336 2737 773 2803 instrumenta
803 2737 1073 2803 itineris.
1103 2736 1378 2820 Quintil.
1401 2734 1753 2800 Declamas.
1780 2734 1931 2821 359.
1959 2737 2465 2827 Magistratibus‚

339 2843 406 2907 in
437 2844 836 2933 provinciam
862 2842 1170 2907 euntibus
1189 2889 1208 2925 ,
1245 2842 1344 2907 uti
1376 2857 1441 2906 et
1483 2864 1565 2905 a
1600 2862 1674 2906 ea
1703 2839 2195 2929 decedentibus,
2232 2846 2465 2913 licebat

337 2948 796 3038 supellectilem
819 2946 906 3013 ad
928 2970 1122 3013 usum
1150 2946 1571 3011 neeessariam
1606 2946 1969 3011 immunem
1999 2970 2223 3013 secum
2258 2950 2429 3018 ferre
2442 3000 2463 3037 ,

339 3054 766 3121 instrumenta
797 3056 1071 3120 luxuria
1101 3076 1236 3121 non
1267 3053 1519 3119 licebat.

425 3162 494 3227 Si
525 3160 793 3251 quando
826 3163 1104 3227 Romani
1147 3184 1302 3227 cum
1347 3160 1613 3227 devictis
1655 3156 1957 3251 gentibus
2000 3162 2225 3227 mitius
2270 3182 2463 3255 agere

335 3268 574 3333 vellent
588 3317 607 3351 ,
640 3284 756 3333 aut
778 3270 1084 3358 portoriis
1119 3291 1224 3333 eas
1251 3266 1611 3333 liberabant
1625 3314 1645 3349 ,
1684 3282 1799 3331 aut
1828 3290 1903 3331 ea
1930 3288 2048 3355 per
2071 3266 2207 3333 illas
2234 3288 2460 3359 gentes⁴

339 3375 620 3439 exerceri
650 3374 1148 3467 permittebant3
1172 3374 1264 3438 ita
1292 3388 1372 3437 ut
1398 3373 1739 3461 pecuniam
1772 3372 1927 3437 inde
1960 3370 2279 3439 redactam
2315 3378 2465 3441 civi-

337 3494 500 3544 tates
531 3480 656 3545 sibi
687 3480 1018 3545 haberent.
1049 3481 1212 3563 Qum
1245 3479 1513 3545 facultas
1558 3478 1748 3543 sociis
1788 3495 1857 3543 et
1896 3479 2260 3546 civitatibus
2297 3504 2463 3547 con-

339 3608 514 3651 cessa
539 3609 578 3649 a
607 3599 878 3669 senatu,
921 3592 1146 3675 postea
1187 3609 1228 3649 a
1256 3584 1432 3650 Sulla
1471 3584 1773 3673 adempta
1816 3600 1931 3651 est.
1981 3585 2175 3649 Plura
2208 3586 2295 3652 de
2324 3584 2391 3653 hs.
2415 3590 2458 3654 l.

340 3689 596 3757 dabunt
644 3693 780 3759 Cic.
833 3634 918 3757 de
967 3714 1149 3779 prov·
1201 3714 1365 3757 coss.
1413 3712 1551 3779 oep.
1602 3688 1665 3755 3.
1722 3686 1858 3755 Liv.
1902 3690 2296 3777 XXXVIII,
2349 3698 2457 3775 44.

335 3798 614 3887 Appian.
655 3797 736 3863 de
775 3799 930 3883 Bell.
957 3798 1175 3863 Civ.1.

425 3904 732 3993 Superest
779 3919 856 3968 ut
901 3905 1174 3993 portorii
1209 3902 1443 3969 modus
1480 3842 1858 3969 declaretur.
1903 3904 2029 3969 Res
2076 3904 2351 3972 obscura
2396 3924 2463 3971 et

339 4006 618 4075 difficilis
621 4032 864 4098 ‚quum
879 4026 1172 4075 suctores
1187 4011 1301 4099 qui
1320 4009 1402 4075 de
1421 4008 1733 4099 portoriis
1742 4009 2125 4097 loquuntur,
2140 4028 2460 4099 quantum

339 4113 468 4177 hoc
499 4117 768 4181 nontine
797 4116 1161 4205 exigeretur
1185 4117 1529 4203 renceant3
1552 4130 1622 4180 et
1638 4134 1845 4202 quum
1874 4115 2217 4182 solutionis
2236 4118 2461 4183 condi·

2106 4221 2217 4292 35.
