2984 4684
769 402 878 472 IN
929 401 1356 472 VERREM
1405 403 1765 490 ACT.11‚
1813 403 2005 473 ΜΒ.
2051 406 2105 472 1.
2364 404 2505 500 329

371 524 628 624 aliquis
649 578 669 613 ‚
703 524 835 622 qui
859 522 1004 595 hoc
1035 538 1320 595 tantum
1357 523 1733 596 domestici
1766 524 1935 595 mali
1974 523 2126 596 filio
2154 549 2289 596 suo
2316 550 2509 598 nun-

373 638 521 708 tiet.
545 634 834 706 Clamor
857 637 1131 706 interea
1151 632 1238 705 fit
1263 648 1414 706 tota
1431 635 1653 706 domo
1671 662 1690 724 ;
1710 659 1953 733 pugna
1969 635 2233 706 ¹⁰inter
2264 659 2509 708 servos

369 743 630 818 Rubrii
649 759 868 842 atque
895 744 1223 843 hospitis.
1251 748 1572 817 Jactatur
1592 756 1611 789 ¹
1628 755 1649 788 ¹
1682 745 1885 816 domi
1912 769 2055 816 suae
2082 747 2192 817 vir
2210 747 2509 845 primus,

369 871 444 928 et
470 855 696 927 homo
719 856 1268 928 honestissimus
1295 883 1312 926 ε
1355 880 1494 955 pro
1520 879 1595 927 se
1622 858 1933 954 quisque
1964 880 2223 928 manus
2258 854 2505 930 affert:

368 991 556 1065 aqua
598 963 917 1063 denique
944 964 1250 1038 ferventi
1274 991 1317 1038 a
1341 963 1622 1038 Rubrio
1656 969 1819 1064 ipso
1855 962 2321 1037 Philodamus
2347 991 2510 1064 per-

369 1075 726 1149 funditur.
754 1081 923 1147 Haec
946 1076 1076 1148 ubi
1095 1075 1248 1148 filio
1269 1080 1607 1149 nuntiata
1620 1091 1795 1148 sunt
1819 1103 1839 1166 ;
1868 1076 2104 1148 statim
2142 1077 2509 1150 exanima-

327 1265 334 1274 ·
365 1201 490 1260 tus
515 1187 608 1259 ad
644 1187 832 1259 aedes
864 1185 1275 1276 contendit,
1317 1203 1402 1260 ut
1436 1201 1510 1260 et
1548 1190 1711 1258 vitae
1746 1188 2007 1286 patriS‚
2042 1202 2114 1258 et
2148 1185 2509 1286 pudicitia}

364 1299 633 1373 sororis
647 1312 1128 1370 succurreret.
1155 1302 1433 1370 Omnes
1462 1296 1719 1370 eodem
1744 1300 1986 1370 animo
2014 1299 2508 1395 Lampsaceni,

361 1407 578 1480 simul
619 1421 703 1480 ut
741 1406 886 1478 hoc
934 1406 1402 1496 audiverunt,
1465 1407 1671 1505 quod
1716 1432 1842 1478 eos
1894 1421 2052 1478 tum
2106 1406 2509 1478 Philodami

362 1515 672 1614 dignitas
694 1570 714 1605 ,
758 1530 914 1587 tum
955 1515 1236 1612 injuriae
1276 1515 1707 1614 magnitudo
1760 1515 2137 1606 movebat,
2187 1517 2281 1592 ad
2320 1513 2507 1590 aedes

361 1641 592 1701 noctu
639 1642 1163 1699 convenerunt.
1214 1630 1350 1703 Hic
1397 1627 1611 1698 lictor
1648 1628 1855 1699 istius
1906 1627 2285 1700 Cornelius
2304 1682 2324 1717 ‚
2378 1634 2507 1726 qui

363 1761 536 1810 cum
567 1737 729 1834 ejus
765 1738 987 1809 servis
1027 1752 1182 1810 erat
1217 1762 1260 1808 a
1287 1736 1611 1826 Rubrio,
1652 1739 1856 1836 quasi
1892 1739 1970 1810 in
2007 1739 2386 1836 praesidio,-
2414 1738 2507 1812 ad

363 1843 830 1918 auferendam
855 1846 1238 1920 mulierem
1258 1847 1679 1936 collocatus,
1700 1847 2092 1938 occiditur3
2115 1851 2303 1922 servi
2326 1875 2508 1922 non-

362 1955 1105 2046 nulli-vulnerantur3
1154 1960 1311 2056 ipse
1355 1955 1683 2030 Rubrius
1720 1960 1812 2028 'in
1864 1957 2077 2031 turba
2108 1960 2503 2058 sauciatur.

359 2071 506 2139 Iste
523 2120 544 2155 ‚
596 2068 734 2163 qui·
775 2090 904 2139 sua
957 2067 1350 2166 cupiditate
1405 2083 1650 2140 tantos
1700 2067 2055 2140 tumultus
2105 2070 2505 2141 concitatos

360 2175 638 2250 videret
661 2189 749 2266 ⁸2,
787 2203 1054 2277 cupere
1089 2178 1330 2276 aliqua
1356 2180 1643 2252 evolare
1669 2234 1689 2269 ‚
1715 2180 1774 2252 si
1809 2194 2075 2278 posset.

457 2292 750 2359 XXVII.
791 2285 1140 2359 Postridie
1175 2313 1386 2362 mane
1423 2289 1763 2362 homines
1802 2291 1881 2361 in
1922 2291 2352 2364 concionem
2381 2313 2503 2361 ve·

359 2397 652 2487 niunt13
705 2412 1077 2495 quaerunt,
1133 2399 1314 2496 quid
1366 2401 1730 2497 optimum
1780 2397 1977 2471 factu
2036 2403 2168 2488 sit;
2231 2424 2368 2499 pro
2424 2427 2503 2473 se

359 2513 712 2606 quisque,
753 2523 836 2580 ut
877 2509 952 2578 in
998 2532 1298 2606 quoque
1345 2525 1501 2582 erat
1558 2509 2005 2582 auctoritatis
2055 2511 2455 2606 plurimum
2478 2564 2499 2598 ,

359 2616 452 2688 ad
486 2618 847 2716 populum
891 2616 1372 2714 loquebatur;
1429 2621 1773 2692 inventus
1808 2634 1918 2692 est
1971 2643 2232 2709 nem0‚
2296 2622 2505 2716 cujus

359 2751 514 2800 non
545 2728 700 2800 haec
732 2741 810 2800 et
849 2728 1206 2800 sententia
1235 2743 1458 2818 esset,
1484 2739 1560 2800 et
1585 2729 1820 2800 oratio
1857 2757 1874 2800 ε
1910 2733 2129 2804 «Non
2163 2753 2317 2802 esse
2349 2755 2503 2803 me-

357 2867 394 2903 α
415 2837 768 2910 tuendum
789 2892 810 2927 ‚
849 2839 908 2911 si
943 2839 1150 2910 istius
1177 2837 1537 2910 nefarium
1578 2838 1814 2910 scelus
1852 2841 2330 2938 Lampsaceni
2367 2839 2505 2912 ulti

357 2977 396 3014 α
419 2952 491 3020 vi
522 2973 890 3047 manuque
919 2962 1192 3039 essent,
1214 2974 1311 3022 ne
1337 2963 1628 3021 senatus
1661 2952 2127 3048 populusque
2154 2975 2499 3023 romanus

355 3087 390 3125 α
411 3061 490 3130 in
524 3083 682 3132 eam
717 3061 1082 3132 civitatem
1109 3059 1831 3132 animadvertendum
1862 3075 2173 3158 putaret.
2194 3060 2411 3153 Quod
2444 3063 2507 3133 si

357 3199 394 3236 α
419 3168 562 3241 hoc
590 3168 755 3266 jure
787 3169 1006 3268 legati
1029 3169 1291 3268 populi
1317 3171 1605 3242 romani
1640 3171 1717 3241 in
1754 3171 1992 3241 socios
2026 3172 2503 3269 nationesque

358 3308 397 3345 α
422 3292 704 3350 exteras
739 3292 1148 3369 uterentur,
1184 3295 1268 3352 ut
1306 3279 1732 3378 pudicitiam
1772 3279 2172 3353 liberorum
2217 3305 2501 3353 servare

437 3513 518 3547 xo.
551 3498 741 3546 Vocem
757 3515 936 3564 pugna
959 3501 1153 3550 addidit
1177 3504 1382 3554 Hotom.
1548 3518 1631 3554 ια.
1665 3504 1879 3554 rideret.
1916 3505 2216 3570 Intelligeret
2240 3520 2297 3553 ac
2336 3505 2504 3554 consi-

357 3593 420 3628 ox
443 3573 712 3626 Rufininno
736 3576 798 3625 de
818 3574 935 3642 figg.
959 3595 1066 3643 οη).
1087 3581 1174 3628 36.
1472 3584 1677 3635 doram.
1704 3585 1858 3650 Quod
1885 3596 1959 3634 est
1994 3595 2165 3650 aperto
2192 3599 2354 3634 sensu.
2379 3581 2502 3635 riu·

435 3674 459 3705 ι
474 3673 518 3706 1.
553 3657 794 3707 Iactatur.
832 3656 990 3721 Plagis
1031 3659 1280 3710 sternitur.
1313 3689 1386 3700 —
1470 3676 1571 3714 stra
1612 3665 1873 3730 legendum
1922 3664 2188 3714 audiret·
2228 3665 2503 3730 suspicatur

358 3736 551 3786 Victor.
595 3745 644 3783 ot
689 3737 885 3786 Manat.
936 3759 962 3780 οι
979 3739 1056 3786 vir
1099 3739 1316 3803 optimus
1335 3761 1380 3791 ιο.
1470 3748 1676 3794 Hotom.

355 3815 582 3866 Lmbin.
607 3832 672 3864 cx
696 3815 899 3868 Nonio:
935 3817 1048 3866 «vir
1073 3819 1387 3882 primarius».
1547 3825 1763 3873 xxvn.
1788 3838 1832 3870 1.
1858 3826 1921 3871 In
1955 3821 2236 3871 concionem
2268 3823 2497 3878 msam.

357 3895 464 3944 mia
486 3894 669 3944 multos
691 3895 944 3946 Ciceronis
965 3897 1100 3946 locos
1126 3913 1390 3965 opponunt
1475 3903 1592 3951 Mos
1610 3905 1895 3952 Grecorum
1926 3913 1983 3950 ut
2014 3901 2077 3950 de
2102 3901 2297 3966 publica
2323 3903 2503 3965 injuria

361 3975 553 4024 Ernest-
604 3985 656 4023 et
699 3977 936 4026 Gai-aton.
977 3977 1156 4042 quibus
1195 3980 1386 4044 vulgata
1479 3982 1657 4030 concio
1700 3991 1991 4046 cognoscat,
2024 3991 2075 4030 et
2106 3982 2381 4047 psephisma
2414 3999 2503 4032 sou

361 4054 592 4117 «primns
624 4065 676 4104 et
721 4055 774 4104 h.
801 4075 826 4098 n
865 4055 1198 4111 confirmatur.
1237 4061 1384 4112 eous.
1477 4061 1727 4110 decretum
1756 4060 1868 4122 flat,
1904 4060 1967 4112 de
1990 4078 2092 4128 quo
2115 4061 2257 4127 plura
2290 4063 2343 4112 in
2372 4075 2499 4114 orat.

361 4133 506 4190 ‚Vei-r.
525 4135 598 4194 11,
620 4142 682 4196 k,
714 4135 900 4196 83111‚
931 4151 1013 4198 71.
1476 4157 1570 4206 pro
1596 4141 1788 4190 Flacco.
