2984 4684
486 356 622 428 232
1255 356 1314 425 E
1327 356 1394 423 X
1407 356 1545 426 CU
1558 356 1678 424 RS
1692 356 1755 424 U
1774 358 1821 423 S

482 508 688 574 remp.
721 494 1223 574 occupaverant,
1257 502 1681 575 prorogatum
1724 484 1817 548 illi
1862 484 2061 548 fuisse
2092 484 2475 573 imperium,
2508 480 2615 551 di-

481 590 765 657 cendum
795 606 896 655 est
914 638 932 673 ,
959 589 1140 679 quod
1171 606 1352 655 tanto
1387 607 1541 680 post
1572 614 1652 655 ex
1688 590 1835 655 Asia
1876 610 2171 654 reversus
2215 591 2285 654 in
2320 592 2571 661 Italiam
2590 642 2611 675 ,

477 696 694 773 adhuc
715 698 994 763 retinere
1015 695 1374 763 videbatur.
1395 699 1567 763 Hinc
1593 697 1939 785 legislator,
1958 718 2163 785 quum
2196 694 2611 763 indefinitum

477 802 973 889 provincialium
1009 803 1501 893 magistratuum
1544 820 1801 894 tempus
1834 804 2018 885 fecit,
2052 819 2120 869 et
2154 802 2423 869 dubiam
2454 825 2613 870 con·

477 910 856 976 troversiam
887 908 1145 975 diremit
1163 956 1183 991 ,
1233 926 1300 974 et
1329 911 1398 977 in
1431 911 1696 975 Patrum
1738 926 2057 999 potestate
2094 932 2235 975 esse
2270 911 2477 975 voluit
2514 931 2614 975 re-

477 1038 710 1079 vooere
737 1032 888 1105 post
913 1038 1184 1096 annum,
1217 1016 1416 1081 misso
1441 1038 1835 1099 successore,
1854 1033 1969 1082 aut
1999 1040 2118 1106 per
2151 1017 2369 1106 plures
2402 1038 2613 1083 annos

481 1120 772 1188 detinere
815 1123 885 1187 in
938 1120 1288 1210 provinciis
1331 1138 1665 1211 praetores,
1712 1123 1877 1187 nihil
1913 1122 2329 1189 decernendo
2346 1173 2366 1206 ,
2418 1138 2619 1213 prout

481 1250 652 1316 resp.
685 1228 1062 1317 postularet.

571 1334 888 1417 Quaedam
923 1333 1120 1414 objici
1166 1350 1482 1422 possunt,
1536 1350 1640 1415 et,
1692 1358 1775 1400 ne
1812 1334 2171 1423 quidquam
2204 1334 2425 1400 videar
2452 1356 2621 1424 prae-

484 1442 834 1506 termisisse
857 1488 876 1523 ‚
907 1442 1162 1531 singula
1213 1442 1486 1509 referam
1508 1491 1527 1526 ,
1558 1444 1772 1531 iisque
1824 1440 2105 1507 breviter
2156 1438 2617 1508 satisfaciamss..

483 1547 704 1611 Primo
737 1566 964 1612 contra
993 1564 1092 1612 est
1121 1547 1280 1613 illud
1305 1548 1636 1614 Ciceronis
1663 1549 1747 1615 de
1778 1549 2161 1638 provinciis:
2194 1578 2221 1605 α
2240 1551 2330 1613 Ut
2364 1566 2431 1613 et
2466 1567 2625 1637 prae-

484 1668 657 1721 tores
701 1676 948 1717 annuas
992 1654 1355 1743 provincias
1397 1654 1761 1739 habeant-3
1806 1678 1887 1721 ex
1929 1678 2064 1744 quo
2114 1656 2330 1745 colligi
2370 1670 2621 1745 potest,

483 1781 770 1822 annuam
803 1776 1057 1823 tantum
1085 1760 1284 1825 fuisse
1310 1762 1795 1849 provinciarum
1826 1762 2473 1827 administrationem.
2494 1760 2624 1827 Sed

483 1864 882 1953 respondem
911 1865 1154 1930 idcirco
1182 1888 1431 1930 annuas
1461 1866 1593 1932 dici
1620 1866 1982 1955 provincias
2006 1914 2026 1948 ‚
2072 1868 2223 1955 quia
2255 1868 2426 1932 sicut
2451 1868 2623 1931 intra

487 1992 733 2033 annum
759 1992 972 2056 neque
993 1984 1250 2057 poterat
1273 1985 1533 2057 praetor,
1561 1971 1933 2035 inconsulto
1960 1987 2213 2055 senatu,
2249 1970 2331 2035 dc
2362 1972 2631 2060 provin-

487 2075 588 2139 cia
621 2074 964 2155 decedere,
999 2098 1216 2163 neq-ue
1251 2078 1539 2141 revocari
1580 2078 1718 2166 ipse
1762 2100 1800 2141 a
1834 2094 2063 2143 senatu
2099 2066 2251 2143 sine*
2276 2100 2499 2161 causa3
2536 2078 2630 2143 ita

487 2180 704 2268 elapso
730 2178 860 2259 jam
892 2202 1096 2261 anno,
1135 2196 1200 2243 et
1235 2182 1522 2245 revocari
1571 2204 1609 2245 a
1656 2198 1921 2265 senatu,
1974 2184 2173 2247 misso
2206 2206 2620 2265 successore,

489 2303 554 2351 et
589 2301 824 2375 sponte
863 2308 974 2348 sua
1009 2283 1324 2349 decedere
1358 2302 1643 2374 poterat,
1678 2310 2008 2375 suumque
2034 2290 2133 2352 vel
2162 2290 2447 2377 legatum
2466 2335 2484 2370 ,
2526 2290 2631 2353 vel

493 2406 879 2480 quaestorem
913 2414 1290 2480 praeponere
1326 2394 1703 2481 provinciae3
1726 2394 1879 2481 quia
1906 2394 2069 2459 illud
2094 2410 2352 2485 tempus
2372 2396 2627 2485 legibus

495 2513 633 2563 erat
667 2498 1144 2587 praescriptum,
1191 2498 1517 2587 reliquum
1554 2499 1965 2564 arbitrarium
1994 2522 2010 2565 ε
2068 2500 2183 2565 sed
2224 2518 2289 2565 et
2322 2516 2633 2590 praetores

493 2603 964 2669 revocabantur
996 2604 1380 2692 plerumque
1405 2619 1557 2691 post
1586 2626 1868 2687 annum3
1910 2606 2242 2689 consules,
2280 2623 2356 2671 ut
2382 2606 2633 2672 diutius

493 2708 1169 2797 retinerentur,magis
1189 2710 1392 2798 gratia
1419 2710 1789 2775 valebant...
1819 2710 2073 2775 Deinde
2106 2730 2457 2800 opponunt
2472 2714 2634 2777 Tre-

495 2816 762 2880 boniam
801 2815 1041 2903 legem,
1079 2830 1157 2879 ut
1200 2836 1316 2902 per
1365 2815 1891 2903 quinquennium
1933 2817 2245 2907 Pompeio
2285 2818 2594 2906 Hispania
2614 2868 2633 2900 ‚

501 2922 734 2985 Crasso
766 2918 978 3008 Syria,
1007 2920 1239 2985 Caesari
1265 2920 1482 2985 Gauiae
1506 2920 1847 3003 darentur3
1882 2923 1989 2987 cui
2020 2921 2187 2987 adde
2205 2924 2525 2987 Vatiniam
2550 2922 2637 2989 de

499 3026 702 3091 Gallia
733 3026 1054 3107 citeriori,
1101 3042 1166 3089 et
1195 3026 1533 3090 Gabiniam
1557 3076 1575 3108 ‚
1612 3050 1741 3115 q-ua
1772 3028 2017 3092 bellum
2062 3028 2366 3094 adversus
2398 3030 2637 3117 piratas

501 3154 622 3219 per
671 3132 1023 3196 triennium
1083 3132 1398 3220 Pompeio
1448 3132 1732 3197 delatum
1784 3149 1907 3215 est,
1968 3152 2047 3199 ut
2097 3138 2298 3199 refert
2344 3136 2472 3200 Dio
2518 3136 2635 3201 lib.

501 3238 806 3301 XXXVI.
842 3237 1098 3319 Quibus
1142 3252 1356 3301 tamen
1391 3237 1645 3327 legibus
1680 3237 1841 3303 illud
1878 3262 2088 3304 unum
2133 3243 2485 3329 praestitere
2518 3240 2639 3304 tri-

500 3344 666 3407 buni
701 3343 786 3431 pl.
815 3360 890 3407 ut
927 3342 1288 3407 adimerent
1331 3346 1699 3409 facultatem
1732 3348 1986 3411 senatui
2024 3347 2319 3413 mittendi
2357 3348 2525 3410 intra
2556 3347 2641 3410 il-

499 3446 620 3513 lud
654 3464 912 3535 tempus
945 3450 1329 3512 successoris
1346 3497 1365 3530 ,
1402 3466 1479 3513 ut
1502 3466 1688 3518 notat
1714 3451 2013 3515 Calvinus
2042 3451 2125 3516 ad
2154 3453 2364 3542 legem
2389 3452 2639 3517 Trebo-

501 3554 713 3636 niam,
751 3571 816 3617 et
856 3553 1192 3617 manifeste
1236 3570 1413 3643 patet
1463 3578 1543 3619 ex
1598 3558 1891 3621 oratione
1944 3557 2025 3623 de
2072 3559 2443 3647 provinciis
2482 3558 2641 3622 Mox

505 3658 814 3737 objicitur
839 3660 1065 3723 Cicero
1081 3706 1100 3741 ‚
1123 3660 1236 3747 qui
1271 3660 1543 3748 saepeuin
1570 3662 1857 3749 epistolis
1882 3680 2024 3727 tum
2053 3664 2136 3730 ad
2160 3664 2467 3747 Atticum,
2494 3681 2639 3729 tum

504 3762 586 3827 ad
619 3761 938 3847 diversos,
997 3782 1062 3829 et
1104 3765 1226 3830 sibi
1281 3788 1567 3841 annuam
1600 3764 1815 3843 datam
1847 3770 2247 3856 provinciam
2288 3768 2481 3852 dicit,
2530 3774 2641 3835 cui

507 3890 701 3955 supra
733 3870 1155 3935 satisfecimus
1183 3870 1462 3959 quadam
1489 3894 1567 3935 ex
1593 3889 1803 3960 parte3
1824 3890 1891 3943 et
1924 3873 2280 3939 admodum
2308 3898 2377 3939 se
2410 3877 2645 3941 timere

510 3972 820 4055 affirmat,
855 3998 939 4037 ne
973 3992 1232 4041 senatus
1261 3976 1380 4041 sibi
1419 3978 1486 4039 in
1523 3978 1849 4075 provincia
1872 3998 2247 4071 prorogaret
2270 3982 2647 4070 imperium.
