2984 4684
793 370 908 442 IN
954 368 1420 453 VERREM,
1444 367 1758 439 ACTIO
1808 365 2160 439 PRIMA.
2408 365 2537 439 251

405 506 660 592 erepto
686 491 1016 596 praesidio
1036 546 1056 580 ,
1106 507 1191 565 ut
1233 491 1507 567 nullam
1552 488 1691 563 sihi
1734 514 1889 563 rem
1928 487 2356 587 adjumento
2394 488 2551 563 sore

406 605 902 678 arbitraretur.

502 722 628 789 IV.
665 718 953 789 Etenim
995 713 1200 813 quod
1224 727 1336 787 est
1361 714 1739 812 ingenium
1772 710 2108 785 tantum?
2153 738 2315 811 quae
2354 727 2555 785 tanta

402 822 704 899 facultas
743 824 1031 898 dicendi
1072 840 1146 898 et
1183 826 1430 924 copia,
1473 850 1638 923 quae
1668 825 1875 899 istius
1914 828 2173 913 vitam,
2218 840 2330 899 tot
2354 829 2557 901 *vitiis

404 935 836 1035 flagitiisque
853 936 1257 1009 convictam
1275 946 1328 1023 ¹,
1356 935 1508 1031 jam
1529 934 1815 1033 pridem
1834 934 2167 1007 omnium
2182 935 2555 1010 voluntate

395 1045 822 1144 judicioque
858 1046 1272 1141 damnatam
1288 1057 1346 1134 2,
1381 1045 1623 1144 aliqua
1660 1070 1751 1117 ex
1782 1058 1989 1143 parte
2034 1045 2260 1143 possit
2297 1043 2555 1119 defen-

405 1155 626 1232 dere?
667 1159 892 1255 Cujus
941 1146 1025 1229 nt
1067 1158 1573 1231 adolescentiae
1608 1155 1926 1229 maculas
1974 1156 2555 1255 ignominiasque

405 1284 871 1367 praeteream3
906 1282 1309 1369 quaestura,
1359 1272 1643 1367 primus
1680 1265 1947 1363 gradus
1992 1264 2294 1339 honoris
2314 1322 2335 1356 ‚
2375 1267 2556 1366 quid

404 1377 600 1451 aliud
649 1378 874 1452 habet
921 1382 1001 1451 in
1047 1404 1160 1469 se,
1213 1380 1352 1451 nisi
1399 1381 1534 1449 Cn.
1580 1374 2041 1449 Carbonem³
2082 1377 2471 1474 spoliatum
2514 1406 2557 1451 a

404 1502 764 1585 quaestore
785 1514 918 1561 suo
943 1491 1253 1588 pecunia
1269 1488 1606 1588 publica?
1636 1486 1996 1559 nudatum
2018 1489 2049 1538 4
2075 1501 2149 1559 et
2178 1488 2557 1586 proditum
2622 1514 2627 1519 ’

404 1599 820 1671 consulem?
842 1599 1213 1673 desertum
1239 1598 1681 1673 exercitum?
1704 1597 2030 1670 relictam
2059 1600 2505 1697 provinciam
2528 1602 2559 1671 i>

299 1719 305 1725 '
405 1706 660 1783 sortis⁵
685 1711 1298 1783 necessitudinem
1325 1710 1900 1807 religionemque
1918 1709 2300 1781 violatam?
2348 1710 2555 1805 cujus

404 1818 1182 1917 legatio⁶exitiumfuit
1211 1824 1390 1893 Asiae
1420 1821 1646 1893 totius
1676 1834 1749 1891 et
1765 1819 2247 1918 Pamphyliae:
2279 1821 2553 1919 quibus

403 1934 483 2003 in
512 1932 898 2029 provinciis
949 1933 1212 2005 multas
1261 1931 1555 2020 domos,
1596 1930 1940 2030 plurimas
1977 1931 2262 2021 urbes⁷‚
2306 1934 2557 2004 omnia

404 2040 570 2113 fana
596 2041 1066 2140 depeculatus
1093 2056 1233 2131 est,
1262 2067 1494 2141 quum
1524 2045 1600 2111 in
1628 2044 1761 2112 Cn.
1793 2040 2249 2113 Dolabellam
2275 2037 2555 2113 scelus⁸

404 2178 618 2225 suum
648 2152 824 2226 illud
851 2156 1242 2251 pristinum
1279 2154 1653 2225 renovavit
1683 2166 1757 2225 et
1792 2153 2217 2224 instauravit
2250 2168 2557 2249 quaesto-

403 2269 598 2337 rium
624 2292 644 2353 ;
681 2290 913 2363 quum
942 2290 1144 2351 eum,
1177 2265 1296 2337 cui
1328 2263 1605 2360 legatus
1637 2276 1709 2335 et
1734 2287 1869 2361 pro
1894 2276 2249 2360 quaestore
2273 2260 2557 2353 fuisset,

406 2390 482 2447 et
515 2376 595 2449 in
630 2376 974 2449 invidiam
1017 2378 1162 2451 suis
1197 2372 1567 2447 maleficiis
1603 2374 1945 2461 adduxit,
1988 2388 2063 2445 et
2094 2378 2181 2445 ,in
2213 2376 2387 2472 ipsis
2424 2400 2556 2473 pe-

404 2485 648 2557 riculis
679 2510 833 2557 non
872 2486 1112 2559 solum
1145 2484 1466 2559 deseruit
1487 2540 1507 2575 ‚
1546 2483 1673 2557 sed
1710 2485 1929 2555 etiam
1972 2486 2429 2583 oppugnavit
2464 2510 2549 2558 ac

403 2680 748 2743 rejiciebatur:
767 2684 946 2730 Verres
968 2682 1182 2748 optimos
1212 2696 1435 2747 quosque

405 2762 658 2822 rejecerat,
681 2777 809 2825 quos
837 2762 980 2810 nullo
1006 2762 1159 2811 modo
1186 2762 1437 2826 corrumpi

407 2856 552 2906 posse
615 2840 960 2891 arbitrabatur.
1001 2842 1134 2891 'Vide
1185 2842 1316 2893 insta
1373 2840 1438 2891 ad

407 2935 517 2983 cap.
545 2922 578 2969 6
594 2954 610 2980 ‚
646 2930 752 2968 not.
777 2938 824 2982 7.

478 3000 570 3048 Π.
597 3016 644 3049 1.
679 2999 978 3048 Convictam.
1013 3002 1140 3064 Qum
1164 3010 1240 3048 tot
1265 3016 1444 3048 monu-

408 3080 586 3127 menfis
607 3078 841 3128 vitiorum
871 3090 924 3128 et
957 3078 1156 3129 indiciis
1189 3082 1442 3129 convinci-

408 3168 509 3209 tur.
537 3161 734 3210 Gradus
763 3171 838 3209 est
861 3160 928 3208 ad
960 3161 1274 3221 damnatam,
1304 3162 1442 3226 qnod

409 3241 646 3303 sequitur.
685 3246 878 3289 Frustra
920 3252 1084 3290 antem
1121 3242 1348 3291 Lambin.
1379 3258 1444 3289 ex

409 3320 559 3378 MSS,
576 3320 663 3383 qni
689 3320 1004 3385 conjunctam
1027 3320 1292 3384 habebant,
1319 3337 1443 3370 eon·

406 3398 526 3459 jusit
549 3398 940 3464 coinquinatam.

483 3493 536 3527 a.
573 3480 894 3527 Damnatam.
932 3482 1093 3544 Quam
1133 3494 1304 3527 omnes
1341 3477 1441 3543 jam

411 3555 688 3606 damnatam
704 3558 904 3619 vellent,
925 3568 976 3607 et
995 3558 1321 3607 damnandam
1337 3576 1444 3609 esse

405 3635 646 3697 judicant.

482 3716 533 3764 3.
585 3718 676 3767 Cn.
721 3717 1011 3767 Carbonem.
1053 3715 1236 3765 Eadem
1285 3716 1443 3766 fusius

413 3807 676 3844 narrantur
701 3796 792 3846 inf.
816 3812 925 3860 cap.
955 3798 1035 3845 13.

483 3880 535 3929 4.
555 3872 827 3924 Nudatum.
857 3875 1182 3923 Vehementer
1215 3892 1318 3925 rem
1351 3876 1442 3925 ite·

412 3954 568 4002 tando
597 3966 742 4019 auget
777 3968 963 4016 orator,
993 3956 1134 4021 quasi
1161 3972 1333 4020 parum
1357 3972 1442 4005 an-

413 4042 491 4080 tea
539 4033 711 4083 fuisset
753 4034 955 4085 dictum.
1001 4040 1142 4086 Hanc
1184 4036 1444 4102 periodum

411 4110 581 4162 laudat
613 4114 902 4180 Diomedes,
935 4116 1055 4166 edit.
1075 4116 1280 4167 rut-eh.
1304 4115 1404 4174 463
1425 4150 1440 4177 ,

1524 2696 1669 2745 «quae
1708 2679 2069 2744 compositione
2109 2679 2235 2728 adeo
2278 2682 2557 2743 decoratur,

1524 2771 1613 2824 ut,
1640 2760 1681 2808 si
1708 2760 1829 2824 quid
1855 2759 2047 2808 solvere
2076 2770 2125 2808 et
2151 2774 2448 2810 commutare
2466 2780 2559 2812 vo·

1526 2842 1691 2899 lucris,
1710 2851 1877 2907 pereat
1903 2840 2063 2888 omnis
2092 2857 2255 2889 rernm
2282 2852 2429 2908 atque
2448 2860 2560 2892 ver-

1528 2920 1706 2970 borum
1747 2930 1795 2968 et
1840 2920 2049 2983 dignitas
2091 2932 2237 2986 atque
2270 2936 2489 2987 potestas
2515 2948 2561 2974 n.

1530 3002 1757 3051 Ceterum
1772 3000 1857 3048 ille
1882 3000 2030 3048 verba
2060 3001 2283 3065 qnaedam
2310 3004 2427 3054 loco
2450 3022 2558 3053 mn-

1530 3092 1625 3140 tat,
1656 3097 1835 3145 nempe
1859 3080 1997 3145 quod
2020 3096 2047 3127 e
2065 3084 2297 3131 memoria
2314 3086 2556 3135 recitaret.

1603 3162 1654 3211 5.
1676 3161 1847 3211 Sertis.
1867 3161 1997 3211 Vide
2014 3163 2179 3211 Divin.
2202 3178 2311 3228 cap.
2333 3179 2415 3227 ¹9·

1600 3241 1651 3289 6.
1678 3242 1903 3307 Legatio.
1917 3245 2036 3291 Post
2054 3254 2349 3307 quaesturam
2372 3244 2562 3308 legatus

1530 3321 1625 3369 fuit
1669 3324 1847 3371 Verres
1909 3322 2183 3371 Dolabellae
2198 3357 2213 3382 ,
2268 3324 2350 3371 eni
2390 3324 2563 3373 Cilicia

1531 3400 1786 3466 provincia
1826 3404 2094 3451 constituta
2138 3403 2312 3452 fuerat.
2334 3406 2475 3454 Verr.
2505 3406 2531 3452 1
2544 3439 2561 3464 ‚

1532 3496 1646 3545 cap.
1674 3496 1754 3543 17.

1607 3576 1654 3622 7.
1704 3560 1931 3610 Lambin.
1974 3560 2112 3608 malit
2158 3584 2185 3603 a
2204 3561 2437 3626 plurimas
2474 3562 2565 3612 do-

1532 3655 1667 3697 mos,
1710 3639 1888 3688 multas
1934 3640 2080 3687 nrbes
2099 3662 2142 3687 a.
2186 3641 2337 3704 Quod
2383 3642 2565 3707 probat

1533 3720 1783 3778 Graevius,
1804 3720 1849 3766 si
1870 3718 1983 3766 libri
2010 3720 2390 3770 subscriberent.

1606 3799 1655 3846 8.
1675 3798 1838 3847 Scelus
1854 3794 2015 3848 muni.
2036 3799 2107 3847 Ut
2124 3800 2254 3847 enim
2272 3801 2364 3850 Cn.
2380 3801 2565 3851 Carbo-

1530 3894 1645 3927 nem
1663 3912 1678 3938 ,
1716 3878 1835 3925 dnm
1863 3885 2081 3951 quator
2106 3879 2209 3944 ejus
2246 3892 2370 3929 esset
2386 3916 2400 3941 ‚
2444 3897 2565 3947 spo·

1528 3958 1703 4018 liavit;
1740 3958 1813 4006 sic
1847 3958 2152 4007 Dolabellam
2187 3961 2377 4009 insidiis
2405 3978 2566 4026 oppu-

1533 4038 1701 4101 gnavit
1727 4047 1777 4087 et
1800 4050 2077 4089 accusatum
2099 4038 2341 4106 prodidit.
2355 4043 2501 4089 Verr.
2524 4043 2571 4102 1,

1541 4118 1625 4179 15,
1649 4118 1733 4166 38.
