2984 4684
741 371 848 440 ΙΝ
895 368 1325 439 VERREM
1377 369 1600 438 Ac'r.
1653 370 1767 453 11,
1815 368 2000 437 Lm.
2049 368 2104 436 1.
2356 364 2486 453 341

350 492 497 564 sios
524 514 783 563 navem
802 490 1135 588 poposcit
1150 541 1171 576 ‚
1188 511 1351 586 quae
1375 511 1546 559 eum
1564 485 1876 585 praesidii
1901 512 2114 561 causa
2139 489 2494 587 Myndum

348 612 939 701 prosequeretur.
987 597 1099 669 Illi
1137 598 1377 670 statim
1418 621 1946 696 myoparonem
1987 602 2358 699 egregium
2404 602 2494 672 de

348 736 479 783 sua
534 712 755 783 classe
781 764 802 798 ‚
860 722 1201 781 ornatum
1242 722 1460 806 atque
1506 723 1863 801 armatum
1909 707 2290 781 dederunt.
2336 716 2492 783 Hoc

345 820 681 920 praesidio
722 818 1078 918 Myndum
1120 817 1493 917 profectus
1531 834 1660 892 est.
1719 820 1938 907 Nam,
1975 818 2156 917 quid
2199 820 2494 893 Milesiis

343 930 527 1003 lanae
544 930 885 1030 publicae¹
918 929 1322 1017 abstulerit,
1340 932 1518 1002 item
1537 928 1626 1001 de
1653 944 1952 1029 sumptu
1978 932 2056 1001 in
2073 929 2492 1019 adventum,

345 1040 440 1113 de
482 1040 941 1114 contumeliis
982 1056 1059 1113 et
1110 1041 1397 1137 injuriis
1436 1045 1517 1111 in
1552 1044 2050 1141 magistratum
2084 1030 2446 1115 Milesium
2471 1099 2491 1131 ,

346 1155 631 1225 tametsi
671 1150 813 1223 dici
867 1163 1030 1222 tum
1077 1174 1247 1223 vere
1267 1205 1286 1238 ,
1341 1164 1502 1222 tum
1550 1155 1861 1249 graviter
1901 1167 1975 1225 et
2019 1151 2494 1225 vehementer

342 1277 606 1363 potest,
626 1278 870 1335 tamen
894 1261 1133 1334 dicere
1158 1266 1699 1361 praetermittam
1717 1316 1738 1352 ‚
1767 1286 1997 1361 eaque
2021 1264 2270 1334 omnia
2295 1267 2492 1335 testi-

340 1370 485 1445 bus
524 1374 802 1470 integra
836 1371 1225 1444 reservabo
1254 1400 1270 1443 :
1305 1372 1487 1444 illud
1506 1428 1527 1463 ,
1559 1372 1764 1471 quod
1801 1398 2045 1472 neque
2080 1377 2301 1446 taceri
2337 1374 2490 1449 ullo

341 1483 601 1575 mode,
640 1506 887 1582 neque
921 1482 1067 1556 dici
1105 1507 1242 1582 pro
1278 1482 1676 1582 dignitate²
1723 1498 2003 1581 potest,
2039 1488 2482 1584 cognoscite.

340 1596 605 1667 Milites
658 1597 1119 1693 remigesque
1152 1594 1486 1667 Miletum
1527 1594 1806 1693 Myndo
1859 1592 2172 1694 pedibus
2225 1600 2488 1667 reverti

334 1704 592 1801 jubet:
644 1690 799 1802 ipse
846 1728 1367 1803 myoparonem
1428 1705 2038 1805 pulcherrimum,
2089 1705 2182 1778 de
2231 1705 2484 1778 decem

339 1815 795 1889 Milesiorum
825 1810 1166 1888 navibus³
1212 1814 1526 1888 electum
1549 1868 1570 1904 ,
1604 1819 1681 1887 L.
1715 1816 1956 1913 Magio
1997 1828 2072 1887 et
2097 1818 2179 1885 L.
2211 1814 2440 1887 Rabio
2466 1872 2487 1903 ‚

340 1929 469 2025 qui
518 1926 813 2025 Myndi4
862 1924 1287 1999 habitabant
1306 1983 1326 2017 ‚
1364 1924 1714 1998 vendidit.
1764 1929 1854 1997 Hi
1895 1939 2068 1997 sunt
2103 1924 2440 1997 homines
2462 1982 2483 2016 ‚

339 2062 529 2136 quos
576 2061 820 2135 nuper
872 2051 1165 2111 senatus
1218 2042 1299 2109 in
1352 2037 1680 2109 hostium
1739 2061 2048 2109 numero
2103 2036 2484 2109 habendos

340 2150 661 2238 censuit3
724 2145 867 2219 hoc
926 2148 1029 2220 illi
1084 2151 1371 2247 navigio
1431 2148 1525 2220 ad
1571 2174 1827 2221 omnes
1883 2147 2140 2247 populi
2199 2152 2484 2220 romani

338 2257 618 2347 hosteS‚
662 2280 896 2355 usque
933 2258 1023 2331 ab
1073 2262 1369 2349 Diani0‚
1408 2258 1616 2357 quod
1651 2262 1728 2331 in
1767 2255 2156 2358 Hispania⁵
2201 2272 2312 2332 est
2334 2313 2355 2348 ‚
2389 2258 2482 2331 ad

336 2371 654 2468 Sinopen
680 2422 701 2457 ‚
738 2392 902 2466 quae
937 2369 1015 2439 in
1049 2374 1285 2441 Ponto
1322 2382 1467 2457 est,
1513 2371 2056 2466 navigaverunt.
2097 2374 2162 2441 Ο
2204 2367 2306 2439 dii
2343 2374 2480 2439 im-

334 2476 704 2553 mortales!
744 2477 1247 2551 incredibilem
1284 2480 1652 2551 avaritiam
1673 2532 1694 2567 ‚
1731 2476 2316 2576 singularemque
2357 2502 2482 2549 au-

336 2587 655 2663 daciam!
710 2592 987 2661 Navem
1026 2603 1113 2659 tu
1167 2586 1261 2659 de
1315 2586 1540 2661 classe
1587 2586 1850 2685 populi
1891 2590 2217 2676 romani,
2256 2611 2478 2683 quam

336 2698 469 2772 tibi
517 2699 791 2773 Milesia
844 2700 1092 2769 civitas
1111 2752 1132 2788 ‚
1199 2712 1285 2769 ut
1336 2712 1406 2769 te
1466 2711 2064 2797 prosequeretur,
2122 2696 2440 2769 dedisset
2461 2752 2481 2785 ‚

333 2834 554 2882 ausus
608 2833 685 2883 es
730 2806 1103 2883 vendere?
1147 2808 1221 2880 Si
1260 2822 1335 2883 te
1373 2805 1800 2905 magnitudo
1853 2804 2227 2897 maleficii,
2291 2809 2352 2879 si
2405 2822 2477 2879 te

398 3076 643 3125 xxm.
676 3090 723 3123 x.
750 3076 904 3124 Lanae
912 3072 1143 3140 publicae.
1168 3072 1353 3123 Milesia

330 3154 503 3205 civim
536 3155 764 3221 publicos
810 3155 865 3204 in
908 3155 1101 3220 pascuis
1144 3153 1357 3207 habebnt

330 3235 499 3287 ovium
520 3250 715 3300 greges,
754 3251 819 3283 ex
842 3250 1055 3300 quorum
1076 3234 1190 3283 hm
1209 3233 1355 3283 vecti·

1451 3109 1465 3125 .
1482 3108 1498 3121 .
1513 3105 1526 3120 .
1538 3088 1674 3145 uuam
1693 3072 1876 3135 cuique
1892 3070 2114 3120 tribuens
2134 3068 2416 3133 dignitatem
2433 3090 2478 3116 ιι.

1514 3153 1563 3201 3.
1593 3154 1668 3199 De
1693 3150 1860 3199 decem
1885 3148 2104 3199 navibus.
2135 3150 2270 3211 Quae
2291 3146 2474 3195 Milesii

1439 3248 1506 3283 cx
1522 3230 1705 3281 i'oedere
1720 3228 1956 3287 Romania
1979 3226 2279 3294 prabebant.

330 3314 457 3379 galia
474 3313 700 3377 augebat.
711 3314 841 3364 nine
853 3326 969 3365 sunt
978 3315 1105 3363 lana
1122 3314 1353 3379 publica.

329 3398 477 3443 Lnnae
494 3392 701 3441 Milesia
723 3393 902 3457 panim
931 3393 1065 3458 apud
1089 3394 1355 3459 scriptores

328 3482 515 3522 veteres
538 3470 863 3532 celebrentur,
895 3483 954 3523 nt
975 3473 1349 3537 pretiosissima.

326 3552 469 3617 vitg.
490 3552 669 3615 Georg.
686 3552 785 3609 111,
806 3551 929 3611 3063
955 3554 1051 3615 IV,
1085 3546 1203 3609 134.
1220 3552 1347 3601 Pnn.

327 3633 482 3691 vm,
508 3632 592 3693 73.

401 3728 451 3761 a.
478 3714 577 3761 Pru
601 3708 852 3775 dignitate.
884 3710 958 3758 Ut
990 3708 1137 3773 dign·
1160 3722 1238 3757 res
1259 3718 1350 3757 est.

324 3790 499 3841 Mallet
538 3790 765 3842 Gravius
810 3786 1103 3854 indignitate
1118 3820 1135 3843 ‚
1186 3798 1235 3835 et
1279 3788 1350 3837 sic

324 3870 476 3921 habet
489 3868 686 3921 schiitz.
702 3872 914 3918 Frustra.
924 3868 1051 3917 Nam
1069 3866 1283 3931 dignius
1298 3868 1351 3915 in

326 3960 583 4016 utramque
608 3961 798 4017 partem
824 3948 1063 4014 accipitur
1076 3980 1093 4005 ,
1116 3956 1173 3994 nt
1198 3960 1353 4011 grace

327 4045 432 4079 vox
448 4025 662 4091 ἀξίωσις,
694 4025 903 4097 ἀξίωμα..
937 4027 1045 4079 Cic.
1074 4024 1138 4074 de
1160 4028 1352 4075 Invent.

328 4110 411 4169 11,
442 4111 577 4160 160:
620 4132 645 4153 οι
665 4109 865 4159 ,Iustitia
890 4117 963 4157 est
984 4104 1179 4155 babitus
1205 4103 1355 4153 animi

1511 3320 1567 3368 4.
1604 3309 1794 3375 Myndi.
1831 3311 1891 3357 In
1922 3308 2114 3357 ditione
2149 3304 2468 3356 Mithridatis.

1439 3391 1635 3455 Magius
1656 3392 1786 3439 enim
1805 3399 1855 3437 et
1871 3388 2111 3448 Phanias,
2132 3402 2218 3436 sen
2239 3385 2470 3443 Fannius,

1438 3469 1506 3519 el.
1524 3470 1754 3519 Rabirius
1767 3502 1782 3529 ,
1810 3468 1874 3517 acl
1893 3467 2238 3518 Mithridatem
2259 3464 2470 3514 transfu-

1436 3559 1633 3614 gerant,
1659 3550 1809 3598 Ponti
1825 3564 1986 3613 regem
2002 3581 2017 3608 ,
2052 3547 2140 3611 qni
2165 3561 2251 3593 eos
2276 3544 2340 3592 ad
2365 3544 2469 3592 Ser-

1436 3628 1622 3677 torium
1646 3628 1700 3675 in
1725 3627 2012 3692 Hispaniam
2037 3626 2232 3673 miserat
2247 3660 2263 3686 ‚
2295 3623 2356 3672 de
2379 3638 2469 3688 pe·

1438 3706 1664 3755 ciscenda
1691 3706 1808 3755 belli
1833 3706 2064 3754 societate
2100 3702 2332 3752 adversm
2363 3705 2472 3752 Ro·

1437 3802 1625 3835 manos.

1513 3866 1562 3915 5.
1590 3860 1770 3913 Schfitz
1804 3862 2022 3912 exsulare
2051 3862 2170 3909 hinc
2195 3861 2338 3923 jubet
2357 3862 2468 3911 Hie-

1430 3944 1647 4011 paniam
1671 3954 1721 3991 et
1747 3945 1974 3991 Pontum,
1991 3940 2142 4007 guale-
2167 3944 2218 3990 J.
2231 3942 2298 3987 V.
2319 3943 2379 3991 1..
2395 3968 2466 3979 —·-

1440 4024 1606 4072 Verba
1632 4023 1764 4071 enim
1788 4020 1895 4069 bec
1916 4020 2141 4069 locorum
2161 4019 2466 4075 intervallum

1442 4104 1596 4169 magis
1619 4102 1980 4161 demonstrant,
2007 4110 2058 4150 et
2079 4098 2396 4167 amplificant.
