2984 4684
769 333 900 400 DE
948 333 1417 402 JUDICIIS
1469 334 1984 404 PUBLICIS.
2301 336 2428 435 591
2496 377 2502 384 ·

728 488 835 550 lv.
893 486 1173 572 Quoestc'o
1197 503 1499 574 perpetua
1533 481 2032 576 repetundarum.

396 645 822 733 Repetundae,
844 665 914 710 et
940 650 1307 736 peculatuS,
1341 667 1416 712 ut
1440 673 1517 713 ex
1551 637 1780 714 eodem
1811 637 2167 714 nascuntur
2197 652 2438 718 affectu

306 750 705 839 cupiditatis,
755 754 847 816 sic
891 755 1263 840 promiscue
1296 754 1690 846 quandoque
1734 755 1910 846 apud
1951 757 2294 846 scriptores
2330 782 2440 823 su—

305 874 599 921 muntur.
640 859 885 922 Verum
932 875 1007 922 ut
1053 858 1183 922 hoc
1227 860 1473 924 crimen
1517 859 1600 924 ad
1628 883 1729 924 res
1765 861 1988 952 populi
2020 864 2315 946 romani3
2352 865 2439 929 ita

304 960 467 1025 illud
494 962 577 1027 ad
614 969 714 1028 res
748 965 1075 1029 sociorum
1110 982 1175 1029 et
1208 966 1702 1054 provincialium
1731 981 1978 1054 ereptas
2011 968 2307 1054 pertinet.

336 1111 341 1116 -
393 1067 659 1132 Devicta
690 1070 904 1151 Italia,
939 1070 1183 1134 bellum
1226 1072 1457 1136 exteris
1488 1072 1863 1135 nationibus
1890 1073 2164 1136 Romani
2201 1074 2438 1139 intule-

302 1191 500 1256 runt,
557 1191 621 1238 et
674 1198 833 1262 quas
876 1177 1173 1266 regiones
1210 1177 1333 1240 sub
1370 1177 1718 1266 imperium
1762 1199 1956 1242 suum
1993 1178 2440 1268 ditionemque

301 1280 784 1361 subjunxerunt
803 1330 821 1363 ,
850 1305 954 1347 eas
986 1283 1054 1346 in
1086 1283 1434 1372 provinciae
1466 1290 1752 1350 'romana
1795 1285 2070 1348 formam
2115 1284 2398 1351 redactas
2417 1337 2436 1369 ,

300 1411 421 1474 per
458 1390 867 1478 magistratus
900 1414 1155 1455 annuos
1188 1390 1813 1456 administraverunt.
1865 1393 1954 1456 Ut
1984 1410 2202 1456 autem
2243 1418 2438 1460 nemo

300 1494 491 1558 sociis
527 1495 596 1557 in
636 1496 763 1559 ulla
796 1519 867 1560 re
902 1497 1124 1577 oneri,
1174 1513 1288 1560 aut
1335 1485 1629 1586 sumptui
1677 1513 1882 1578 esset,
1930 1499 2335 1586 magistratus
2369 1501 2437 1564 in

300 1600 701 1686 provinciam
754 1602 946 1682 ituri,
994 1633 1021 1658 «ι
1050 1602 1277 1683 mulis,
1326 1602 1916 1691 tabernaculisque,
1969 1619 2034 1666 et
2082 1605 2264 1668 omni
2314 1606 2440 1670 alio

299 1705 742 1772 instrumento
793 1708 1051 1772 militari
1093 1709 1518 1789 ornabantur,
1561 1731 1644 1771 ne
1683 1707 1846 1796 quid
1889 1709 2012 1772 tale
2047 1709 2440 1798 imperarent

300 1814 494 1877 sociis
508 1845 551 1877 n.
576 1814 713 1878 Liv.
746 1815 959 1897 XLII,
1000 1838 1055 1880 1.
1087 1817 1479 1904 Argentum,
1511 1815 1742 1896 vestis,
1775 1830 1841 1878 et
1868 1832 2080 1879 cetera
2114 1815 2436 1902 ejusmodi

300 1941 448 2008 quae
479 1942 636 1984 usus
675 1921 1083 2007 provincialis
1114 1921 1423 2010 requirit,
1457 1905 1782 1985 dabantur
1812 1919 1892 1986 de
1933 1921 2218 2010 publicO.
2245 1923 2442 1987 Deni-

300 2046 431 2110 que
462 2023 625 2088 nihil
660 2047 796 2089 non
813 2027 1179 2114 praevisum,
1204 2044 1400 2115 atque
1420 2039 1817 2114 praecautum
1837 2027 2024 2092 initio
2041 2029 2194 2111 fuit,
2215 2046 2440 2094 contra

299 2131 627 2195 avaritiam
646 2180 663 2212 ,
682 2147 1027 2220 antequam
1050 2133 1300 2220 peccari
1323 2150 1611 2222 coeptum
1641 2149 1838 2208 esset,
1869 2156 2076 2221 quum
2111 2135 2434 2200 nihildum

300 2237 495 2300 etiam
542 2237 949 2328 istiusmodi,
1001 2260 1119 2325 pro
1160 2261 1417 2301 summa
1458 2238 1564 2302 illa
1609 2253 1976 2327 temporum
2022 2240 2436 2324 innocentia,

304 2341 577 2422 majores
610 2343 815 2406 nostri
843 2343 1348 2430 suspicarentur,
1382 2343 1596 2431 inquit
1619 2345 1752 2408 Cic.
1774 2345 1842 2408 in
1857 2344 2041 2409 Verr.
2068 2347 2180 2426 IV,
2208 2370 2344 2434 cap.
2373 2347 2433 2412 5.

363 2447 593 2534 -Leges
621 2446 742 2510 illae
763 2493 782 2525 ,
808 2463 1003 2532 atque
1038 2446 1337 2510 instituta
1367 2446 1734 2512 officiorum
1756 2497 1774 2530 ,
1803 2466 2184 2514 manserunt
2218 2474 2442 2538 quam-

302 2551 421 2616 diu
444 2551 807 2640 respublica
828 2552 1220 2616 innocentiae
1253 2551 1445 2616 laude
1477 2551 1716 2616 floruit.
1738 2551 1982 2618 Verum
2012 2553 2126 2616 ubi
2151 2555 2438 2642 primum

300 2657 536 2722 invasit
566 2659 816 2722 animos
854 2657 1134 2722 habendi
1173 2658 1540 2748 cupiditasg,
1587 2681 1799 2746 neque
1832 2659 2284 2750 institutorum
2319 2685 2438 2726 au-

302 2765 604 2844 ctoritas,
657 2787 871 2852 neque
915 2765 1237 2845 majorum
1277 2764 1690 2846 reverentia,
1733 2786 1949 2851 neque
1992 2763 2174 2828 tacita
2210 2769 2438 2856 populi

303 2870 689 2934 existimatio
729 2870 1139 2958 iniquitatem
1189 2892 1489 2936 coercere
1534 2887 1909 2960 potuerunt.
1948 2870 2436 2938 Provinciamm

302 2991 616 3058 rectores,
652 2975 777 3064 ipsi
807 2975 898 3040 illi
932 2976 1001 3039 in
1046 2998 1333 3065 quorum
1368 2973 1498 3040 fide
1518 3022 1538 3056 ,
1591 2975 1992 3058 innocentia,
2036 2976 2436 3066 integritate,

302 3083 461 3146 socii
500 3070 861 3148 debuerant
894 3083 1305 3172 acquiescere
1324 3131 1341 3165 ‚
1390 3082 1473 3147 ad
1507 3083 1842 3147 latrocinia
1879 3105 2018 3148 sese
2053 3082 2237 3146 avide
2273 3107 2433 3148 con—

303 3203 673 3264 verterunt,
737 3206 802 3253 et
851 3189 1226 3254 commissas
1272 3188 1394 3252 sibi
1447 3188 1808 3276 provincias
1839 3189 2126 3276 primum
2171 3189 2435 3277 quidem

304 3291 615 3373 obscure;
648 3315 801 3357 mox
831 3315 985 3356 vero
1022 3315 1138 3382 per
1171 3309 1556 3380 potestatem
1590 3310 1810 3381 aperte
1845 3293 2305 3381 spoliaverunt.

392 3401 609 3463 Crevit
628 3398 857 3463 exinde
879 3399 1303 3463 nihilominus
1337 3400 1641 3486 iniquitas
1667 3423 1682 3464 ε
1711 3397 1924 3463 donec
1946 3399 2210 3466 tandem
2231 3425 2439 3490 quum

304 3505 475 3568 ultra
494 3505 627 3585 jam
658 3505 915 3570 tolerari
942 3527 1079 3569 non
1105 3521 1321 3592 posset
1341 3554 1359 3587 ,
1380 3507 1451 3568 L.
1475 3506 1865 3596 Calpurnius
1898 3506 2066 3588 Piso,
2089 3506 2204 3595 qui
2239 3507 2442 3596 Frugi

304 3611 555 3698 primus
600 3610 811 3676 dictus
866 3626 997 3690 est,
1030 3611 1332 3676 tribunus
1374 3610 1582 3700 plebis
1631 3634 1804 3674 anno
1851 3611 2015 3694 604,
2070 3612 2338 3676 Manilio
2377 3629 2441 3676 et

305 3715 663 3781 Censorino
692 3739 858 3781 coss.
879 3717 1152 3799 exstitit,
1176 3717 1289 3804 qui
1320 3717 1532 3804 legem
1559 3717 1974 3806 Calpurniam
2001 3720 2200 3782 ferret
2227 3716 2308 3781 de
2330 3740 2443 3806 pe-

306 3821 515 3884 cuniis
539 3821 939 3910 repetundis,
964 3822 1139 3886 nulla
1164 3846 1372 3910 quum
1396 3840 1584 3888 antea
1603 3824 1853 3904 fuisset,
1883 3823 1965 3887 de
1988 3823 2118 3890 Off.
2136 3824 2200 3887 II
2219 3873 2236 3900 ‚
2265 3847 2318 3886 c.
2340 3846 2444 3888 21.

308 3925 519 3992 Verba
545 3929 701 4018 legis
730 3945 887 3991 sunt
913 3977 930 4009 ,
972 3960 999 3984 «ι
1028 3929 1197 3993 Utei.
1240 3927 1503 4016 quibuS.
1547 3928 1633 3994 in.
1676 3930 2075 4018 provincieis.
2116 3930 2450 4018 magistra-

312 4047 434 4096 tus.
460 4031 708 4120 populi.
739 4055 904 4096 rom.
925 4055 1255 4098 eorumve.
1290 4032 1582 4097 comites,
1621 4050 1864 4098 contra.
1893 4033 2084 4122 leges,
2119 4037 2447 4121 pecunias.
