2984 4684
685 375 801 445 IN
851 375 1308 444 VERREM
1357 375 1579 444 ACT.
1620 375 1739 457 11,
1793 373 1979 439 LIB.
2020 375 2121 440 11.
2334 368 2475 465 475

329 518 484 584 rOS,
517 493 1122 583 matresfamilias,
1157 495 1352 568 bona
1372 550 1393 585 ‚
1427 495 1911 590 fortunasque
1940 517 2195 565 omnes
2230 491 2476 566 fuisse.

329 608 401 676 Is
432 607 676 701 igitur,
705 621 788 678 ut
814 604 1016 694 dien,
1035 605 1526 680 Timarchides
1560 608 1637 676 in
1682 629 1939 676 omnes
1972 605 2331 689 civitates,
2366 627 2479 676 ac-

329 730 547 814 cepto
575 719 844 814 pretio,
879 741 1216 792 censores
1251 718 1525 793 dimisit
1555 746 1571 789 :
1609 715 1939 803 comitia,
1968 717 2105 788 isto
2135 730 2442 814 praetore
2460 769 2480 800 ‚

329 849 752 914 censorum,
777 853 874 898 ne
911 827 1298 900 simulandi
1334 827 1637 926 quidem
1684 849 1941 911 causa,
1966 821 2283 898 fuerunt.

425 939 574 1008 LV.
597 943 756 1008 Jam
785 938 928 1010 hoc
966 938 1596 1038 impudentissime
1628 967 1644 1008 :
1686 936 1927 1036 palam
1958 935 1985 1020 (
1990 936 2251 1010 licebat
2287 941 2483 1008 enim

329 1047 664 1122 videlicet
700 1048 1008 1148 legibus)
1038 1052 1340 1150 singulis
1367 1049 1796 1124 censoribus
1832 1046 2107 1120 denarii
2125 1059 2145 1092 ¹
2181 1052 2481 1118 trecenti

331 1157 423 1229 ad
477 1174 787 1231 statuam
841 1165 1168 1259 praetoris
1229 1163 1563 1258 imperati
1616 1173 1811 1232 sunt.
1872 1163 2231 1230 Censores
2296 1181 2485 1228 cxxx

332 1263 501 1338 facti
528 1283 746 1341 sunt:
783 1275 1170 1368 pecuniam
1195 1272 1440 1344 illam²
1471 1270 1571 1343 ob
1604 1293 1985 1342 censuram
2016 1282 2270 1341 contra
2296 1268 2487 1365 leges

331 1380 517 1452 clam
576 1380 972 1470 dederunt;
1019 1383 1176 1458 haec
1226 1383 1609 1456 denarium
1674 1409 1895 1454 xxxix
1958 1381 2183 1454 millia
2246 1380 2483 1480 palam

332 1492 540 1564 salvis
589 1493 869 1591 legibus
917 1497 1389 1568 contulerunt
1435 1498 1513 1568 in
1577 1508 1913 1568 statuam.
1958 1494 2283 1566 Primum
2329 1516 2483 1589 quo

334 1615 608 1673 tantam
659 1606 1092 1702 pecuniam?
1148 1606 1436 1678 Deinde
1482 1603 1967 1704 quamobrem
2011 1628 2349 1675 censores
2394 1601 2485 1674 ad

333 1727 647 1786 statuam
679 1713 818 1786 tibi
849 1714 1362 1789 conferebant?
1386 1715 1589 1789 Ordo
1617 1710 1921 1813 aliquis³
1960 1737 2349 1786 censorum
2378 1727 2489 1784 est

333 1823 770 1922 collegium?
810 1851 1040 1924 genus
1093 1827 1394 1926 aliquod
1441 1826 1876 1900 homiuum?
1930 1849 2099 1898 nam
2158 1838 2285 1896 aut
2345 1849 2483 1923 pu·

330 1933 516 2007 blice
557 1938 878 2010 civitates
919 1941 1096 2012 istos
1150 1941 1469 2012 honores
1532 1937 1845 2028 habent3
1896 1951 2025 2010 aut
2081 1937 2481 2032 generatim

335 2043 700 2134 homines,
733 2062 818 2118 ut
851 2063 1207 2138 aratores,
1242 2065 1328 2122 ut
1365 2065 1805 2122 mercatores
1828 2103 1847 2136 ‚
1898 2061 1983 2120 ut
2038 2046 2481 2118 navicularii.

335 2159 690 2228 Censores
726 2159 1024 2255 quidem
1051 2164 1182 2259 qui
1217 2163 1444 2260 magis
1466 2216 1487 2249 ‚
1519 2186 1743 2259 quam
1775 2157 2052 2230 aediles?
2096 2156 2217 2228 Ob
2253 2154 2482 2228 bene-

335 2266 624 2339 ficium?
675 2272 864 2366 Ergo
917 2270 1068 2342 hoc
1117 2269 1473 2356 fatebere,
1528 2270 1660 2343 abs
1712 2285 1781 2341 te
1843 2269 1997 2340 haec
2055 2270 2280 2366 petita
2329 2289 2483 2336 esse
2558 2327 2561 2332 .

334 2387 534 2471 (nam
571 2383 856 2477 empta‘*
899 2405 1050 2452 non
1087 2380 1388 2455 audebis
1421 2381 1740 2474 dicere);
1778 2397 1850 2452 te
1878 2405 2005 2450 eos
2030 2381 2489 2473 magistratus

333 2488 795 2576 hominibus,
837 2490 1221 2579 beneficii,
1267 2517 1424 2563 non
1465 2490 1883 2591 reipublicae
1927 2512 2179 2576 causa,
2226 2490 2491 2585 permi-

404 2739 506 2785 Lv.
535 2753 584 2786 ι.
628 2737 838 2784 Denan'i
879 2738 1083 2802 σῳσπεί
1120 2741 1242 2806 (221
1293 2739 1360 2788 fr.

339 2831 404 2864 ιο
429 2815 500 2884 c.)
517 2819 588 2866 Ut
613 2816 764 2866 habet
787 2819 1049 2866 lemane.
1077 2819 1176 2869 Ius.
1195 2829 1360 2868 autem

1447 2739 1559 2788 dem
1580 2756 1785 2789 censura
1811 2756 1915 2788 nou
1955 2750 2030 2787 est
2064 2740 2319 2802 sejuncms
2358 2739 2487 2810 ordp

1447 2822 1513 2870 ab
1559 2821 1667 2880 aliis
1717 2819 1994 2871 ordinibus.
2036 2821 2137 2871 Cur
2176 2837 2295 2886 ergo
2333 2819 2486 2886 magis

336 2894 626 2944 «denarium
647 2912 812 2945 unx
833 2897 982 2945 millia
999 2920 1023 2939 ι·
1047 2896 1264 2965 (31,980
1279 2897 1363 2966 fr.)

335 2985 584 3024 coustant.

406 3069 456 3106 a.
493 3055 642 3105 Illam
667 3057 872 3106 refertur
904 3055 972 3106 ad
1009 3059 1366 3116 narrationem,

334 3149 446 3198 cap.
477 3131 540 3184 53
557 3171 572 3196 ,
615 3136 679 3185 de
721 3137 980 3200 exquisitis
1019 3154 1114 3203 pro
1153 3149 1363 3203 praetura

335 3214 523 3278 pretiis.
547 3241 618 3252 -——
646 3215 846 3265 Lalletu.
873 3233 902 3266 e
933 3217 1081 3266 codd.
1105 3218 1361 3268 Parisinus.

333 3293 508 3341 aliam.
531 3295 702 3342 Minus
731 3306 875 3344 recte.

409 3374 458 3420 3.
483 3371 618 3420 Ordo
642 3373 839 3438 aliquis.
867 3375 987 3424 Nou
1013 3375 1199 3424 civium
1219 3393 1364 3442 pecu-

335 3451 470 3500 Haris
490 3450 642 3510 ordo,
669 3467 894 3501 censores
917 3465 1061 3514 suut3
1097 3466 1274 3520 utpote
1299 3473 1363 3506 ex

335 3533 568 3582 omibus
589 3531 845 3582 ordinibus
871 3535 1081 3584 collecti.
1101 3538 1260 3600 Atqui
1278 3548 1363 3586 aut

333 3613 556 3662 civitates
581 3611 780 3678 publiea
805 3613 1024 3678 impensa
1048 3615 1172 3663 istos
1201 3614 1364 3665 hono·

337 3709 416 3742 res
437 3702 706 3741 statuarum
730 3691 983 3751 tribuuut3
1018 3705 1106 3742 aut
1130 3693 1362 3759 privatim

335 3772 592 3822 hominum
637 3770 813 3819 classes
849 3767 1004 3836 (gall.
1035 3772 1120 3821 des
1154 3789 1366 3822 commu-

335 3853 536 3910 nauus,
569 3853 654 3900 des
685 3854 880 3918 corps),
902 3864 959 3902 ut
987 3867 1228 3916 aratores,
1263 3867 1360 3906 etc.

337 3933 392 3980 si
409 3932 634 3997 publice,
661 3949 764 3982 nou
787 3931 998 3983 debebat
1021 3951 1050 3983 a
1079 3935 1366 3984 censoribus

339 4013 624 4062 nominatim
662 4013 812 4062 altera
857 4013 988 4077 exigi
1028 4007 1236 4077 pecunia
1256 4029 1270 4065 ε
1319 4016 1364 4064 si

337 4091 564 4154 privatim
583 4126 600 4156 ,
631 4109 730 4142 uon
771 4093 978 4142 debebat
1004 4094 1146 4142 etiam
1161 4129 1176 4154 ,
1213 4094 1362 4160 siqui-

1448 2917 1675 2949 ceusores
1706 2902 1965 2950 conferant
1989 2917 2137 2966 quam
2163 2899 2329 2948 ediles
2344 2903 2367 2948 Ρ
2402 2900 2485 2947 An

1448 2979 1768 3028 conferebant
1802 2981 1865 3028 ob
1899 2980 2213 3049 beneficium,
2256 2981 2294 3030 i.
2331 2997 2374 3027 e.
2417 2977 2485 3026 ob

1449 3075 1705 3108 censuram
1720 3092 1739 3120 ‚
1760 3075 1906 3124 quam
1929 3059 2017 3110 abs
2042 3069 2089 3108 te
2113 3075 2169 3108 ea
2196 3058 2485 3108 conditione

1450 3149 1765 3204 acceperant,
1790 3149 1847 3186 ut
1863 3139 2159 3188 conferrent.
2180 3139 2233 3187 Si
2250 3137 2349 3186 hoc
2371 3138 2486 3184 fate-

1451 3219 1521 3266 ris
1538 3255 1555 3280 ,
1587 3219 1735 3266 etiam
1762 3217 1974 3271 fatebere
2000 3219 2107 3267 hoec
2138 3217 2393 3265 denarium
2410 3227 2485 3265 tot

1451 3297 1607 3346 millia
1652 3297 1739 3346 abs
1788 3307 1839 3345 te
1882 3296 2036 3362 petita
2098 3297 2275 3354 fuisse3
2319 3305 2485 3358 empta

1451 3375 1677 3442 (censura
1695 3377 1947 3443 nimirum)
1974 3377 2149 3425 melius
2170 3375 2371 3424 diceres.
2388 3377 2485 3424 Ga-

1453 3458 1675 3506 ratouius
1701 3473 1819 3505 vero
1846 3457 2009 3506 locum
2036 3455 2175 3504 illum
2212 3456 2283 3504 sic
2315 3455 2489 3503 distin-

1449 3537 1699 3603 guendum
1716 3536 1947 3602 putabat:
1966 3535 2107 3584 Ordo
2124 3535 2299 3603 aliquis
2319 3550 2488 3583 censo·

1449 3633 1561 3665 rum
1598 3627 1671 3665 est
1690 3619 1715 3666 ἓ
1752 3615 2015 3681 collegium
2032 3617 2055 3663 ?
2093 3631 2247 3679 genus
2282 3613 2487 3679 aliquod

1449 3697 1741 3745 homiuum?
1768 3695 1867 3746 Sed
1900 3696 1969 3744 isa
2002 3694 2191 3742 laborat
2224 3705 2483 3743 structura.

1451 3779 1691 3826 Praeterea
1708 3777 1879 3826 Cicero
1902 3789 2117 3840 quarere
2138 3791 2243 3823 nou
2268 3785 2486 3839 poteras,

1454 3871 1517 3904 an
1542 3855 1805 3920 collegium
1825 3864 1949 3902 esset
1972 3869 2250 3902 censorum.
2270 3855 2340 3903 Ut
2356 3855 2485 3902 euim

1453 3935 1659 4000 collegia
1698 3935 1935 3986 dicuutur
1966 3935 2225 3982 consulum
2242 3969 2257 3996 ,
2304 3945 2486 4000 proto·

1453 4031 1592 4073 rum,
1616 4027 1713 4066 etc.
1734 4014 1910 4080 quidni
1928 4015 2075 4062 etiam
2093 4015 2417 4063 censoribus?

1528 4104 1578 4150 4.
1608 4097 1807 4161 Empta.
1848 4092 2043 4144 Habent
2084 4105 2251 4160 erepta
2286 4098 2487 4145 Gruter.
