2984 4684
488 409 632 496 468
1135 397 1233 477 Μ.
1288 399 1364 476 Τ.
1422 406 1924 478 CICERONI
1940 410 1986 476 S

486 557 707 631 quam
735 557 822 602 ex
850 544 1095 602 vetere
1118 531 1776 627 Agrigentinorum.
1819 534 1960 601 Iste
1980 584 1999 617 ‚
2023 533 2154 627 qui
2194 535 2442 604 omnia
2469 534 2640 630 jura

484 645 725 743 pretio
763 655 1243 739 exaequasset,
1285 642 1762 737 omniumque
1811 665 2058 712 rerum
2109 637 2474 716 delectum
2523 661 2640 716 at-

485 779 639 853 que,
685 751 1071 823 discrimen
1118 754 1427 848 pecunia
1480 750 1926 838 sustulisset3
1987 775 2146 823 non
2201 755 2426 827 modo
2481 756 2637 843 illa,

487 889 649 961 quae
691 876 897 934 erant
942 862 1201 949 aetatis,
1254 859 1566 949 ordinis,
1617 876 2128 960 quaestusque‚
2163 867 2588 962 permiscuit
2615 923 2638 954 ,

486 972 613 1045 sed
640 977 857 1046 etiam
898 974 975 1043 in
1010 972 1123 1043 his
1160 969 1452 1044 duobus
1494 971 1918 1069 generibus,
1957 973 2224 1045 civium
2273 1001 2636 1048 novorum

482 1099 1000 1181 veterumque,
1054 1080 1421 1154 delectum
1472 1081 1958 1180 ordinemque
2019 1083 2352 1158 turbavit.
2399 1093 2586 1162 Nam
2609 1145 2634 1176 ‚

484 1219 713 1293 quum
748 1209 932 1266 esset
964 1217 1053 1264 ex
1088 1207 1415 1264 veterum
1440 1204 1461 1236 ¹
1505 1218 1816 1264 numero
1853 1193 2150 1291 quidam
2188 1213 2478 1269 senator
2511 1197 2639 1270 de—

482 1322 853 1390 mortuuS,
914 1318 987 1375 et
1031 1327 1263 1400 quum
1310 1327 1397 1374 ex
1442 1317 1760 1400 utroque
1797 1328 2058 1401 genere
2103 1331 2238 1405 par
2280 1333 2637 1382 numerus

478 1417 803 1513 reliquus
832 1427 1054 1498 esset;
1088 1428 1407 1486 veterem
1440 1415 1770 1512 cooptari
1803 1439 2093 1488 necesse
2129 1433 2284 1490 erat
2309 1419 2596 1517 legibus
2615 1477 2638 1504 ‚

482 1541 567 1598 ut
596 1530 656 1598 is
684 1524 993 1623 amplior
1027 1546 1377 1595 numerus
1408 1537 1618 1595 esset.
1647 1525 1826 1613 Quae
1864 1549 2098 1622 quum
2123 1527 2222 1598 ita
2259 1553 2334 1600 se
2367 1553 2480 1600 res
2505 1529 2638 1601 ha-

482 1637 725 1732 beret3
755 1651 1001 1707 tamen
1028 1633 1121 1704 ad
1152 1636 1371 1705 istum
1406 1648 1770 1706 venerunt
1797 1651 2128 1733 emptum
2158 1637 2401 1709 locum
2427 1639 2632 1710 illum

480 1747 923 1818 senatorium
968 1767 1119 1814 non
1158 1743 1395 1814 solum
1438 1757 1758 1830 veteres,
1799 1742 1927 1814 sed
1963 1747 2182 1818 etiam
2227 1749 2401 1819 novi
2439 1775 2454 1816 ε
2505 1748 2636 1838 fit,

482 1874 566 1929 ut
606 1857 841 1955 pretio
880 1878 1115 1924 novus
1148 1854 1413 1940 vincat,
1437 1853 1861 1950 literasque²
1899 1878 1941 1925 a
1977 1871 2288 1954 praetore
2331 1857 2632 1930 auferat.

480 1964 927 2063 Agrigentini
976 1959 1068 2033 ad
1122 1965 1341 2032 istum
1381 1961 1654 2060 legatos
1691 1965 2028 2054 mittunt,
2063 1970 2192 2065 qui
2231 1993 2402 2040 eum
2439 1970 2634 2067 leges

482 2075 829 2162 doceant,
878 2071 1640 2171 consuetudinemque
1688 2078 2020 2146 omnium
2083 2102 2442 2150 annorum
2500 2078 2630 2151 de·

482 2198 927 2258 monstrent:
949 2199 1034 2255 ut
1070 2187 1204 2256 iste
1232 2181 1725 2282 intelligeret³‚
1743 2187 1811 2256 ei
1844 2211 1920 2256 se
1948 2185 2156 2258 illum
2185 2187 2430 2261 locum
2461 2215 2632 2262 ven-

480 2296 785 2382 didisse,
828 2298 946 2368 cui
990 2319 1085 2366 ne
1130 2295 1651 2367 commercium
1693 2295 1992 2392 quidem
2033 2321 2187 2369 esse
2227 2314 2626 2397 oporteret.

478 2412 810 2500 Quorum
849 2407 1177 2477 oratione
1215 2405 1383 2492 iste,
1420 2429 1654 2507 quum
1692 2407 2010 2501 pretium
2034 2407 2184 2502 jam
2218 2411 2626 2508 accepisset,

482 2542 573 2590 ne
612 2515 975 2588 tantulum
1008 2513 1305 2613 quidem
1340 2529 1753 2590 commotus
1785 2530 1912 2588 est.
1967 2515 2172 2588 Idem
2209 2516 2382 2590 fecit
2417 2525 2632 2592 Hera-

457 2628 693 2700 -cleae:
741 2650 907 2698 nam
950 2651 1043 2697 eo
1076 2650 1375 2724 quoque
1420 2625 1722 2696 colonos
1760 2629 1836 2696 P.
1862 2627 2242 2726 Rupilius-»4
2289 2628 2632 2717 deduxit,

482 2738 819 2836 legesque
860 2735 1127 2808 similes
1154 2735 1247 2808 de
1284 2734 1702 2833 cooptando
1741 2752 2034 2826 senatu,
2077 2761 2162 2810 ac
2187 2738 2280 2811 de
2319 2767 2630 2814 numero

477 2862 805 2920 veterum
849 2870 931 2918 ac
971 2868 1329 2917 novorum
1376 2845 1600 2918 dedit.
1660 2845 1777 2918 Ibi
1831 2873 1986 2920 non
2043 2850 2280 2921 solum
2331 2854 2502 2940 iste,
2545 2869 2634 2924 ut

481 2956 678 3056 apud
730 2970 1045 3043 ceterOS,
1103 2959 1483 3055 pecuniam
1541 2959 1857 3054 accepit,
1915 2958 2042 3030 sed
2107 2960 2322 3032 etiam
2367 2985 2632 3060 genera

477 3083 807 3139 veterum
848 3089 931 3137 ac
976 3089 1922 3166 novorumnumerumque
1965 3072 2408 3168 permiscuit.

475 3259 739 3326 oportebat
764 3257 1045 3322 octingenta
1064 3257 1217 3307 millia
1236 3259 1511 3308 sestertium

475 3341 655 3406 (eit-cit.
690 3341 907 3398 ι64,οοο
936 3335 1018 3398 fr.)
1039 3337 1089 3385 in
1112 3339 1511 3402 possessionibus

475 3421 669 3469 habere.

548 3503 604 3549 1..
657 3514 701 3545 1.
746 3495 879 3546 Olim
924 3495 1076 3556 editi,
1125 3508 1293 3545 vetere
1304 3533 1323 3555 ‚
1371 3496 1510 3561 quod

478 3578 658 3644 probat
678 3575 973 3625 Garatonins
990 3609 1005 3634 ,
1030 3573 1095 3624 ad
1116 3575 1331 3641 Philipp.
1350 3577 1428 3636 11,
1454 3577 1504 3625 6.

477 3660 509 3706 J
518 3695 529 3706 .
544 3661 612 3708 V.
634 3658 689 3706 L.

551 3753 601 3785 α.
630 3737 835 3785 Licet-as.
870 3734 1065 3798 Quibus
1091 3745 1289 3782 senator
1306 3751 1335 3782 a
1354 3737 1508 3784 Verre

481 3817 817 3880 designaretur
836 3849 854 3874 ,
903 3823 953 3861 et
991 3813 1301 3878 Agrigentini
1346 3817 1508 3880 ipsum

479 3896 534 3942 in
552 3895 685 3942 hunc
714 3893 936 3941 ordinem
966 3892 1183 3958 recipere
1198 3893 1504 3956 juberentur.

554 3975 602 4022 3.
635 3975 699 4020 Ue
734 3973 821 4020 iste
848 3972 1153 4037 intelligeret.
1180 3975 1253 4021 Ita
1276 3985 1335 4023 ut
1360 3974 1507 4037 legati

404 4056 412 4065 “
477 4053 618 4100 Verri
644 4049 1011 4114 intelligendum
1041 4051 1211 4102 darent
1228 4086 1243 4112 ‚
1280 4069 1383 4101 non
1401 4069 1506 4101 mo-

478 4131 545 4179 do
562 4133 625 4181 ab
644 4148 704 4180 eo
726 4131 942 4180 venalem
964 4132 1269 4194 propositum
1296 4143 1343 4181 et
1361 4133 1504 4181 habi-

1599 3271 1704 3308 tum
1737 3261 2038 3310 senatorium
2059 3263 2222 3312 locum
2241 3297 2258 3324 ,
2291 3280 2462 3313 verum
2484 3265 2630 3314 etiam

1596 3340 1713 3389 huic
1743 3341 1973 3390 traditum
1998 3344 2100 3404 cui,
2121 3354 2326 3409 propter
2344 3361 2480 3393 suam
2499 3345 2630 3394 indi·

1596 3421 1829 3482 gnitatem
1847 3457 1866 3485 ,
1893 3439 1956 3470 ne
1981 3421 2127 3472 licere
2157 3423 2357 3488 quidem
2379 3435 2632 3488 oporteret

1597 3498 1660 3547 de
1683 3500 1798 3549 loco
1825 3501 1916 3548 ino
1938 3502 2147 3551 emendo
2173 3519 2332 3566 agere.

1671 3587 1720 3636 4.
1762 3583 1815 3630 Ρ.
1855 3581 2079 3646 Rupilius
2122 3582 2345 3633 deduxit.
2389 3583 2628 3632 Confecto

1597 3657 1758 3718 bello,
1795 3661 1910 3720 J'urs
1951 3661 2182 3727 Rupilius
2225 3678 2340 3710 eum
2378 3666 2430 3712 X
2456 3663 2624 3726 leg-atis

1597 3737 1778 3786 Sieiliae
1825 3738 2088 3790 indixerat.
2140 3742 2376 3793 Colonias
2430 3743 2622 3791 eosdem

1597 3816 1885 3880 deduxisse,
1914 3820 2024 3868 vice
2051 3821 2389 3880 triumvirum,
2425 3823 2624 3884 conjicit

1598 3897 1919 3957 Garatonius3
1947 3915 2242 3965 quamquam
2265 3903 2414 3950 unius
2435 3902 2620 3967 Rupilii

1595 3975 1838 4040 consulis,
1875 3989 1925 4026 et
1952 3981 2261 4046 imperatoris
2299 3983 2484 4031 mentio
2511 3979 2614 4032 flat,

1595 4055 1656 4101 ad
1684 4073 1830 4118 quem
1858 4074 1912 4105 ea
1951 4073 2026 4108 res
2069 4071 2382 4126 potestasque
2418 4061 2617 4110 maxime

1593 4134 1884 4198 pertinebat.
