2984 4684
861 370 1247 457 ORATJO
1296 371 1496 438 PRO
1546 373 1611 440 S.
1664 374 2058 448 ROSCIO.
2424 411 2521 483 99

397 490 528 564 tibi
577 489 961 562 videbatur
1005 514 1380 566 servorum
1415 515 1724 582 nomen,
1760 521 1949 591 quo,
1992 505 2196 597 quasi
2234 507 2309 575 in
2346 531 2519 606 por-

395 617 588 690 tum,
632 603 940 698 rejectus
971 623 1015 670 a
1049 599 1312 671 ceteris
1340 603 1909 699 suspicionibu3‚
1944 609 2334 709 confugere
2360 643 2523 715 pos-

393 737 506 783 ses
537 738 554 780 :
597 710 729 782 ubi
767 710 1149 808 scopulum
1183 707 1501 782 offendis
1548 713 1905 808 ejusmodi
1928 771 1948 804 ‚
1988 733 2073 792 ut
2103 747 2255 794 non
2297 727 2520 800 modo

389 819 488 892 ab
527 820 670 891 hoc
712 822 987 890 crimen
1028 819 1300 890 resilire
1335 817 1580 892 videas
1605 875 1625 910 ‚
1664 847 1917 896 verum
1960 853 2255 905 omnem
2292 844 2523 937 suspi-

391 935 683 1003 cionem
715 935 793 1000 in
825 943 1104 1000 vosmet
1136 932 1334 1027 ipsos
1359 930 1681 1003 recidere
1711 937 2084 1035 intelligas.

488 1041 688 1134 Quid
714 1054 824 1112 est
852 1064 1058 1137 erge,
1089 1064 1240 1137 quo
1280 1039 1575 1112 tandem
1605 1061 2005 1139 accusator,
2036 1055 2286 1153 inopia
2313 1083 2525 1157 argu..

391 1169 809 1224 mentorum
827 1206 847 1241 ‚
881 1148 1341 1247 confugerit?
1393 1153 1767 1248 Ejusmodi
1806 1171 2092 1258 tempus
2114 1159 2143 1207 ³
2186 1183 2375 1257 erat,
2414 1175 2524 1242 in-

389 1266 586 1360 quit,
633 1277 716 1333 ut
748 1261 1083 1332 homines
1117 1260 1336 1357 vulgo
1368 1262 1673 1358 impune
1705 1266 2211 1344 occiderentur
2248 1303 2265 1346 ε
2302 1303 2527 1375 quare

389 1389 478 1443 tu
508 1372 685 1461 hoc,
722 1385 1023 1470 propter
1065 1368 1613 1440 multitudinem
1658 1375 2121 1470 sicariorum,
2153 1385 2358 1458 nullo
2406 1413 2531 1460 ne-

389 1486 593 1580 gotio
623 1482 856 1554 facere
883 1481 1205 1578 potuisti.
1240 1481 1543 1548 Interim
1576 1480 1755 1552 mihi
1789 1484 2078 1579 videriS,
2108 1498 2349 1586 Eruci,
2380 1523 2529 1571 una

389 1591 728 1664 mercede
745 1596 778 1644 4
806 1589 984 1661 duas
1012 1613 1126 1660 res
1155 1591 1441 1685 assequi
1472 1587 1657 1660 velle
1686 1615 1704 1658 ε
1744 1617 1879 1664 nos
1912 1598 2191 1692 judicio
2230 1605 2532 1702 perfun-

387 1703 564 1775 dere
586 1701 656 1792 ⁵;
683 1725 1020 1774 accusare
1049 1713 1294 1770 autem
1330 1721 1456 1768 eos
1487 1701 1719 1795 ipsos,
1746 1727 1789 1773 a
1815 1705 2088 1802 quibus
2118 1717 2531 1790 mercedem

386 1815 754 1912 accepisti.
787 1809 983 1903 Quid
1013 1807 1158 1881 ais?
1184 1807 1423 1904 Vulgo
1455 1809 2000 1890 occidebantur.
2035 1825 2170 1900 Per
2196 1831 2433 1922 quos?
2458 1846 2533 1901 et

385 1949 432 1996 a
451 1921 772 2021 quibus?
792 1926 1054 1995 Nonne
1079 1921 1372 2016 cogitas,
1389 1930 1462 1988 te
1479 1941 1523 1988 a
1540 1924 1945 1998 sectoribus
1966 1928 2115 2002 huc
2126 1933 2529 2011 adductum

389 2031 595 2106 esse?
618 2029 817 2124 Quid
851 2023 1186 2128 postea⁶i³
1206 2029 1582 2100 Nescimus
1600 2084 1619 2114 ‚
1646 2055 1780 2129 per
1804 2037 1941 2108 ista
1966 2053 2296 2140 tempora
2312 2101 2333 2135 ‚
2374 2073 2531 2120 eos·

389 2267 622 2330 debetur,
655 2278 714 2315 ut
739 2265 923 2314 diceres
946 2261 1182 2312 noudum
1211 2274 1301 2324 per
1321 2272 1419 2306 ser-

964 2342 977 2355 ·
1506 2260 1643 2309 tione
1665 2265 1949 2330 complecti,
1974 2280 2025 2320 et
2048 2272 2136 2321 ubi
2170 2286 2221 2324 et
2254 2289 2379 2341 quot
2406 2297 2534 2347 opus

387 2365 484 2397 vos
511 2347 638 2396 banc
669 2345 853 2394 cadem
885 2343 1072 2391 secisse.
1100 2342 1170 2389 At
1206 2353 1300 2403 ego
1335 2352 1418 2384 cu·

1505 2340 1586 2400 sit,
1610 2358 1769 2407 neque
1780 2345 2087 2414 potstas-orie,
2120 2364 2208 2402 aut
2227 2356 2435 2408 obscure
2454 2361 2532 2410 di-

387 2443 510 2493 pere
547 2426 784 2477 Roscium
819 2420 1040 2479 ostendi,
1074 2430 1130 2468 ut
1167 2417 1228 2465 de
1264 2415 1417 2464 servis

387 2517 660 2572 quantur,
687 2520 780 2552 nec
813 2513 974 2552 tamen
1005 2499 1060 2549 id
1101 2497 1274 2556 licere,
1302 2495 1418 2560 quin

387 2601 558 2634 servos
583 2583 934 2647 Chrysogonus
965 2579 1100 2644 apud
1121 2594 1173 2625 se
1193 2576 1415 2624 retineat.

389 2665 628 2728 Sequitur
649 2661 878 2726 allegoria
900 2669 1089 2724 sumpts
1110 2656 1171 2706 de
1190 2657 1418 2720 navigan-

385 2743 544 2792 tibus.
565 2739 738 2789 -Ab
763 2739 882 2796 Ιιοσ,
921 2739 958 2787 i.
989 2754 1034 2788 e.
1066 2754 1095 2785 ι
1131 2738 1185 2788 S.
1213 2735 1414 2783 Rooeio.

387 2823 556 2872 maa.
579 2831 630 2870 et
653 2820 736 2868 alii
761 2819 835 2868 ad
860 2817 980 2874 hoc,
1013 2816 1154 2865 mele.

461 2903 518 2950 3.
543 2897 804 2964 Ejusmodi
821 2910 1023 2962 tempus.
1050 2897 1239 2959 Nempe
1261 2893 1415 2942 saua-

385 2997 566 3030 narum
597 2977 1047 3043 proscriptionum,
1077 2974 1256 3038 quibus
1289 2988 1418 3038 prae-

385 3062 544 3110 mium
563 3057 934 3123 percussoribus
956 3060 1060 3104 erat
1083 3052 1282 3120 publice
1302 3067 1415 3117 pro-

385 3142 626 3206 positum.

465 3226 514 3276 4.
537 3220 650 3265 Una
670 3215 905 3265 mercede.
924 3216 1088 3277 Quum
1105 3228 1198 3277 pro
1217 3227 1314 3259 une
1335 3227 1420 3260 ιω.

387 3298 646 3346 eus-tione
662 3297 914 3361 pecuniam
934 3293 1194 3356 acceperis,
1212 3290 1277 3339 ud
1293 3289 1416 3339 duas

386 3377 532 3426 simul
559 3391 639 3424 res
662 3376 935 3441 pervenire,
951 3385 1001 3422 et
1015 3371 1235 3420 mercede
1255 3371 1416 3436 Chry-

385 3459 568 3520 sogoni
593 3456 756 3520 ipsum
779 3454 1152 3518 Chrysogonum
1175 3465 1416 3500 accusare.

465 3538 513 3585 5.
539 3533 739 3583 Iudicio
755 3531 1066 3598 pefimdere.
1091 3533 1134 3580 1.
1157 3547 1201 3580 e.
1227 3531 1416 3592 judicio

385 3614 631 3673 obscuro,
653 3614 706 3660 in
726 3627 828 3676 quo
843 3611 969 3660 nihil
989 3611 1118 3658 clare
1133 3609 1418 3676 liquidoque

387 3695 652 3760 probetur,
679 3693 904 3752 obruere,
935 3704 991 3741 ut
1009 3691 1061 3739 h.
1085 3692 1122 3740 l.
1153 3691 1270 3740 facit
1293 3693 1417 3741 Eru-

387 3775 514 3836 cius,
539 3775 628 3838 qui
671 3772 778 3820 sine
816 3771 921 3819 ullo
961 3779 1274 3835 argumento,
1317 3771 1418 3818 Ro-

387 3855 547 3902 seium
572 3852 696 3901 dicit
727 3853 898 3899 Romae
925 3860 1111 3916 putrem
1137 3865 1228 3914 per
1255 3866 1420 3898 servos

387 3931 649 3980 occidisse.
675 3931 808 3978 Hinc
821 3929 1094 3996 perfusorio
1109 3929 1270 3978 dicere
1288 3929 1422 3994 apud

388 4013 564 4068 Jctos.
583 4010 856 4076 Ulpian.V‚
883 4027 905 4058 1
935 4025 948 4059 τ
987 4031 1010 4053 ι
1027 4008 1264 4068 Debebit,
1280 4021 1332 4056 et
1355 4009 1422 4058 ita

391 4089 584 4153 labeo,
611 4102 663 4140 et
699 4089 832 4138 diem
875 4099 926 4138 et
955 4088 1127 4137 horem
1167 4087 1422 4137 denuntia·

1506 2435 1633 2485 cere,
1648 2433 1743 2472 etc.
1754 2446 1780 2464 ι
1804 2426 1969 2476 Potest
1987 2445 2184 2494 quoque
2203 2449 2323 2495 esse,
2341 2449 2398 2486 ut
2414 2443 2529 2488 Fac·

1504 2501 1687 2548 ciolnto
1735 2502 1897 2567 placet
1910 2539 1927 2566 ,
1976 2528 1999 2550 ι
2020 2511 2234 2571 speciem
2269 2518 2529 2577 quamdam

1501 2577 1677 2638 judicii
1710 2582 1993 2646 offundam,
2031 2603 2197 2638 revera
2238 2605 2399 2644 sutem
2442 2615 2529 2648 eos

1505 2674 1759 2720 accusare,
1816 2673 1914 2712 etc.
1946 2685 1972 2705 n
2018 2667 2127 2730 Qus
2172 2671 2527 2734 significatione

1503 2749 1768 2802 usurpatur
1794 2740 2096 2806 persusmius
2131 2763 2160 2794 s
2196 2749 2377 2800 Seneca
2393 2789 2408 2813 ,
2444 2773 2525 2823 ep.

1504 2816 1606 2885 ²3?
1641 2837 1668 2858 α
1682 2817 1790 2866 haec
1814 2820 1994 2882 quibus
2032 2823 2302 2877 delectatur
2328 2834 2527 2900 vulgus,

1502 2905 1696 2944 tenuem
1732 2895 1915 2948 habent
1947 2916 2005 2948 ac
2037 2903 2363 2968 pefissoriam
2389 2917 2531 2966 volu.

1504 2985 1685 3039 ptutem
1703 2997 1749 3026 n.
1775 2978 1970 3042 Species
2000 2983 2151 3046 igitur
2178 2987 2356 3046 judieii
2380 2992 2527 3056 hujus

1502 3053 1854 3130 offundebatur
1878 3060 1931 3108 S.
1962 3061 2170 3127 Roscio,
2206 3070 2333 3118 ratio
2363 3086 2525 3124 autem

1502 3143 1555 3182 et
1579 3132 1657 3182 vis
1690 3135 1895 3185 interior
1926 3147 2033 3188 tota
2058 3139 2317 3195 videbatur
2352 3151 2409 3199 in
2430 3155 2527 3201 ud..

1504 3214 1741 3262 veturios
1772 3230 2032 3277 conversa
2056 3236 2209 3283 quum
2236 3228 2365 3274 enim
2400 3231 2526 3280 Eru-

1503 3293 1609 3340 cius
1632 3293 1816 3342 crimen
1840 3297 1981 3357 cujus
1998 3313 2100 3346 non
2116 3299 2262 3365 longe
2279 3312 2529 3368 qum-endi

1502 3381 1727 3420 auctores
1742 3385 1898 3434 erant,
1918 3376 1971 3422 in
1988 3375 2241 3440 publicum
2269 3371 2527 3449 proferret,

1502 3461 1553 3499 et
1596 3451 1703 3514 ipse
1741 3468 1772 3500 u
1806 3453 1991 3502 sicariis
2038 3457 2275 3507 Roscium
2310 3465 2525 3516 occisum

1502 3529 1762 3590 fata-amr,
1804 3534 1911 3596 ipse
1936 3534 2093 3581 veluti
2118 3535 2275 3600 digito
2299 3540 2399 3590 duo
2425 3547 2527 3594 Ro-

1504 3610 1633 3657 scios
1657 3620 1707 3657 et
1730 3609 2107 3676 Chrysogonum
2130 3615 2383 3682 designare
2398 3623 2532 3674 vide-

1503 3689 1667 3740 batur.

1579 3771 1628 3816 6.
1670 3767 1805 3831 Quid
1812 3779 1987 3832 postea
2002 3775 2029 3817 ι’
2060 3773 2185 3821 Sunt
2204 3775 2349 3824 verba
2367 3780 2533 3830 Erucii

1506 3849 1701 3896 fatentis
1738 3865 1789 3895 se
1824 3865 1853 3896 a
1892 3851 2165 3901 sectoribus
2200 3871 2529 3909 accusatorem

1510 3927 1771 3986 delectum,
1786 3928 1873 3975 sed
1900 3931 2176 3992 quai-entis,
2204 3937 2360 3998 «quid
2385 3938 2501 3988 inde
2516 3973 2533 3998 ,

1511 4005 1634 4070 quid
1684 4017 1788 4054 tum
1808 4009 1831 4055 ἓ
1870 4027 1893 4050 ι
1953 4011 2183 4074 Sequitur
2236 4018 2491 4081 responsio
2524 4031 2537 4066 :

1514 4107 1540 4129 α
1556 4087 1795 4134 nescimus
1813 4122 1830 4149 ,
1867 4097 1963 4135 ete.
1978 4109 2004 4130 a·

2268 4203 2332 4273 7·
