2984 4684
763 379 871 450 IN
922 372 1361 449 VERREM
1412 374 1629 443 Aer.
1681 374 1791 458 11,
1843 374 2032 443 Lm.
2069 341 2138 443 Ἰ.
2279 437 2292 457 ,
2369 401 2499 475 291

370 504 530 573 sine
582 496 839 598 furore·
874 512 1095 597 atque
1138 496 1447 569 amentia
1490 518 1645 565 non
1695 496 1945 568 sinunt
1963 492 2016 567 3.
2085 500 2338 595 Neque
2378 504 2512 575 iste

372 610 552 681 mihi
576 608 863 681 videtur
889 634 964 681 se
990 606 1081 680 ad
1104 606 1646 681 damnationem
1671 604 1936 679 offerre
1960 606 2196 681 solum
2219 662 2238 697 ,
2271 636 2514 709 neque

372 721 515 793 hoc
538 723 846 793 avaritiae
870 719 1227 819 sup'plicio
1247 720 1279 771 4
1310 718 1708 805 communi,
1725 722 1854 815 qui
1881 742 1956 791 se
1977 734 2087 819 tot
2109 721 2512 799 'sceleribus

372 831 885 919 obstrinxerit,
934 841 1325 902 contentus
1370 852 1526 901 esse
1571 855 1586 902 ε
1637 829 2072 926 singularem
2105 832 2516 927 ‚quamdam

372 966 667 1041 poenam
706 942 909 1013 istius
946 942 1280 1011 immanis
1316 954 1538 1037 atque
1579 940 2000 1039 importuna
2035 956 2294 1015 natura
2335 942 2518 1020 desi—

373 1052 601 1124 derat.
635 1054 800 1123 Non
828 1050 897 1122 id
927 1050 1167 1123 solum
1202 1052 1574 1147 quaeritur,
1615 1063 1733 1138 ut,
1763 1050 1900 1123 isto
1925 1050 2518 1141 damnat0‚‚bona

372 1166 849 1237 restituantur
874 1162 997 1249 iis,
1032 1158 1303 1257 quibus
1332 1173 1584 1257 erepta
1619 1158 1988 1248 sunt;.sed
2027 1176 2102 1235 et
2130 1162 2518 1261 religiones

372 1270 683 1342 deorum
722 1270 1239 1355 immortalium
1283 1268 1690 1366 expiandae‚
1751 1284 1824 1341 et
1859 1274 2127 1343 civium
2175 1298 2516 1348 romano·-

372 1406 537 1453 rum
577 1383 939 1455 cruciatus
962 1434 982 1467 ,
1040 1379 1591 1476 multorumque
1643 1382 2147 1453 innocentium
2199 1388 2520 1483 sanguiS,

372 1494 579 1563 istius
628 1492 990 1590 supplicio
1041 1486 1356 1563 luendus
1404 1504 1536 1561 est.
1595 1490 1763 1559 Non
1813 1491 2010 1561 enim
2057 1489 2292 1563 furem
2317 1548 2336 1581 ,
2393 1496 2523 1567 sed

375 1618 787 1701 ereptorem
806 1598 859 1692 ⁵3
898 1626 1051 1673 non
1081 1600 1521 1687 adulterum,
1543 1597 1670 1673 sed
1709 1614 2278 1697 expugnatorem
2304 1606 2522 1702 pudi-

376 1716 597 1803 citiaev3
616 1764 621 1769 ·
642 1740 791 1785 non
830 1712 1293 1810 sacrilegum,
1325 1709 1455 1783 sed
1499 1710 1785 1785 hostem
1829 1730 2202 1783 sacrorum
2235 1713 2521 1810 religio*

373 1848 735 1920 numque3
758 1849 909 1894 non
940 1824 1307 1908 sicarium,
1340 1820 1469 1894 sed
1501 1820 2077 1895 crudelissimum
2109 1821 2524 1897 carnificem

374 1936 643 2005 civium
691 1938 1247 2030 sociorumque,
1300 1936 1377 2003 in
1425 1946 1748 2003 vestrum
1793 1931 2154 2027 judicium
2215 1932 2524 2008 adduxi·-

373 2070 583 2116 mus:
626 2060 707 2116 ut
744 2070 878 2143 ego
918 2046 1115 2115 hunc
1150 2068 1385 2116 unum
1422 2042 1784 2139 ejusmodi
1823 2036 2032 2117 reum
2067 2058 2236 2142 post
2284 2045 2524 2117 horni-

374 2180 556 2227 num
572 2158 993 2226 memoriam
1013 2152 1233 2227 fuisse
1249 2153 1582 2241 arbitrer,
1600 2156 1722 2225 cui
1742 2151 2109 2231 damam-1⁶
2127 2154 2525 2253 expediret.

472 2270 591 2336 lV.
636 2270 826 2339 Nam
852 2268 1015 2363 quis
1045 2264 1191 2336 hoc
1218 2290 1377 2337 non
1414 2265 1790 2362 intelligit,
1817 2268 2038 2340 istum
2067 2263 2526 2357 absolutum,

376 2374 513 2465 diis
549 2375 1120 2473 hominibusque
1154 2376 1397 2446 invitis
1423 2426 1443 2463 ‚
1486 2388 1731 2447 tamen
1768 2400 1859 2447 ex
1900 2375 2240 2449 manibus
2276 2380 2532 2477 populi

372 2488 656 2577 romani
704 2488 887 2584 eripi
925 2486 1131 2557 nullo
1173 2482 1395 2556 modo
1431 2486 1699 2582 posse?
1759 2487 1942 2575 Quis
1985 2484 2128 2559 hoc
2172 2512 2324 2560 non
2361 2511 2526 2586 per-

377 2600 618 2695 spicit,
662 2597 1001 2695 praeclare
1042 2594 1430 2667 nobiseum
1454 2605 1475 2637 ¹
1511 2609 1753 2666 actum
1791 2598 1912 2683 iri,
1967 2598 2024 2667 si
2063 2595 2382 2693 populus
2418 2624 2534 2669 ro-

379 2731 637 2780 manus
663 2712 867 2779 istius
891 2710 1119 2782 unius⁴
1136 2705 1493 2804 supplicio
1520 2718 1911 2777 contentus
1935 2703 2152 2777 fuerit
2176 2716 2232 2793 ²,
2259 2729 2342 2777 ac
2381 2731 2535 2779 non

378 2820 483 2889 sic
516 2820 844 2891 statuerit
866 2872 887 2907 ,
935 2842 1091 2889 non
1126 2820 1349 2889 istum
1390 2815 1624 2911 majus
1670 2820 1747 2886 in
1795 2840 1950 2887 sese
1989 2814 2226 2889 scelus
2270 2842 2532 2891 conce-

450 3082 625 3133 &Non
642 3083 821 3132 sinunt.
841 3080 923 3131 Sic
941 3079 1410 3132 savem-continuo
1572 3078 1624 3129 6.
1668 3078 1756 3131 cuz·
1794 3078 2044 3129 damnari.
2084 3076 2210 3129 Nam
2249 3080 2293 3127 si
2327 3098 2358 3129 a
2392 3082 2535 3131 vobis

381 3162 617 3227 templum
652 3174 703 3211 et
729 3162 899 3210 violati
933 3162 1149 3210 numinis
1182 3178 1315 3218 aras,
1346 3162 1412 3209 Et

380 3241 517 3305 quod
568 3241 832 3305 praecipuis
880 3250 1093 3289 mentem
1144 3240 1408 3289 sudoribus

378 3328 521 3383 urget
538 3322 609 3367 Te
626 3318 759 3367 videt
784 3320 837 3367 in
856 3320 1065 3369 comnis:
1088 3330 1169 3375 tm
1198 3334 1333 3367 sacra
1358 3330 1409 3367 et

380 3400 536 3459 major
568 3398 731 3460 imago
766 3400 991 3446 Humana
1010 3432 1025 3457 ,
1064 3398 1228 3447 turbat
1267 3398 1409 3463 pavi-

380 3477 527 3533 dum,
552 3478 781 3539 cogitque
800 3477 995 3525 faterin.

452 3564 503 3611 4.
546 3554 813 3618 Supplicia.
842 3556 995 3617 Quod
1040 3557 1283 3616 avaritie,
1321 3572 1410 3605 ocu

369 3634 763 3701 repetundarum
780 3634 1033 3682 damnatis
1066 3634 1221 3699 infligi
1254 3636 1381 3685 solet
1392 3652 1409 3699 3
1428 3651 1436 3667 ¹

380 3716 603 3781 pecuniae
626 3723 730 3763 erat
750 3712 966 3775 redditio
990 3724 1046 3761 et
1061 3713 1303 3765 exsilium.

456 3797 504 3844 5.
540 3796 843 3859 Raptorem.
878 3793 1029 3855 Quasi
1054 3794 1215 3857 legum
1240 3810 1412 3858 poenn

382 3886 787 3924 contemnentem.
812 3873 981 3921 Verris
1012 3872 1215 3920 crimina
1250 3873 1413 3921 omnia

380 3954 445 4001 ud
466 3964 683 4020 apertam
705 3955 807 4003 vim
834 3954 903 4001 ita
922 3950 1127 4001 deducit
1144 3951 1336 4009 Cicero,
1355 3962 1413 3999 ut

380 4034 503 4081 mira
514 4037 815 4083 correctione
829 4050 931 4081 rem
944 4029 1229 4096 amplificet,
1241 4041 1289 4080 ct
1306 4046 1411 4095 grn-

380 4110 1411 4180 viuspriffliscmpcrvocabulumtubjiciat.

1498 3159 1787 3219 absolvitur,
1825 3159 1890 3207 ad
1916 3159 2088 3224 populi
2114 3159 2357 3220 judicium
2380 3161 2532 3210 dedu-

1497 3250 1636 3288 cetur
1659 3256 1674 3301 ;
1724 3250 1884 3288 morte
1928 3237 2239 3290 mulctandus
2253 3274 2269 3300 ‚
2325 3254 2533 3306 propter

1491 3320 1574 3381 jus
1597 3319 1838 3371 libertatis
1862 3331 1914 3369 et
1933 3318 2174 3380 civitatis,
2195 3320 2376 3368 civium
2405 3338 2530 3371 rom.

1492 3414 1640 3461 nece,
1663 3399 1994 3447 imminutum.

1569 3479 1656 3528 IV.
1680 3495 1723 3526 ι.
1743 3478 2036 3529 Nobiscum.
2059 3478 2183 3529 Cum
2201 3478 2528 3530 senatoribus.

1497 3556 1752 3620 Significat
1769 3557 2012 3622 populum
2028 3574 2155 3608 rom.
2179 3558 2234 3605 in
2257 3557 2384 3607 alios
2403 3574 2532 3621 quo·

1497 3652 1596 3701 que
1615 3648 1863 3685 senatores
1879 3636 2532 3687 animadversurum.'1'rihu-

1499 3715 2121 3779 niaenim,1ege.1³ompeia
2139 3714 2236 3765 hoc
2261 3715 2373 3780 ipso
2397 3734 2530 3767 anno

1497 3794 1622 3856 lata,
1643 3795 1823 3843 licebat
1847 3810 2204 3859 quemcumque
2232 3796 2441 3857 vellent,
2467 3798 2530 3847 nd

1497 3875 1744 3940 populum
1767 3873 1954 3923 trahere
1979 3873 2422 3925 condemnandum.

1576 3972 1623 4005 α.
1643 3955 1774 4003 Olim
1794 3954 1902 4003 eric.
1925 3952 2025 4003 Sed
2051 3955 2206 4003 Prisc.
2225 3954 2318 4005 lib.
2335 3956 2532 4017 xvm,

1499 4050 1612 4099 pag.
1633 4051 1655 4083 1
1669 4034 1731 4083 15
1738 4037 1768 4083 5
1783 4068 1798 4093 ,
1822 4033 1903 4083 ed.
1919 4032 2305 4099 putsch-fuerit.
2346 4035 2426 4085 Sic
2447 4035 2534 4083 dc·
2609 4072 2612 4077 .

1502 4112 1618 4162 inde
1635 4148 1650 4174 ,
1676 4112 1918 4163 statuerit.
1943 4114 1976 4162 J
1979 4148 1992 4161 .
2007 4115 2071 4162 V.
2089 4114 2147 4161 L.

2186 4222 2292 4294 19.
