2984 4684
561 374 691 447 190
1087 334 1096 341 ’
1189 352 1284 419 Μ.
1338 350 1416 417 Τ.
1469 352 2028 425 CICERONIS

543 472 788 559 babit,
827 484 900 543 et
935 473 1010 542 in
1055 470 1191 542 hac
1219 494 1432 541 causa
1467 468 1796 569 profecto
1832 474 2201 547 neminem
2240 500 2677 576 praeponen-

537 586 712 657 dum
766 606 921 655 esse
965 580 1144 653 mihi
1187 594 1512 653 actorem
1569 580 1871 679 putabit.
1929 584 2179 675 Quum
2232 603 2548 685 quaestor
2596 592 2677 663 in

544 695 780 767 Sicilia
811 692 1138 777 fuissem,
1166 689 1769 788 judices,itaque⁵
1788 717 1879 765 ex
1913 717 1997 764 ea
2032 699 2403 793 provincia
2438 698 2677 772 deces-

543 806 830 887 sissem,
881 816 966 873 ut
1029 800 1283 873 Siculis
1351 799 1697 873 omnibus
1750 867 1757 873 .
1762 800 2165 899 jucundam
2225 805 2677 880 diuturnam-

543 940 690 1014 que
735 913 1156 985 memoriam
1199 916 1577 1013 quaesturae
1612 914 2077 1013 nominisque
2124 918 2269 988 mei
2311 918 2675 1017 relinque-—

538 1020 785 1114 rem⁶;
835 1020 1104 1095 factum
1159 1036 1298 1108 est,
1344 1022 1452 1093 uti
1502 1046 1735 1119 quum
1778 1048 2147 1095 summum
2189 1027 2267 1097 in
2309 1029 2677 1102 veteribus

541 1136 896 1235 patronisv
927 1132 1210 1219 multis,
1241 1146 1396 1203 tum
1427 1131 1867 1203 nonnullum
1908 1134 2122 1205 etiam
2159 1135 2234 1206 in
2274 1160 2391 1209 me
2430 1141 2672 1237 praesi-

538 1246 741 1317 dium
766 1246 914 1317 suis
939 1242 1248 1315 fortunis
1273 1244 1750 1315 constitutum
1780 1268 1934 1317 esse
1961 1244 2506 1322 arbitrarentur.
2532 1252 2679 1343 Qui

540 1380 740 1428 nunc
780 1346 1154 1455 populati⁸
1196 1369 1416 1451 atque
1453 1356 1728 1441 vexati,
1764 1356 2005 1426 cuncti
2057 1354 2149 1427 ad
2183 1381 2300 1429 me
2334 1358 2677 1457 publice9

539 1492 730 1568 saepe
757 1479 1157 1550 ¹venerunt,
1201 1479 1284 1535 ut
1309 1488 1607 1535 suarum
1643 1462 2105 1537 fortunarum
2143 1468 2473 1538 omnium
2510 1492 2677 1541 cau-—

535 1603 690 1650 sam
725 1574 1372 1671 defensionemque
1406 1575 1849 1673 susciperem
1878 1602 1894 1645 :
1930 1598 2047 1647 me
2082 1600 2268 1674 saepe
2314 1602 2471 1651 esse
2514 1579 2675 1678 pol-

536 1691 816 1761 licitum
837 1740 858 1775 ‚
911 1708 1099 1782 saepe
1147 1683 1549 1757 ostendisse
1602 1683 1976 1773 dicebant,
2038 1688 2095 1757 si
2140 1686 2342 1785 quod
2385 1701 2679 1787 tempus

535 1797 944 1883 accidisset,
995 1818 1145 1892 quo
1199 1809 1531 1894 tempore
1586 1794 1859 1893 aliquid
1910 1820 1951 1866 a
2009 1821 2127 1869 me
2178 1799 2677 1896 requirerent,

534 1904 936 1981 commodis
963 1929 1217 1977 eorum
1247 1929 1364 1975 me
1394 1928 1549 1977 non
1571 1902 2021 1977 defuturum.
2052 1909 2353 1980 Venisse
2386 1923 2678 2007 tempus

539 2014 866 2102 aiebant,
905 2038 1058 2085 non
1089 2014 1238 2109 jam
1275 2026 1360 2083 ut
1397 2014 1799 2086 commoda.
1823 2039 1996 2103 sua,
2034 2014 2160 2088 sed
2186 2032 2271 2089 ut
2308 2019 2529 2091 vitam
2566 2045 2679 2091 sa-

537 2128 914 2223 lutemque
951 2124 1178 2195 totius
1228 2124 1615 2222 provinciae
1648 2123 2162 2199 defenderem:
2204 2152 2358 2201 sese
2390 2130 2539 2225 jam
2582 2154 2679 2203 ne

537 2238 716 2310 deos
736 2248 800 2299 .¹⁰
827 2233 1126 2333 quidem
1163 2235 1240 2304 in
1271 2234 1419 2306 suis
1441 2234 1787 2325 urbibuS,
1822 2236 1917 2307 ad
1940 2262 2130 2335 quos
2162 2238 2679 2337 confugerent,

537 2347 847 2433 habere3
887 2344 1088 2444 quod
1121 2369 1376 2416 eorum
1413 2346 1795 2421 simulacra
1826 2348 2276 2420 sanctissima
2298 2352 2381 2420 C.
2412 2352 2679 2425 Verres

538 2482 630 2531 ex
666 2455 988 2551 delubris
1021 2455 1573 2554 religiosissimis
1608 2458 2051 2529 sustulisset:
2086 2484 2267 2557 quas
2304 2484 2420 2533 res
2460 2462 2677 2533 luxu·

536 2572 676 2642 ries
702 2571 777 2639 in
815 2566 1126 2664 flagitiis,
1157 2565 1543 2638 crudelitas
1572 2568 1657 2637 in·
1690 2567 2061 2666 suppliciis
2082 2620 2102 2656 ‚
2138 2572 2433 2641 avaritia
2461 2572 2537 2641 in
2568 2596 2681 2643 ra·

537 2682 728 2779 pinis
747 2732 768 2766 ‚
811 2674 1150 2775 superbia
1186 2677 1264 2747 in
1297 2677 1761 2749 contumeliis
1797 2674 2087 2751 efficere
2131 2682 2523 2778 potuisset,
2560 2704 2680 2755 eas

608 2894 656 2943 5.
700 2894 898 2956 Itaque.
953 2890 1016 2937 Et
1061 2890 1149 2939 ita.
1206 2888 1454 2939 Decedet-e
1504 2908 1567 2938 ex
1652 2890 1950 2943 abstulerant
1986 2892 2147 2959 (Verr.
2181 2896 2254 2955 Π,
2298 2890 2416 2961 35);
2450 2894 2683 2945 Metellos

535 2972 790 3038 provincia
821 2969 1052 3017 dicuntur
1085 2970 1172 3035 qui
1208 2986 1322 3018 eum
1355 2970 1563 3035 imperio
1653 2970 1879 3035 denique.
1898 2970 2014 3019 Mos
2042 2972 2135 3021 fuit
2161 2984 2220 3022 ut
2246 2974 2436 3022 romani
2456 2972 2683 3035 nobiles,

535 3065 622 3102 aut
662 3058 902 3117 potestate
947 3060 1098 3109 sunt;
1149 3048 1396 3097 discedere
1445 3064 1564 3098 vero

537 3130 731 3200 privati.

607 3212 661 3261 6.
693 3208 1045 3270 Relinquerem.
1083 3204 1160 3253 De
1197 3222 1282 3255 sua
1317 3218 1563 3272 questura

534 3292 590 3339 in
607 3298 730 3339 orat.
747 3302 840 3351 pro
863 3284 1082 3341 Plancio,
1100 3284 1172 3331 sic
1197 3285 1395 3338 scribit:
1418 3309 1444 3328 α
1459 3304 1564 3336 non

535 3384 709 3419 vereor
745 3382 808 3413 ne
842 3364 953 3429 quis
995 3362 1170 3411 audeat
1198 3362 1383 3424 dicere,
1418 3366 1565 3415 ullius

533 3452 588 3499 in
631 3446 796 3498 Sicilia
838 3454 1132 3509 questurum
1175 3455 1261 3491 aut
1309 3444 1565 3493 clariorem

534 3540 620 3584 aut
645 3527 908 3594 gratiorem
939 3524 1116 3582 fuisse,
1145 3534 1236 3571 etc.
1254 3545 1277 3566 ι

607 3626 655 3671 7.
685 3602 945 3654 Patronis.
987 3601 1137 3650 Siculi
1183 3612 1415 3667 patronos
1456 3604 1561 3667 pri-

533 3704 666 3736 mum
705 3684 981 3733 habuerunt
1023 3680 1285 3731 Marcellos
1303 3718 1318 3741 ‚
1360 3681 1423 3730 ab
1469 3682 1561 3731 illo

531 3762 767 3814 Marcello
788 3778 818 3809 a
841 3777 943 3826 quo
970 3772 1125 3826 captae
1151 3772 1199 3809 et
1224 3774 1424 3811 servatae
1444 3772 1562 3810 sunt

532 3844 781 3910 S'yraeusae
810 3840 890 3905 (Τ.
917 3840 1025 3888 Liv.
1046 3840 1214 3898 XXV,
1245 3840 1358 3903 25);
1382 3839 1560 3890 deiude

533 3922 817 3989 Scipiones,
861 3934 924 3967 ex
949 3934 1050 3982 quo
1085 3920 1139 3967 Ρ.
1175 3920 1344 3985 Scipio
1370 3920 1560 3969 Africa·

532 4022 650 4065 nus,
687 3999 848 4048 excisa
873 3998 1162 4063 Carthagine
1175 4032 1190 4060 ,
1222 4000 1398 4049 Sicilia
1424 4000 1560 4049 resti·

531 4086 628 4134 tuit
675 4084 958 4129 ornamenta
1013 4092 1124 4140 quae
1165 4078 1305 4126 Poeni
1345 4080 1558 4129 victores

1651 3050 1869 3098 civitates
1907 3060 1992 3098 ant
2027 3054 2251 3099 nationes
2294 3052 2510 3100 devictas
2549 3052 2682 3103 bello

1648 3128 1703 3177 in
1727 3126 1876 3176 fidem
1901 3138 1952 3177 et
1974 3129 2244 3178 clientelam
2268 3132 2569 3201 reciperent,
2605 3142 2682 3180 at-

1651 3224 1747 3273 que
1788 3224 1951 3256 earum
1987 3210 2185 3275 patroni
2231 3222 2411 3261 essent.
2446 3212 2577 3260 Vide
2619 3211 2682 3261 de

1650 3286 1799 3335 offic.
1822 3290 1872 3345 1,
1913 3284 1997 3339 35.

1724 3368 1772 3415 8.
1800 3364 2050 3431 Populati,
2070 3368 2288 3416 Avaritia
2304 3368 2490 3417 Verris.
2516 3372 2685 3419 Vesta·

1652 3444 1709 3495 ei.
1726 3446 1955 3506 Ejusdem
1971 3445 2176 3495 libidine
2203 3458 2251 3494 et
2270 3448 2573 3497 crudelitate.

1722 3540 1773 3588 9.
1810 3524 2027 3574 Publice.
2056 3525 2257 3575 Publica
2305 3528 2559 3576 civitatum
2595 3544 2681 3577 au-

1648 3605 1890 3655 ctoritate.
1924 3605 2029 3654 Soli
2062 3622 2167 3654 uon
2200 3618 2440 3655 venerunt
2469 3610 2685 3657 Mamer·

1649 3686 1765 3747 tini,
1788 3700 1880 3733 nec
1903 3686 2219 3751 Syracusani.

1725 3780 1801 3812 10.
1826 3766 1973 3812 Deos.
2001 3764 2224 3813 Adducit
2241 3764 2291 3812 h.
2308 3764 2345 3814 l.
2366 3766 2585 3814 lactant.
2607 3768 2684 3827 11,

1652 3851 1715 3905 4,
1738 3854 1789 3891 et
1814 3842 2003 3891 deridet
2024 3858 2039 3892 :
2075 3866 2101 3885 κ
2122 3844 2277 3907 Quasi
2304 3860 2455 3909 vero,
2490 3845 2679 3910 inquit,

1647 3922 1874 3971 siVei-res
1891 3939 1955 3971 ex
1970 3921 2178 3971 urbibus
2198 3922 2515 3989 delubrisque
2530 3925 2683 3973 simu-

1646 4000 1775 4049 lacra
1832 4002 2035 4051 deorum
2096 4002 2358 4051 sustulerat
2378 4038 2394 4063 ,
2446 4002 2509 4053 de
2558 4004 2682 4053 celo

1646 4096 1843 4147 quoque
1870 4080 1987 4131 deos
2014 4082 2339 4145 sustulissent.
2355 4082 2552 4148 Vulgus
2576 4086 2682 4149 qui-
