2984 4684
770 387 1222 456 NICOLAI
1283 387 1977 456 DESJARDINs.
2338 387 2461 453 xix

302 509 626 580 mul-‘tum
665 512 1054 606 temporis»,
1089 508 1416 580 discendi
1453 533 1702 596 causa,
1740 510 1855 580 vel
1899 535 1941 580 a
1978 512 2285 607 pueritia
2330 510 2455 578 tri-

303 620 588 692 buerat.
615 622 1002 716 Quotquot
1029 624 1274 690 Romae
1313 636 1438 692 am
1471 623 1687 704 cives,
1712 635 1845 690 aut·
1866 619 2093 692 Graeci
2121 617 2453 698 fueruut‚

303 731 897 829 his-temporibus
919 731 1054 802 viri
1071 729 1484 803 eruditione
1508 745 1729 827 atque
1758 729 2093 800 doctrina
2109 728 2451 825 praeclari,

301 844 406 914 eis
429 843 508 911 in
543 841 1000 940 disciplinam
1025 865 1104 912 se
1131 840 1557 912 tradiderat:
1576 842 1700 937 jus
1716 842 1953 925 civile,
1972 837 2457 938 philosophiae

307 967 562 1051 partes
592 977 882 1036 omnm,
925 965 1084 1022 tum
1122 975 1284 1049 quae
1319 951 1410 1022 ad
1454 952 1895 1022 dialecticam
1921 1006 1941 1038 ‚
1976 964 2131 1022 tum
2167 974 2327 1054 qnae
2364 946 2457 1018 ad

313 1085 562 1133 mores
589 1077 663 1132 et
689 1076 1020 1134 naturam
1046 1064 1455 1160 pertinent;
1502 1064 2013 1134 astronomiam
2032 1115 2053 1148 ‚
2080 1061 2417 1159 poeticen
2434 1112 2459 1145 ‚

305 1173 684 1244 historiam
703 1227 722 1260 ‚
751 1173 1000 1243 omnia
1034 1171 1352 1269 denique
1371 1225 1390 1258 ‚
1423 1195 1587 1269 quae
1623 1197 1777 1242 uno
1810 1173 2125 1242 scientiae
2154 1171 2457 1240 nomine

304 1287 804 1370 continentur,
840 1285 1078 1353 tenuit
1124 1286 1196 1352 in
1234 1285 1513 1380 primis.
1552 1281 1925 1353 Insidebat
1960 1282 2259 1352 enimin
2302 1278 2463 1374 ejus

303 1407 558 1466 mente
595 1397 875 1490 species
917 1393 1390 1490 eloquentiae,
1441 1417 1665 1494 quam
1706 1397 1933 1476 Roma
1972 1390 2301 1463 nondum
2344 1391 2451 1458 vi-

301 1501 542 1590 derat,
579 1501 670 1574 ad
706 1525 929 1601 quam
969 1502 1256 1575 volebat
1293 1506 1703 1575 orationem
1742 1527 1947 1575 suam
1988 1501 2204 1598 dirigi
2235 1528 2250 1570 ι
2296 1500 2453 1572 elo-

301 1627 658 1709 quentem
685 1635 842 1684 esse
871 1614 1238 1684 neminem
1259 1635 1474 1710 posse
1497 1613 1801 1712 putabat
1818 1668 1837 1701 ‚
1872 1615 2009 1684 nisi
2046 1614 2175 1709 qui
2208 1611 2451 1680 multi-

307 1721 476 1820 plici
493 1721 826 1794 doctrina
845 1739 1066 1821 atque
1084 1726 1416 1795 omnium
1439 1728 1883 1823 optimarum
1902 1727 2169 1797 artium.
2192 1723 2456 1796 studiis

306 1848 496 1905 esset
529 1832 880 1904 eruditus.
914 1835 1252 1932 Plerique
1291 1836 1382 1906 ad
1425 1859 1681 1908 causas
1713 1853 1869 1908 tum
1912 1839 2257 1935 privatam,
2296 1849 2455 1904 tum

307 1944 639 2042 publicas
664 1943 986 2032 adibant,
1004 1951 1188 2017 utin
1213 1944 1376 2018 foro
1400 1946 1787 2035 discerent3
1810 1949 1967 2046 ipse
1986 1969 2453 2042 verooequan-

311 2069 468 2125 tum
492 2056 771 2153 potuit,
796 2054 1037 2128 effecit
1059 2071 1142 2126 ut
1167 2055 1428 2127 doctus
1449 2059 1527 2126 in
1546 2056 1789 2128 forum
1810 2058 2089 2128 veniret
2106 2085 2161 2124 n.
2196 2058 2347 2126 Cic.
2368 2056 2449 2124 in

310 2169 506 2236 Brut.
523 2189 642 2262 90.
663 2170 918 2263 Itaque
945 2169 1321 2264 ingenium
1353 2167 1512 2262 ejus
1537 2169 1747 2240 simui
1780 2185 2153 2266 aspectum
2180 2181 2256 2238 et
2276 2189 2449 2264 pro-

309 2273 562 2346 batum
590 2290 701 2347 est
733 2303 752 2346 ε
794 2291 1016 2374 atque
1049 2273 1172 2348 illa
1209 2278 1367 2372 ejus
1403 2278 1827 2375 eloquentia
1866 2293 2151 2349 tantum
2195 2274 2456 2346 habuit

311 2385 954 2458 commendationis
973 2437 992 2473 ‚
1025 2401 1100 2458 et
1129 2386 1323 2484 apud
1345 2409 1472 2459 eos
1494 2411 1585 2458 ex
1615 2389 1795 2476 suis,
1822 2413 2013 2486 quos
2029 2391 2263 2458 Roma
2286 2385 2458 2456 tulit·

311 2515 492 2566 sanae
529 2499 800 2568 mentis
858 2497 1226 2584 hominm,
1283 2512 1356 2570 et
1403 2498 1602 2596 apud
1644 2514 2007 2597 posteros,
2062 2513 2147 2569 ut
2196 2499 2453 2569 Cicero

307 2607 454 2700 jam
503 2633 658 2680 non
703 2607 1048 2696 hominis⁹
1096 2609 1222 2680 sed
1280 2609 1717 2706 eloquentiae
1756 2635 2030 2680 nomen
2074 2607 2451 2679 habeatur.

309 2719 614 2810 Quintil.
647 2725 750 2806 X,
787 2743 844 2789 1.
2178 2807 2181 2810 ἦ

405 2833 678 2900 Verum
727 2843 1048 2926 quantus
1083 2829 1210 2900 isse
1237 2828 1406 2916 fuit,
1467 2830 1693 2899 homo
1730 2827 1868 2898 fuit
1906 2855 1919 2896 :
1956 2849 2161 2897 more
2200 2842 2445 2898 autem

306 2937 506 3036 apud
543 2937 878 3010 homines
915 2941 1014 3010 ita
1041 2955 1544 3038 comparatum
1588 2953 1729 3026 est,
1774 2953 1860 3009 ut
1886 2939 2153 3033 justam
2187 2935 2455 3008 habeat

305 3052 846 3120 venerationem
874 3049 1234 3147 quidquid
1259 3051 1577 3138 excellit,
1596 3065 1815 3148 atque
1844 3048 2449 3121 obtrectationem

303 3163 522 3230 etiam
561 3177 794 3258 prope
826 3163 1322 3233 necessariam.
1360 3159 1490 3231 lna
1526 3163 1813 3232 virtutis
1840 3161 2091 3234 alienae
2120 3161 2344 3231 tristis
2378 3171 2453 3230 et

303 3268 617 3340 obscura
648 3265 886 3341 rivalis
930 3271 1246 3358 Invidia,
1285 3295 1450 3369 quae
1491 3270 1859 3343 bonorum
1904 3291 2161 3369 expers
2182 3325 2203 3358 ‚
2244 3268 2447 3366 quod

303 3380 589 3474 assequi
623 3397 836 3476 posse
879 3379 1216 3478 desperat
1237 3431 1256 3468 ‚
1301 3379 1551 3454 odiose
1592 3381 1931 3480 deprimit
1954 3435 1975 3468 ‚
2020 3383 2445 3452 Ciceronem

301 3485 696 3559 foedissime
725 3489 1080 3562 laceravit.
1105 3491 1320 3562 Tullii
1353 3515 1595 3565 mores
1615 3547 1634 3578 ‚
1668 3496 1725 3564 si
1754 3491 1987 3565 credis
2018 3493 2177 3587 ejus
2202 3491 2447 3588 gloriae

303 3599 641 3688 inimicis,
679 3619 830 3670 non
870 3592 1168 3672 fuerunt
1205 3587 1312 3674 sat
1341 3602 1524 3674 boni
1554 3629 1573 3672 ε
1604 3601 1743 3674 fuit
1776 3607 1890 3674 sui
1923 3601 2335 3697 jactantior,
2372 3615 2447 3672 et

303 3707 494 3778 ultra
517 3725 738 3806 quam
767 3709 1262 3782 verecundum
1291 3711 1665 3784 hominem
1690 3713 1940 3786 decet:
1979 3709 2277 3782 adscivit
2304 3711 2443 3784 sibi

303 3839 532 3915 genus
579 3819 870 3892 dicendi
909 3823 1339 3910 Asiaticum,
1382 3823 1799 3896 redundans
1820 3876 1839 3911 ‚
1890 3838 1963 3894 et
2002 3823 2163 3920 plus
2214 3825 2441 3895 nimio

304 3927 660 4001 diffluens.

403 4040 616 4128 Quod
666 4042 734 4111 ei
776 4041 868 4112 de
907 4042 1233 4116 moribus
1269 4043 1646 4139 objicitur,
1692 4067 2037 4141 magnum
2072 4069 2253 4140 pane
2298 4048 2439 4114 cri-

305 4165 474 4220 men
523 4166 672 4239 est3
719 4175 870 4248 quo
915 4175 1098 4242 unc,
1157 4177 1382 4252 quum
1425 4179 1642 4228 nemo
1688 4157 1913 4254 possit
1962 4169 2205 4227 orator
2249 4176 2439 4241 esse,
