2984 4684
524 417 667 504 460
1158 424 1255 490 Μ.
1306 423 1385 491 Τ.
1438 421 2003 492 CICERONIS

521 547 652 613 Cn.
690 537 1095 628 Dolabella,
1136 539 1674 615 damnationem
1709 537 2110 613 Philodami
2129 533 2164 580 ⁶
2191 541 2494 638 Opuntii
2533 565 2650 610 re-

520 649 924 740 sciderunt,
959 651 1159 748 quod
1192 656 1255 724 is
1286 678 1437 723 non
1466 651 1726 724 absens
1765 675 1934 722 reus
1973 647 2205 722 factus
2229 663 2455 736 esset,
2481 674 2650 746 quae

518 784 635 830 res
652 761 1099 858 iniquissima
1126 776 1199 833 et
1228 761 1684 834 acerbissima
1713 775 1858 846 oet3
1889 759 2016 832 sed
2041 785 2270 857 quum
2292 763 2358 830 ei
2383 759 2650 856 legatio

516 875 821 941 Romam
872 869 923 942 a'
956 875 1103 942 suis
1154 872 1432 944 civibus
1472 887 1658 944 esset
1697 869 1916 944 data?
1967 867 2188 960 Quod
2231 869 2336 940 illi
2371 867 2652 965 judices

467 1003 475 1008 ·
518 981 751 1051 multo
774 985 854 1051 in
876 981 1140 1054 leviore
1170 1006 1377 1053 causa
1412 997 1821 1054 statuerunt
1837 1037 1859 1070 ,
1883 983 2292 1079 aequitatem
2319 981 2650 1076 sequuti;

516 1115 643 1159 vos
678 1088 754 1160 id
800 1105 1113 1163 statuere
1160 1095 1235 1162 in
1286 1095 1698 1189 gravissima
1747 1115 1997 1176 causa,
2037 1095 2438 1190 praesertim
2467 1090 2650 1160 alio-

517 1224 684 1270 rum
724 1204 1148 1274 auctoritate
1178 1203 1327 1298 jam
1370 1201 1872 1275 confirmatum
1895 1255 1914 1285 ,
1954 1199 2423 1272 dubitabitis?

612 1315 827 1382 XLV.
866 1317 956 1382 At
988 1338 1209 1410 quem
1238 1313 1648 1401 hominem,
1675 1316 1755 1384 C.
1780 1309 2072 1399 Verr'es,
2109 1325 2344 1396 tanta,
2366 1325 2516 1380 tam
2543 1314 2652 1380 iu-

524 1423 711 1516 signi
760 1422 1019 1516 injuria
1067 1422 1419 1496 affecisti?
1474 1425 1684 1520 cujus
1707 1434 1728 1466 ¹
1771 1421 2086 1494 absentis
2129 1443 2400 1492 nomen
2449 1445 2650 1492 rece-

520 1532 734 1637 pisti?
760 1557 979 1630 quem
1004 1533 1409 1620 absentem,
1438 1559 1590 1604 non
1611 1531 1834 1604 modo
1859 1535 2014 1603 sine
2031 1532 2367 1634 crimine,
2397 1543 2468 1600 et
2497 1533 2652 1602 sine

522 1653 737 1726 teste,
788 1667 1045 1715 verum
1084 1647 1290 1714 etiam
1330 1647 1487 1714 sine
1533 1657 1944 1714 accusatore
1985 1639 2386 1712 damnasti?
2415 1645 2654 1733 Quem

526 1748 941 1825 hominem?
975 1753 1073 1824 dii
1110 1752 1573 1825 immortales!
1613 1778 1762 1824 non
1799 1752 2034 1823 dicam
2063 1753 2374 1822 amicum
2403 1765 2656 1836 tuum,

526 1859 731 1956 quod
777 1862 968 1960 apud
1010 1863 1341 1935 homines
1390 1865 1834 1935 carissimum
1877 1877 2017 1952 est3
2060 1883 2206 1932 non
2259 1860 2653 1958 hospitem,

526 1970 727 2066 quod
763 1975 1291 2045 sanctissimum
1318 1991 1424 2046 est
1454 2003 1469 2044 ε
1517 1973 1702 2045 nihil
1727 1974 1918 2044 enim
1947 1973 2188 2042 minus
2221 1970 2534 2043 libenter
2564 1971 2657 2042 de

524 2075 825 2152 Sthenio
866 2106 1398 2172 commemor03
1431 2084 1613 2155 nihil
1653 2081 1850 2154 aliud
1885 2084 1960 2152 in
1993 2107 2082 2153 eo
2103 2137 2124 2170 ,
2165 2081 2368 2178 quod
2405 2105 2654 2180 repre-

525 2187 747 2260 hendi
783 2195 1007 2287 possit
1032 2248 1051 2281 ,
1084 2196 1417 2282 invenio,
1464 2195 1600 2264 nisi
1635 2191 1839 2290 quod
1877 2190 2104 2263 homo
2139 2189 2660 2287 frugalissimus

524 2314 745 2397 atque
784 2303 1316 2400 integerrimus,
1350 2320 1455 2392 te,
1494 2304 1868 2375 hominem
1901 2301 2200 2399 plenum
2233 2301 2498 2397 stupri,
2535 2299 2660 2371 fla-

525 2412 718 2505 gitii,
744 2411 1060 2499 sceleriS,
1104 2411 1403 2485 domum
1446 2437 1648 2484 suam
1689 2413 2057 2498 invitavit3
2095 2411 2229 2480 nisi
2259 2409 2497 2506 quod,
2527 2413 2660 2507 qui

530 2523 611 2590 C.
646 2524 853 2590 Marii
868 2532 920 2607 ²,
959 2526 1089 2593 Cn.
1125 2527 1485 2622 Pompeii,
1541 2527 1616 2595 C.
1649 2521 2002 2608 Marcelli,
2041 2525 2121 2590 L.
2155 2523 2512 2606 Sisennae,
2549 2525 2660 2592 tui

530 2628 933 2703 defensoris
958 2685 978 2716 ,
1053 2647 1610 2731 ceterorumque
1669 2633 1992 2703 virorum
2009 2627 2037 2672 ³
2105 2627 2664 2700 fortissimorum

594 2860 650 2909 6.
672 2859 965 2910 Philodami.
972 2862 1287 2912 Philodamus
1300 2863 1383 2912 ille
1404 2861 1550 2928 (aliua
1637 2861 1868 2926 publica,
1887 2857 1974 2908 ned
1985 2871 2072 2908 ant
2083 2857 2378 2924 syngrapha
2391 2857 2668 2922 exigenda,

526 2957 555 2990 a
599 2939 888 2990 Philodamo
930 2943 1255 3010 Lampsaceno
1268 2976 1285 3000 ,
1314 2946 1453 2992 verr.
1492 2947 1517 2990 Ι
1531 2977 1546 3002 ,
1632 2951 1718 2990 aut
1738 2940 2018 2988 hereditati·
2043 2937 2418 3005 persequenda,
2453 2949 2544 2986 ant
2558 2940 2666 2986 voti

528 3016 650 3081 25),
684 3019 816 3083 apud
840 3019 1171 3080 Dolabellam,
1208 3021 1393 3071 Cilicia,-
1420 3039 1546 3086 prae·

524 3109 712 3156 torem,
732 3099 888 3147 fuerat
910 3109 1163 3148 aecusatus
1186 3117 1243 3148 ac
1266 3101 1546 3159 damnauit,

525 3193 631 3228 non
654 3177 849 3237 aboena,
886 3177 973 3227 aed
996 3195 1147 3244 quum
1174 3179 1417 3244 proficisci
1442 3183 1545 3229 Ro-

525 3271 655 3304 nam
688 3267 910 3322 pararet,
934 3272 1034 3322 quo
1072 3275 1098 3305 a
1132 3259 1328 3312 civibus
1362 3259 1548 3324 legatus

523 3335 821 3386 mittebatur.
872 3337 1037 3400 Quum
1087 3350 1247 3386 autem
1294 3338 1546 3386 Dolabella

524 3415 903 3480 repetundarum
942 3415 1195 3466 damma
1228 3429 1331 3476 eat,
1356 3417 1548 3479 judiees

485 3557 495 3570 ι
523 3495 801 3546 Philodami
826 3496 1188 3546 damnationem
1214 3497 1515 3546 resciderunt
1529 3530 1547 3551 ,

526 3577 619 3626 etsi
642 3593 744 3626 non
769 3577 943 3625 aboena
968 3592 1079 3624 reus
1117 3577 1274 3624 factu·
1309 3587 1439 3638 erat,
1474 3587 1548 3625 ta-

524 3672 635 3704 men
656 3667 915 3722 propterea
941 3655 1079 3718 quod
1106 3655 1331 3719 iniquam
1348 3654 1548 3703 videba-

526 3745 609 3784 tm·
642 3751 752 3783 eum
766 3771 783 3796 ,
823 3735 911 3800 qui
946 3749 1063 3782 mox
1106 3734 1361 3798 legationis
1402 3749 1546 3782 canan

526 3815 733 3862 Romam
760 3814 1069 3880 profecturus
1094 3824 1223 3874 erat,
1250 3830 1387 3862 remu
1418 3813 1554 3875 fieri,

530 3905 789 3956 autequam
812 3893 941 3942 hano
960 3893 1253 3957 legationem
1276 3893 1477 3942 obiisset
1503 3903 1554 3942 et

528 3971 591 4018 ab
632 3987 685 4019 ea
722 3973 957 4021 rediisset.
972 3975 1101 4022 Vide
1126 3973 1387 4038 Wyttenb.
1420 3973 1550 4022 Bibl.

526 4049 637 4098 crit.
674 4061 805 4114 part.
850 4052 947 4110 11,⁸
972 4069 1089 4115 pag.
1126 4068 1204 4102 xa.
1242 4053 1550 4115 Legationem

528 4126 724 4175 liberam
752 4129 831 4176 hic
868 4129 1125 4192 intelligit,
1164 4147 1273 4193 qua!
1310 4147 1411 4180 non
1448 4130 1549 4178 rei·

1632 3019 1854 3068 solvendi
1874 3035 2016 3067 eausa
2042 3019 2260 3067 dabatur.

1703 3099 1859 3147 XLV.
1885 3115 1929 3148 1.
1961 3098 2224 3146 Lambinus
2249 3097 2320 3145 ait
2343 3113 2396 3144 ee
2415 3097 2470 3144 in
2489 3094 2666 3144 codiee

1633 3180 1722 3228 MS
1757 3178 1998 3226 invenisne
2033 3178 2154 3234 ista,
2189 3199 2214 3218 α
2233 3191 2380 3240 quem
2413 3175 2666 3223 hominen

1633 3257 1878 3305 abutentem
1921 3255 1982 3304 de
2022 3255 2176 3304 literis
2211 3255 2482 3319 corruptis,
2523 3269 2668 3302 eausa

1633 3335 1912 3400 incognita,
1941 3334 2276 3383 condemnaeu'
2293 3333 2316 3378 Ρ
2341 3355 2367 3376 ι-
2393 3335 2425 3382 J
2429 3371 2442 3382 .
2457 3335 2524 3381 V.
2549 3335 2608 3380 L.

1705 3431 1756 3462 a.
1789 3417 1848 3466 C.
1877 3412 2050 3464 Marii.
2091 3405 2284 3478 Septies
2323 3411 2560 3462 consulis.
2595 3439 2668 3450 --

1639 3493 1726 3543 ἂι.
1747 3489 1989 3557 Pompeii.
2009 3493 2208 3556 Magni,
2234 3502 2340 3538 tun
2362 3491 2670 3540 consalin-

1638 3572 1690 3622 C.
1709 3571 1950 3620 Marcelli,
1977 3571 2078 3634 Qui
2101 3569 2280 3618 Sicilia
2302 3570 2594 3635 praefuerat,
2620 3581 2670 3617 et

1633 3651 1688 3700 iu
1715 3667 1858 3699 causa
1876 3651 2042 3698 Verria
2057 3649 2212 3711 judex
2233 3649 2579 3697 sedebat—I..
2599 3649 2674 3696 Si-

1637 3747 1820 3780 1ennoe.
1841 3729 2084 3780 Cornelia
2109 3733 2296 3794 gentis,
2317 3730 2406 3792 qui
2431 3729 2486 3776 in
2513 3729 2674 3777 Bruto

1639 3815 1770 3861 inter
1795 3821 2016 3860 oratores
2041 3809 2340 3858 nominatur.

1713 3893 1764 3940 3.
1797 3891 2040 3938 Virorum.
2065 3889 2216 3938 Abest
2244 3904 2344 3936 vox
2375 3888 2460 3936 illa
2489 3903 2518 3934 a
2549 3885 2672 3936 eod.

1641 3969 1864 4020 lambini
1893 3973 2194 4032 Venetaque.
2235 3971 2394 4032 Quam
2439 3971 2678 4018 Garaton-

1641 4051 1806 4100 laudat
1841 4050 2210 4113 praetermissam
2229 4084 2244 4108 ,
2289 4059 2338 4098 et
2383 4049 2578 4108 multis,
2613 4047 2680 4096 de

1641 4147 1799 4192 more,
1823 4129 2056 4180 defendit.
