2984 4684
48 2135 59 2178 -vs—
49 2019 55 2066 -·—
48 1905 61 1954 v·-
49 1795 59 1840 -ι
48 1683 57 1730 -ι-
52 1571 54 1574 Α
51 1459 57 1502 -—
51 1381 55 1394 -

655 419 771 488 IN
819 415 1266 485 VERREM
1318 413 1536 485 AcT.
1589 417 1707 500 11,
1757 415 1953 484 Lm.
2001 418 2102 485 11.
2281 383 2444 486 '503

324 540 601 613 tabulas
631 537 1015 624 haberent,
1050 537 1653 610 consuetudinem
1691 561 1882 626 esse,
1917 552 2036 626 ut,
2069 561 2300 635 quum
2339 553 2443 608 ta-

320 649 528 722 bulas
553 674 745 720 novo
771 651 1111 745 magistro
1138 647 1538 738 traderent,
1571 648 1902 745 exempla
1921 649 2288 722 literarum
2311 650 2450 748 ipsi

322 759 589 834 babere
628 783 783 830 non
834 757 1137 830 nollent.
1182 763 1437 857 Itaque
1474 757 1566 831 ad
1615 763 1694 829 L.
1733 757 2062 844 Vibiffum
2129 761 2446 857 equitem

322 893 747 956 romanum,
780 871 1016 940 virum
1052 871 1514 967 primarium,
1551 893 1772 968 quem
1804 866 2257 994 reperiebam
2299 891 2454 940 ma·-

323 985 626 1080 gistrum
664 923 887 1052 fiiisse
918 1004 1007 1050 eo
1042 980 1204 1077 ipso
1238 1003 1475 1066 anne,
1529 982 1659 1077 qui
1699 977 1880 1049 mihi
1919 980 2230 1048 maxime
2266 1001 2456 1073 quae·

322 1091 591 1163 rendus
614 1104 791 1180 erat,
812 1093 1131 1189 primum
1148 1091 1339 1161 veni.
1370 1094 1556 1162 Sane
1579 1089 1861 1161 bomini
1879 1099 2138 1186 praeter
2165 1088 2452 1185 opinio·

326 1227 495 1274 nem
530 1203 927 1300 improviso
960 1200 1205 1274 incidi.
1242 1203 1614 1272 scrutatus
1646 1224 1808 1272 sum
1829 1209 1879 1287 ¹,
1905 1223 2068 1297 quae
2099 1198 2344 1295 potui,
2388 1211 2461 1268 et

322 1315 616 1410 quaesivi
650 1314 915 1384 omnia.
940 1313 1191 1383 Inveni
1223 1310 1411 1384 duos
1438 1311 1634 1382 solos
1661 1309 1966 1395 libellos,
2005 1307 2099 1379 ab
2121 1313 2199 1379 L.
2223 1311 2459 1378 Canu-

324 1423 466 1494 leio
495 1423 751 1494 missos
767 1423 983 1494 sociis
1000 1447 1089 1495 ex
1112 1435 1334 1520 portu
1353 1421 1752 1519 Syracusis:
1777 1421 1852 1490 in
1882 1417 2152 1518 quibus
2180 1431 2336 1490 erat
2357 1441 2460 1490 ra·

326 1532 428 1602 tio
454 1533 717 1629 scripta
742 1531 1101 1604 mensium
1124 1531 1636 1628 complurium,
1651 1553 1898 1602 rerum
1917 1543 2458 1627 exportatarum

323 1639 529 1711 istius
564 1642 861 1712 nomine
896 1641 1049 1711 sine
1086 1644 1439 1738 portorio.
1482 1647 1744 1738 Itaque
1777 1639 2150 1738 obsignavi
2192 1641 2456 1710 statim.

322 1753 546 1822 Erant
581 1748 734 1822 haec
768 1775 858 1822 ex
892 1773 985 1821 eo
1022 1747 1287 1847 genere
1308 1803 1328 1837 ,
1366 1749 1568 1847 quod
1603 1773 1742 1848 ego
1769 1753 2078 1820 maxime
2109 1771 2344 1846 genus
2371 1769 2462 1818 ex

324 1864 691 1932 sociorum
736 1859 963 1934 literis
994 1863 1313 1958 reperire
1350 1859 1774 1959 cupiebam3
1827 1883 2082 1930 verum
2127 1871 2410 1930 tantum
2426 1867 2458 1902 ⁸

327 1972 610 2060 inveni,
646 1969 962 2066 judicem,
1006 1970 1209 2068 quod
1246 1970 1443 2070 apud
1480 1997 1612 2044 vos
1647 1971 1854 2068 quasi
1895 1968 2206 2067 exempli
2247 1991 2456 2040 causa

328 2077 653 2177 proferre
691 2103 999 2179 possem.
1032 2077 1172 2152 Sed
1208 2093 1489 2167 tamen,
1531 2078 1896 2177 quidquid
1931 2079 2070 2150 erit
2101 2079 2178 2148 in
2217 2077 2332 2149 his
2371 2077 2456 2148 li-

326 2185 568 2276 bellis,
592 2190 1349 2287 quantulumeumque
1376 2188 1747 2260 videbitur
1767 2211 1954 2274 esse,
1985 2187 2126 2259 boc
2161 2187 2457 2285 quidem

328 2311 523 2370 certe
552 2297 1013 2372 manifestum
1044 2300 1181 2370 erit
1210 2326 1225 2369 :
1255 2297 1347 2369 de
1382 2302 1639 2369 ceteris
1675 2321 1761 2370 ex
1789 2295 1932 2368 hoc
1967 2297 2456 2391 conjecturam

328 2405 562 2480 facere
606 2407 981 2480 debebitis.
1030 2409 1275 2479 Recita
1306 2406 1485 2478 mihi
1503 2461 1523 2494 ,
1565 2425 1846 2504 quaese,
1895 2406 2092 2478 hunc
2139 2409 2456 2503 primum

328 2517 655 2590 libellum
674 2543 695 2607 ;
716 2515 977 2588 deiude
996 2517 1199 2588 illum
1226 2517 1558 2588 alterum.
1587 2523 1868 2588 Lunam
1899 2521 2274 2587 Camunni.
2301 2523 2454 2588 Jam

328 2651 479 2699 non
496 2651 769 2723 quaero,
790 2625 989 2698 unde
1020 2649 1189 2697 cccc
1222 2625 1608 2724 amphoras
1627 2627 1857 2698 mellis
1879 2624 2458 2713 habueris-‚made

330 2753 601 2810 tantam
627 2736 1075 2840 Melitensem
1108 2733 1646 2826 vestem³,unde
1681 2736 2210 2836 quinquaginta
2235 2735 2454 2806 tricli-

332 2848 621 2918 niorum
639 2847 897 2934 lectos,
922 2846 1120 2918 unde
1140 2861 1249 2918 tot
1264 2845 1727 2934 candelabra3
1751 2871 1928 2935 non,
1951 2847 2246 2944 inquam
2263 2899 2282 2934 ,
2305 2845 2450 2940 jam

333 2981 601 3054 quaem,
624 2955 822 3028 unde
850 2956 999 3030 baec
1028 2956 1405 3029 habueris:
1441 2957 1570 3030 sed
1598 2981 1746 3056 quo
1783 2955 1914 3028 tibi
1948 2970 2231 3028 tantum
2267 2981 2455 3055 opus

334 3065 586 3156 fuerit,
630 3067 703 3138 id
740 3091 1007 3165 quaero.
1045 3073 1257 3140 Mitto
1290 3068 1381 3140 de
1418 3066 1680 3142 melle:
1718 3065 1844 3138 sed
1879 3079 2262 3137 tantumne
2297 3071 2451 3140 Me-

334 3175 745 3249 litensium?
806 3181 1011 3276 quasi
1052 3181 1268 3250 etiam
1320 3178 1717 3250 amicorum
1737 3181 1766 3231 ⁴
1815 3201 2077 3248 uxores
2114 3203 2132 3247 t
2170 3191 2454 3265 tantum¹

404 3411 633 3458 Lxxrv.
657 3413 969 3460 affluam
990 3427 1111 3462 sum.
1136 3415 1349 3462 Accusa-
1434 3423 1487 3461 st
1524 3413 1644 3462 satis
1679 3412 1860 3461 multos
1895 3423 2056 3462 tamen
2092 3423 2150 3460 ut
2170 3411 2452 3472 iudicaretis

338 3487 553 3546 toribus,
580 3490 802 3552 poetotis
824 3491 929 3554 lege
947 3501 1093 3554 atque
1108 3491 1317 3556 imperio
1330 3525 1347 3552 ,
1434 3504 1560 3557 quot
1591 3503 1641 3541 et
1669 3501 1849 3555 quanta
1882 3492 2174 3540 invenissem
2207 3493 2450 3540 furtorum

336 3577 555 3633 potest-s
592 3565 799 3616 ‹hbstus
844 3569 1003 3618 omnis
1020 3605 1035 3628 ,
1056 3585 1167 3634 qun
1215 3569 1351 3635 apud
1434 3571 1604 3619 Venis
1627 3579 1904 3634 arguments
1921 3603 1937 3628 ,
1972 3573 2016 3618 si
2032 3571 2196 3635 plum
2211 3569 2450 3630 ejusmodi

336 3663 577 3713 pemque
616 3647 687 3695 sd
712 3647 1071 3698 sectationem
1102 3650 1349 3698 instruen-
1437 3649 1626 3698 tabulas
1643 3649 1940 3714 lupen-issem.

337 3728 451 3776 da-
470 3727 761 3792 poetinsutis
782 3728 1075 3794 reperirent,
1102 3729 1353 3778 mun-di
1512 3729 1562 3779 3.
1591 3729 1811 3778 hmbiu.
1839 3731 1985 3776 Grut.
2018 3727 2126 3786 sm,
2155 3728 2320 3777 «uude
2349 3741 2454 3778 tsn-

337 3823 397 3857 so
418 3806 735 3871 obsignandi,
767 3818 819 3856 st
844 3809 1051 3856 Romam
1076 3807 1351 3868 Mundi,
1441 3821 1546 3858 tum
1593 3808 1922 3858 Melitensium
1949 3841 1965 3866 ,
2025 3807 2160 3856 unde
2214 3809 2452 3872 quinqua·

340 3905 403 3938 ne
437 3887 559 3952 quid
597 3887 843 3935 removeri
876 3899 1059 3952 posses.
1107 3887 1203 3936 sed
1246 3887 1356 3953 lege
1439 3889 1574 3952 ginta
1597 3907 1642 3934 ι.
1665 3889 1715 3937 J.
1731 3888 1794 3935 V.
1813 3889 1866 3934 L.

338 3967 704 4034 excipiebantur
740 3965 917 4016 tsbuh
950 3967 1319 4033 publicanorum
1336 4005 1352 4030 ,
1515 3977 1562 4025 4.
1605 3966 1902 4015 Amicorum.
1949 3965 2266 4015 Patrouomm
2279 4006 2292 4028 ‚
2330 3983 2454 4031 quos

341 4063 603 4112 quo-snus
618 4049 823 4096 Romam
838 4046 1225 4112 deportarentur.
1440 4047 1554 4094 inde
1587 4049 1640 4094 iu
1671 4045 1902 4094 invidiam
1927 4045 2149 4104 adducit,
2186 4047 2322 4109 qussi
2349 4047 2451 4095 baec

418 4143 463 4175 s.
498 4129 723 4176 Tantum.
743 4129 931 4176 Paucos
950 4127 1117 4176 inveni
1138 4126 1353 4187 libellos,
1442 4127 1511 4174 eis
1527 4137 1610 4176 sut
1626 4141 1796 4176 eorum
1815 4125 2049 4176 uos-ibus
2065 4125 2246 4174 doust·
2259 4124 2458 4174 suerint.
