2984 4684
812 372 1199 443 ORATIO
1250 374 1453 441 PRO
1505 374 1573 442 S.
1625 376 2032 443 ROSCIO.
2393 372 2490 443 65

338 508 687 581 tatem,ex
706 507 961 563 senatu
990 496 1065 562 in
1092 490 1233 562 hoc
1261 494 1644 563 consilium
1672 492 1965 565 delecti⁶
1994 496 2161 563 estis
2187 510 2488 592 propter

341 608 829 691 severitatem,
856 602 947 673 ab
974 601 1088 671 bis
1113 601 1257 673 hoc
1280 604 1648 701 postulare
1673 602 2006 675 homines
2033 606 2358 692 sicarios,
2391 619 2492 675 at·

340 738 487 811 que
524 711 977 811 gladiatores,
1003 736 1156 783 non
1188 711 1414 784 modo
1446 728 1532 783 ut
1565 714 1923 811 supplicia
1953 716 2219 803 vitent,
2260 740 2422 814 quae
2443 740 2488 787 a

340 822 552 894 vobis
586 847 725 921 pro
770 819 1137 893 maleficiis
1188 825 1339 893 suis
1380 836 1706 895 metuere
1755 838 1976 921 atque
2023 823 2320 896 horrere
2367 826 2492 897 de-

342 932 563 1021 bent,
592 957 849 1003 verum
891 936 1109 1003 etiam
1150 946 1235 1004 ut
1278 932 1528 1032 spoliis
1577 938 1734 1005 Sex.
1764 936 2002 1007 Roscii
2042 934 2186 1006 hoc
2209 936 2490 1034 judicio

344 1047 585 1115 ornati
616 1046 957 1141 auctique
992 1042 1407 1115 discedant?

442 1160 564 1225 IV.
610 1156 738 1225 His
782 1152 873 1225 de
910 1153 1131 1225 rebus
1164 1157 1413 1245 tantis,
1466 1168 1762 1251 tamque
1801 1153 2206 1244 atrocibus,
2246 1182 2489 1255 neque

348 1268 520 1337 satis
554 1290 671 1336 me
716 1261 1098 1335 commode
1145 1261 1387 1335 dicere
1410 1300 1443 1354 ,·
1485 1288 1728 1361 neque
1765 1268 1934 1335 satis
1979 1266 2286 1361 graviter
2323 1290 2498 1337 con-

344 1378 600 1475 queri,
658 1399 903 1471 neque
949 1378 1119 1446 satis
1160 1374 1389 1446 libere
1431 1372 1810 1445 vociferari
1865 1398 2079 1472 posse
2123 1376 2490 1473 intelligo:

344 1510 520 1557 nam
558 1484 1057 1556 commoditati
1092 1487 1506 1581 ingenium,
1556 1486 1882 1580 gravitati
1933 1498 2136 1570 aetaS,
2179 1482 2494 1557 libertati

350 1612 683 1693 tempora
718 1610 891 1665 sunt
921 1594 1469 1693 impedimento.
1519 1600 1680 1665 Huc
1717 1592 1996 1666 accedit
2043 1619 2372 1666 summus
2413 1599 2500 1667 ti·

352 1716 577 1792 mor¹‚
612 1730 835 1802 quem
861 1704 1041 1775 mihi
1074 1719 1331 1776 natura
1362 1699 1752 1803 pudorque
1784 1729 1989 1795 meus
2031 1704 2397 1794 attribuit,
2426 1722 2502 1779 et

351 1834 592 1891 vestra
638 1818 985 1916 dignitaS,
1029 1832 1103 1889 et
1134 1820 1243 1889 vis
1281 1816 1856 1889 adversariorum
1879 1870 1898 1903 ,
1943 1830 2018 1889 et
2064 1819 2222 1889 Sex.
2260 1821 2496 1888 Roscii

354 1929 702 2029 pericula.
740 1932 1207 2026 Quapropter
1240 1944 1373 1997 vos
1398 1952 1532 1998 oro
1557 1942 1778 2023 atque
1811 1925 2148 2015 obsecre,
2185 1927 2501 2023 judiceS,

354 2055 443 2111 ut
466 2054 770 2127 attente,
798 2037 1147 2135 bonaque
1174 2062 1341 2108 cum
1370 2041 1584 2107 venia
1608 2035 1832 2108 verba
1859 2061 2018 2107 mea
2048 2037 2376 2111 audiatis

454 2147 632 2221 Fide
659 2148 1157 2246 sapientiaque
1178 2159 1415 2216 vestra
1440 2145 1670 2217 fretus
1690 2200 1709 2234 ‚
1742 2146 1907 2244 plus
1931 2151 2176 2219 oneris
2205 2151 2461 2220 sustuli
2477 2206 2496 2237 ‚

358 2281 582 2356 quam
614 2254 803 2328 ferre
836 2282 951 2327 me
989 2280 1202 2355 posse
1234 2255 1582 2353 intelligo.
1612 2261 1770 2327 Hoc
1799 2281 1989 2328 onus
2021 2260 2080 2329 si
2106 2283 2238 2329 vos
2263 2260 2509 2359 aliqua

366 2394 453 2441 ex
489 2382 697 2467 parte
748 2365 1179 2453 allevabitis‚
1236 2362 1496 2455 feram,
1528 2380 1612 2437 ut
1653 2381 1948 2465 potero,
1993 2368 2236 2439 studio
2287 2385 2362 2442 et
2399 2376 2510 2443 in-

365 2472 642 2551 dustria
665 2532 685 2565 ,
712 2475 1033 2574 judices:
1064 2480 1173 2546 sin
1202 2499 1245 2546 a
1275 2474 1482 2547 vobis
1501 2530 1520 2565 ‚
1553 2473 1630 2546 id
1655 2475 1858 2573 quod
1885 2500 2036 2547 non
2065 2489 2350 2575 spei-0²,
2377 2479 2508 2553 de-

366 2614 580 2677 serar‚
604 2602 844 2659 tamen
874 2588 1118 2657 animo
1152 2611 1303 2657 non
1336 2584 1696 2675 deficiam,
1727 2601 1802 2658 et
1835 2586 1934 2675 id,
1965 2586 2168 2683 quod
2193 2594 2503 2688 suscepi,

364 2699 611 2801 quoad
636 2713 919 2799 potero,
945 2695 1301 2796 perferam
1331 2724 1349 2766 ι
1378 2695 1584 2795 quod
1612 2700 1672 2768 si
1697 2695 2016 2796 perferre
2045 2722 2196 2767 non
2223 2712 2506 2795 potere,

366 2922 500 2971 tibus
517 2922 570 2967 in
586 2928 809 2967 senatum
824 2916 1255 2979 inductis‚judicia
1276 2916 1393 2965 olim
1553 2917 1644 2965 IV.
1678 2933 1723 2964 ι.
1755 2918 1975 2964 Summus
1999 2914 2160 2965 timor.
2195 2916 2256 2965 Id
2280 2932 2305 2965 s
2331 2929 2504 2969 natura

369 3018 397 3051 ι
427 3004 481 3053 C.
506 3000 735 3049 Graccho
760 2997 845 3063 (A.
863 2998 927 3047 U.
948 2998 1005 3047 C.
1030 2998 1153 3062 630)
1186 2998 1399 3045 romanis
1484 2996 1709 3047 Ciceroni
1738 2995 1937 3043 insitum
1959 2995 2076 3055 suit,
2109 3006 2166 3044 ut
2189 2996 2383 3046 dicendi
2412 3000 2506 3048 ini-

368 3080 623 3145 equitibus
648 3078 833 3137 delata,
849 3076 1039 3127 senatui
1056 3078 1145 3125 nni
1168 3077 1396 3125 restitnit.
1484 3076 1558 3124 tio
1577 3076 1784 3123 maxime
1810 3086 2190 3138 permoveretur.
2205 3076 2322 3127 Vid.
2341 3079 2510 3127 Divin.

372 3160 527 3223 Quod
552 3159 619 3207 ad
646 3166 907 3222 pretorem
922 3156 1175 3205 Aurelium
1204 3158 1398 3207 Cottam
1490 3156 1572 3203 13.
1607 3154 1800 3203 Cluent.
1831 3155 1912 3203 18.
1944 3154 2116 3218 Neque
2149 3154 2284 3203 hunc
2313 3156 2510 3207 dicendi

373 3256 527 3303 usque
551 3236 777 3296 duravit,
800 3235 889 3300 qni
900 3236 983 3301 (A.
1001 3238 1067 3284 U.
1082 3237 1137 3283 C.
1158 3234 1284 3300 683)
1302 3250 1401 3283 una
1487 3234 1712 3281 timorem
1737 3232 1912 3281 deinde
1931 3244 2016 3281 snt
2039 3250 2172 3293 usus,
2183 3246 2268 3282 ant
2290 3248 2404 3285 aetss
2421 3240 2509 3286 im-

374 3334 485 3367 cum
504 3332 634 3366 coss.
650 3314 983 3381 Pompeio,in
996 3314 1197 3375 judiciis
1214 3314 1403 3377 equites
1486 3310 1683 3359 minuit.
1707 3312 1786 3361 Cf.
1807 3310 1974 3373 Dejot.
1997 3330 2045 3361 c.
2065 3330 2110 3372 1,
2129 3324 2176 3361 et
2201 3313 2262 3361 de
2292 3316 2430 3366 Orat.
2451 3320 2476 3366 1
2493 3354 2510 3382 ‚

376 3408 522 3461 atque
546 3396 707 3445 aerarii
732 3394 955 3443 uibnnos
978 3394 1283 3441 senatoribus
1310 3394 1403 3441 im-
1492 3392 1579 3448 26,
1599 3389 1684 3439 ubi
1710 3390 1802 3438 sub
1821 3392 1980 3441 Crassi
2005 3408 2210 3455 persona
2239 3393 2300 3440 de
2327 3412 2379 3443 se
2403 3397 2510 3462 ipse

378 3476 593 3525 miamin.
984 3492 1001 3509 ι
1493 3470 1564 3518 sit
1581 3486 1596 3517 ε
1631 3470 1722 3519 «εἰει
1749 3486 1826 3517 me
1844 3468 1956 3534 ipso
1983 3472 2246 3535 saepissime
2269 3478 2512 3541 experior,

449 3557 500 3605 6.
530 3552 737 3603 Deles-ti.
766 3554 965 3602 Certum
986 3552 1211 3614 judicum
1236 3568 1407 3600 nume·
1494 3559 1552 3597 nt
1585 3548 1886 3597 exalbescam
1923 3550 1977 3598 in
2009 3552 2265 3617 principiis
2290 3554 2513 3618 dicendi,

380 3650 515 3693 mm,
552 3633 643 3697 qui
665 3633 883 3697 suspecti
906 3644 1089 3689 essent,
1127 3629 1409 3693 rejiciebant
1497 3640 1546 3677 ct
1568 3639 1670 3676 tota
1691 3638 1852 3676 mente
1873 3640 2020 3693 atque
2052 3618 2279 3681 omnibns
2311 3638 2516 3687 artubus

378 3724 639 3762 accusator
667 3721 719 3759 et
742 3696 873 3761 reus.
909 3712 999 3761 His
1024 3710 1245 3771 rejectis,
1286 3708 1409 3757 alios
1497 3706 1922 3756 contremiscam».

382 3801 564 3857 pretor
578 3789 983 3853 subsortiemur,
992 3790 1171 3855 quibus
1188 3788 1411 3850 judio-:m
1572 3803 1621 3835 2.
1667 3784 1779 3833 Non
1823 3801 1978 3850 spero.
2027 3788 2245 3841 Subaud.
2274 3792 2518 3857 fiam-um.

382 3870 630 3935 legitimus
664 3881 896 3917 numerus
936 3869 1280 3933 comples-etun
1312 3866 1414 3931 Qui
1503 3869 1706 3931 Spemne
1729 3864 1859 3912 enim
1885 3865 2018 3913 idem
2047 3874 2122 3915 e'st
2151 3886 2210 3916 ac
2230 3873 2520 3924 existiman-e.

386 3965 506 4013 ergo
534 3947 733 4011 jndices
772 3960 886 4011 post
926 3950 1237 4010 rejectionem
1279 3946 1419 3995 relin-
1505 3945 1624 3993 vid.
1645 3944 1778 3994 an.
1804 3944 1870 3991 ad
1905 3945 2034 3993 Flor.
2067 3949 2172 4007 111,
2213 3967 2256 3997 ι.
2287 3954 2436 4001 Periz.
2462 3956 2526 4003 sd

387 4028 665 4092 qnebantur
694 4042 807 4075 cum
842 4028 904 4075 iis
941 4030 1029 4092 qui
1061 4044 1150 4092 per
1184 4026 1423 4075 subsorti-
1513 4028 1680 4074 Sanct.
1718 4024 1926 4071 Minerv.
1965 4025 2053 4083 lv,
2087 4034 2177 4087 14„
2213 4027 2262 4077 6.
2303 4058 2372 4067 -——-
2407 4031 2528 4081 Cam

387 4106 573 4157 tionem
598 4118 899 4156 accesseram
906 4106 1219 4171 ,dicebantur
1236 4102 1423 4155 delecti.
1503 4104 1633 4173 fide.
1659 4102 1863 4169 Propter
1890 4094 2174 4169 opinionem
2197 4108 2258 4156 de
2281 4108 2380 4158 fide
2410 4126 2533 4160 mea.

638 4197 693 4263 Ῑ.
751 4212 844 4259 cie.
859 4227 972 4273 pars
992 4208 1209 4256 secunda.
2255 4193 2294 4263 5
