2984 4684
752 402 1211 473 NICOLAI
1268 402 1959 473 DESJARDINS.
2321 405 2436 495 xxj

295 544 448 599 tum
472 527 657 598 illud
687 550 841 597 esse
866 526 1093 595 critici
1123 538 1419 621 putant,
1436 522 1598 619 styli
1617 524 1999 596 exercendi
2025 526 2249 621 gratia
2275 550 2447 596 con-

292 642 684 737 scriptum3
733 636 982 733 quales
1019 649 1189 704 sunt
1236 633 1688 705 laudationes
1727 634 2120 706 Phalaridis
2141 690 2160 721 ,
2202 634 2449 706 Ebrie-

294 754 485 835 tatis‚
525 763 599 819 et
640 761 1055 819 ceterorum
1100 742 1174 813 id
1216 768 1447 841 genus
1484 768 1524 813 a
1561 743 2119 831 recentioribuS,
2163 770 2315 815 non
2353 746 2446 817 ad

292 860 394 929 rei
420 860 803 929 veritatem
824 910 842 942 ‚
876 854 1002 926 sed
1042 854 1133 925 ad
1167 855 1334 951 styli
1377 857 1962 926 exercitationem
1997 858 2444 955 conscriptae.

292 972 516 1065 Atqui
544 965 901 1064 ejusmodi
926 967 1501 1063 vituperationes
1529 965 1620 1036 ab
1658 966 1934 1037 insulso
1967 966 2450 1057 declamatore

291 1078 453 1151 data
488 1104 721 1177 opera
752 1092 1186 1149 coacervatae
1209 1130 1230 1163 ,
1266 1102 1361 1147 an
1404 1100 1760 1173 umquam
1798 1079 2273 1149 accusationis
2305 1077 2453 1147 vim

294 1189 483 1289 apud
520 1191 842 1287 aliquem
876 1185 1355 1273 obtinebunt,
1400 1188 1538 1257 nisi
1575 1190 1732 1285 ipse
1771 1190 1861 1256 sit
1891 1186 2454 1258 insulsissimus?

294 1300 531 1370 Fictus
590 1299 709 1369 ille
759 1294 1140 1368 Sallustius
1184 1320 1272 1365 ex
1326 1296 1574 1367 Caleni
1631 1299 1962 1367 oratione
2011 1299 2452 1396 excerpsisse

294 1410 582 1481 videtur
618 1408 1012 1479 calumnias
1056 1430 1343 1489 omneS,
1390 1431 1554 1502 quae
1593 1421 2022 1503 argumento
2059 1408 2262 1504 quod
2304 1422 2454 1477 tra-

295 1520 637 1591 ctandum
658 1532 1095 1617 susceperat,
1115 1531 1360 1588 essent
1388 1516 1984 1589 accommodatae:
2009 1517 2208 1588 unde
2237 1522 2450 1588 etiam

298 1630 523 1700 levior
552 1628 636 1699 fit
664 1631 818 1724 ejus
854 1630 1239 1699 auctoritas
1273 1654 1287 1695 :
1322 1642 1395 1697 et
1424 1628 1638 1699 simul
1658 1628 2070 1699 >ostenditur
2099 1628 2452 1699 Calenum

300 1764 529 1811 unum
576 1764 771 1820 esse,
831 1763 871 1809 a
921 1762 1071 1835 quo
1116 1742 1253 1809 ista
1302 1737 1630 1837 profecta
1657 1742 1824 1810 sint
1875 1744 1952 1809 in
1997 1741 2447 1809 Ciceronem.

296 1852 524 1921 Porro
543 1850 869 1941 Quintus
896 1847 1143 1919 Fufius
1162 1850 1476 1921 Calenus
1502 1848 1736 1921 fuerat
1763 1854 1838 1920 in
1871 1848 2198 1948 partibus
2222 1854 2450 1921 Caesa-

298 1964 389 2030 ris
417 1973 674 2031 contra
696 1960 1158 2057 Pompeium3
1182 1975 1401 2057 atque
1425 1975 1674 2057 postea
1704 1959 2084 2032 studuerat
2113 1960 2452 2032 ardenter

298 2070 643 2156 Antonio,
658 2093 883 2165 quem
902 2066 1317 2166 reipublicae
1338 2069 1650 2157 hostem,
1661 2070 1898 2141 Tullio
1919 2072 2326 2158 annitente,
2345 2096 2450 2142 se·

298 2193 509 2249 natus
533 2175 999 2273 judicaverat.
1033 2180 1363 2249 Graviter
1392 2194 1468 2250 et
1501 2179 1760 2254 acerbe
1793 2180 2002 2277 (Phil.
2017 2184 2186 2251 VIII
2215 2194 2289 2251 et
2314 2184 2450 2273 X),

297 2288 519 2387 idque
578 2314 733 2360 non
787 2288 1050 2376 semel,
1096 2288 1377 2359 Tullius
1426 2292 1504 2360 in
1553 2304 1812 2360 senatu
1859 2289 2137 2361 dixerat
2199 2305 2452 2361 contra

298 2400 647 2469 Calenum
671 2453 691 2486 ,
734 2422 1099 2469 summum
1138 2401 1435 2470 Antonii
1469 2402 1784 2471 amicum
1831 2416 1902 2471 et
1939 2398 2443 2473 defensorem:

296 2532 575 2579 summa
620 2533 797 2606 ergo
837 2507 973 2579 fuit
1026 2510 1217 2578 inter
1271 2534 1395 2580 eos
1454 2509 1806 2581 dissensio
1858 2510 2295 2598 voluntatis3
2361 2525 2446 2580 ut

296 2623 561 2689 mirum
605 2643 763 2690 non
800 2621 919 2708 sit,
966 2619 1023 2689 si
1069 2618 1267 2690 hunc
1303 2618 1424 2690 ille
1460 2622 1956 2691 inimicissime
1995 2636 2218 2715 atque
2255 2616 2442 2690 infe-

295 2730 601 2800 stissime
638 2732 1053 2800 insectetur.
1092 2733 1292 2800 Fecit
1327 2732 1554 2801 iratus
1575 2784 1594 2816 ,
1648 2728 1821 2802 fecit
1865 2731 2232 2814 inimicus,
2280 2728 2450 2800 fecit

297 2841 490 2912 ultor
537 2839 813 2911 doloris
863 2840 1011 2928 sui,
1059 2853 1132 2911 et
1168 2841 1468 2937 punitor
1502 2840 1820 2935 injuriae,
1859 2864 2080 2936 quarn
2126 2842 2462 2910 Antonio·

302 2950 557 3023 factam
610 2948 833 3021 fuisse
881 2947 1391 3022 arbitrabatur.
1458 2955 1552 3023 At
1608 2953 1683 3021 in
1737 2950 2150 3023 exulcerato
2203 2952 2446 3022 animo

300 3060 552 3133 fictum
589 3064 865 3132 crimen
902 3062 1083 3158 quin
1124 3058 1331 3133 facile
1357 3077 1716 3147 nascatur,
1745 3086 1964 3133 nemo
1997 3079 2104 3133 est
2135 3066 2442 3133 nescius.

302 3176 651 3243 Praeterea
686 3173 1093 3241 criminatio
1132 3168 1381 3242 Caleni
1418 3194 1580 3267 quae
1625 3172 1777 3242 est?
1829 3176 2102 3243 Omnes
2141 3174 2444 3243 omnino

301 3296 573 3353 naturae
615 3297 687 3352 et
720 3284 989 3379 ingenii
1018 3282 1319 3352 virtutes
1346 3281 1586 3351 Tullio
1609 3281 1920 3353 Calenus
1947 3280 2344 3376 abjudicat,
2375 3296 2447 3353 et

301 3392 658 3463 contraria
708 3391 1005 3488 singulis
1058 3389 1449 3463 virtutibus
1487 3394 1662 3463 vitia
1705 3394 1767 3463 ei
1822 3391 2290 3491 impudenter
2338 3390 2448 3461 af-

298 3502 525 3602 fingit.
562 3504 941 3577 Maledicta
966 3507 1047 3576 in
1074 3507 1297 3609 vitam
1328 3506 1620 3577 alterius
1650 3522 1796 3577 tam
1827 3505 2260 3603 petulanter,
2299 3520 2446 3577 tam

300 3639 593 3713 aspere,
645 3630 793 3685 tam
851 3613 1189 3686 ferociter
1232 3616 1566 3710 conjecta
1617 3613 2052 3686 refelluntur
2101 3641 2189 3686 eo
2245 3617 2447 3714 ips0,

302 3727 498 3822 quod
516 3783 535 3814 ,
552 3750 703 3823 qua
721 3726 885 3821 jure
910 3752 1055 3823 qua
1083 3728 1369 3823 injuria,
1392 3726 1700 3797 laad-endi
1727 3725 2171 3797 voluntatem
2201 3743 2448 3826 aperte

304 3859 441 3933 prae
476 3862 553 3909 se
590 3836 850 3909 ferant.
898 3837 1351 3909 Calumniam
1401 3862 1578 3909 vero
1623 3854 1768 3907 tam
1818 3836 2294 3936 multiplicem
2319 3893 2340 3925 ,
2375 3854 2451 3908 et

304 3959 441 4016 tam
499 3962 825 4018 atrocem
864 3972 1008 4017 non
1053 3945 1261 4019 avide
1298 3950 1719 4046 arripuisset
1760 3949 1934 4033 Dio;
1973 3972 2252 4044 neque,
2301 3963 2448 4019 tam

305 4054 463 4129 salsa
524 4056 1050 4148 describendO,
1106 4061 1421 4130 inustam
1478 4059 1862 4129 verissimis
1901 4058 2448 4129 mendaciorum

306 4172 487 4239 notis
518 4168 897 4239 historiam
935 4169 1342 4241 tradidisset
1371 4171 1752 4242 hominum
1789 4170 2151 4243 memoriae
2189 4172 2452 4266 sempi-
2505 4216 2508 4219 -
