2984 4684
820 334 1217 403 ORATIO
1258 334 1471 406 PRO
1520 336 1589 405 S.
1641 336 2050 409 ROSCIO.
2369 362 2500 438 127

362 466 591 542 nesta,
606 451 947 543 credo‚in
968 452 1326 551 ejusmodi
1348 454 1608 527 domo:
1627 458 1686 527 si
1709 456 1973 529 domus
1995 456 2148 531 haec
2170 458 2509 535 habenda

358 579 471 634 est
506 567 793 664 potiuS‚
834 589 1057 663 quam
1106 564 1401 637 officina
1444 569 1824 663 nequitiae,
1881 582 1956 639 et
2009 566 2508 647 deversorium

358 672 805 771 flagitiorum
846 678 1203 748 omnium.
1243 680 1405 775 Ipse
1438 702 1614 749 vero
1643 677 2266 777 quemadmodum
2313 706 2509 757 com-

356 788 603 881 posito
644 798 721 855 et
768 783 1099 859 delibuto
1144 788 1403 886 capillo
1424 784 1453 831 ⁸
1489 792 1758 887 passim
1797 814 1931 889 per
1973 788 2218 865 forum
2250 795 2507 868 volitet

355 919 527 965 cum
572 919 835 993 magna
864 912 1147 969 caterva
1189 912 1603 996 togatorum
1619 910 1677 991 ⁹,
1711 900 2010 991 videtis,
2045 902 2372 999 judices;
2417 921 2503 977 ut

352 1029 615 1077 omnes
641 1006 1027 1107 despiciat;
1056 1022 1143 1079 ut
1167 1007 1544 1082 hominem
1576 1034 1726 1109 prae
1755 1036 1832 1083 se
1865 1016 2234 1085 neminem
2257 1030 2506 1113 putet3

354 1130 441 1187 ut
462 1140 539 1187 se
570 1117 809 1188 solum
834 1116 1134 1190 beatum
1152 1172 1173 1206 ,
1198 1118 1438 1191 solum
1464 1134 1842 1218 potentem
1865 1136 2096 1220 putet.
2122 1125 2302 1213 Quae
2326 1148 2502 1196 vero

350 1225 663 1318 efficiat,
702 1244 779 1300 et
806 1254 971 1327 quae
1002 1242 1337 1319 conetur,
1379 1232 1442 1303 si
1488 1231 1709 1302 velim
1749 1254 2318 1303 commemorare
2339 1287 2360 1321 ‚
2385 1258 2506 1305 ve-

348 1362 544 1425 reor,
567 1338 851 1436 judices
866 1394 887 1431 ‚
910 1366 1005 1413 ne
1028 1343 1194 1438 quis
1215 1343 1626 1440 imperitior
1643 1343 2003 1413 existimet
2021 1394 2041 1431 ,
2065 1366 2182 1412 me
2210 1366 2500 1415 causam

348 1454 752 1529 nobilitatis
778 1460 1303 1554 victoriamque
1326 1455 1642 1529 voluisse
1670 1457 1928 1529 laedere
1959 1484 1976 1527 ε
2017 1461 2300 1530 tametsi
2331 1483 2497 1531 meo

340 1566 590 1662 jure¹⁰
619 1592 919 1667 possum
938 1570 1041 1656 ‚·si
1069 1566 1253 1665 quid
1284 1569 1361 1637 in
1398 1566 1536 1639 hac
1560 1582 1766 1666 parte
1799 1566 1980 1638 mihi
2010 1592 2162 1638 non
2188 1568 2496 1666 placeat,

346 1681 783 1777 vituperare.
812 1682 981 1752 Non
1008 1681 1207 1751 enim
1235 1702 1519 1767 vereor,
1545 1702 1640 1749 ne
1666 1680 1832 1775 quis
1858 1678 2178 1751 alienum
2205 1703 2324 1751 me
2344 1683 2500 1753 ani-

346 1812 553 1860 mum
588 1788 927 1861 habuisse
956 1813 1000 1860 a
1027 1812 1242 1861 causa
1276 1789 1680 1861 nobilitatis
1711 1790 2091 1861 existimet.

443 1904 727 1972 XLVII.
757 1903 1013 1973 Sciunt
1036 1904 1125 1985 ii,
1152 1904 1284 1999 qui
1316 1924 1435 1973 me
1467 1913 1771 1989 norunt,
1795 1924 1940 1988 me,
1963 1924 2104 1997 pro
2131 1899 2254 1972 illa
2287 1905 2492 1973 tenui

342 2006 781 2108 infirmaque
812 2026 1017 2109 parte
1038 2022 1089 2099 ¹,
1121 2026 1599 2110 posteaquam
1629 2009 1706 2082 id
1729 2064 1748 2099 ‚
1779 2009 1985 2107 quod
2017 2014 2329 2084 maxime
2368 2038 2495 2085 vo-

342 2118 447 2190 lui
468 2174 491 2208 ‚
516 2118 674 2192 fieri
704 2146 857 2192 non
895 2125 1163 2220 potuit,
1186 2137 1271 2194 ut
1298 2135 1890 2221 componeretur,
1921 2119 1998 2192 id
2023 2124 2332 2195 maxime
2359 2121 2488 2195 de-

340 2226 657 2303 fendisse
674 2240 731 2320 ²,
782 2245 865 2302 ut
912 2235 963 2303 ii
994 2235 1407 2321 vincerent,
1464 2234 1596 2330 qui
1645 2234 2002 2303 vicerunt.
2053 2236 2236 2324 Quis
2289 2237 2486 2305 enim

339 2355 520 2429 erat,
548 2335 679 2439 qui
712 2366 864 2413 non
890 2341 1205 2432 videret,
1231 2338 1766 2414 humilitatem³
1799 2364 1966 2413 cum
2007 2340 2356 2439 dignitate
2394 2342 2490 2417 de

336 2449 819 2548 amplitudine
874 2451 1359 2525 contendere?
1428 2456 1599 2544 Quo
1643 2455 1722 2523 in
1767 2454 2160 2523 certamine
2216 2452 2484 2549 perditi

336 2564 513 2633 civis
538 2576 724 2649 erat,
752 2586 904 2635 non
932 2588 1009 2635 se
1042 2562 1137 2634 ad
1168 2588 1295 2635 eos
1315 2565 1650 2661 jungere,
1677 2560 1950 2660 quibus
1985 2562 2486 2635 incolumibus

331 2687 408 2743 et
444 2670 645 2745 domi
688 2672 1033 2772 dignitas-2,
1076 2690 1151 2747 et
1180 2674 1357 2747 foris
1380 2677 1773 2746 auctoritas
1805 2674 2260 2743 retineretur.
2298 2678 2478 2764 Quae
2579 2678 2588 2691 ’

330 2782 655 2881 perfecta
691 2810 883 2876 esse,
924 2802 999 2858 et
1035 2812 1253 2859 suum
1302 2788 1573 2883 cuique
1609 2785 1969 2855 honorem
1993 2837 2012 2872 ,
2059 2797 2132 2854 et
2171 2783 2477 2881 gradum

332 2894 703 2967 redditum
720 2951 739 2985 ,
765 2896 1048 2994 gaudeo
1062 2952 1082 2986 ,
1098 2896 1383 2996 judices
1400 2952 1419 2987 ‚
1444 2895 2064 2991 vehementerque
2090 2894 2334 2984 laetor3
2359 2920 2480 2967 ea-

331 3028 479 3103 que
512 3009 761 3078 omnia
796 3006 1103 3081 deorum
1133 3009 1508 3081 voluntate
1527 3060 1548 3097 ‚
1587 3004 1832 3078 studio
1868 3002 2127 3103 populi
2163 3009 2484 3095 romani,

403 3216 453 3264 8.
480 3214 709 3264 Delibuto
736 3214 934 3280 capillo.
960 3214 1042 3264 Ad
1076 3214 1222 3277 hujus
1253 3215 1356 3264 loci
1442 3230 1544 3263 ene
1569 3230 1626 3262 ac
1654 3211 1866 3276 tempori
1895 3211 2045 3259 servit
2077 3210 2281 3270 Cicero,
2317 3228 2472 3276 quum

326 3294 707 3358 explicationem
738 3294 1065 3359 faciunt,qnae
1089 3293 1235 3343 hebet
1258 3295 1356 3342 Ur·
1444 3306 1614 3343 contra
1640 3307 1820 3357 magno
1845 3306 2039 3356 semper
2065 3290 2231 3338 studio
2256 3292 2470 3341 Marium

322 3375 463 3422 tinne
489 3374 553 3422 ad
576 3375 829 3425 ciacconii
844 3374 1111 3423 triclinium
1127 3406 1141 3434 ,
1164 3390 1217 3439 p.
1238 3376 1355 3423 132.
1443 3374 1512 3421 sit
1534 3382 1881 3438 prosequutus.

396 3470 452 3517 9.
483 3457 794 3521 Togaeorum.
812 3454 1007 3507 Civium
1024 3470 1356 3513 romanorum,
1515 3454 1721 3501 XLVII.
1756 3466 1778 3498 1
1791 3484 1808 3499 .
1841 3449 2151 3517 Infit-meaque
2171 3460 2338 3512 parte.
2372 3452 2472 3501 Pro

320 3549 539 3597 qnorum
574 3545 687 3599 toga
726 3544 831 3583 erat
858 3535 1076 3600 propria.
1106 3535 1221 3596 Quo
1246 3548 1352 3581 nno
1436 3531 1523 3581 ina
1555 3530 1737 3579 virium
1771 3544 1986 3579 mearum
2027 3526 2338 3593 infirmitate,
2375 3546 2470 3596 pro

321 3614 475 3663 verbo
504 3625 551 3662 et
568 3615 734 3663 liberti
751 3614 1105 3678 arrogantiam,
1132 3624 1182 3661 et
1199 3612 1351 3661 elien-
1436 3626 1652 3659 meamm
1697 3626 1850 3673 opum
1903 3607 2158 3657 tenuitate.
2201 3608 2333 3659 Male
2369 3611 2468 3661 hoo

320 3694 445 3741 tium
499 3694 741 3755 abjectam
786 3695 1069 3743 servitutem
1129 3693 1351 3757 designat
1436 3689 1669 3739 retulerat
1714 3691 1926 3739 Hotom.
1949 3686 2014 3737 ad
2038 3687 2216 3747 Marii,
2265 3689 2470 3755 Cium,

319 3782 503 3822 orator.
1437 3770 1678 3822 Carbonis
1703 3777 1883 3832 partes.

396 3867 474 3900 ιο.
509 3856 623 3901 Meo
644 3852 778 3919 jure.
806 3851 959 3915 Quod
984 3852 1099 3900 eatis
1124 3860 1342 3911 constat,
1511 3866 1557 3898 α.
1586 3846 1884 3913 Dfindisse.
1911 3845 2065 3895 Omni
2087 3849 2469 3911 asseveratione,

318 3942 397 3974 me
418 3942 581 3992 partes
605 3932 829 3981 Sullanae
871 3946 1061 3995 semper
1086 3940 1347 3995 sequutum
1433 3930 1597 3997 pelam
1610 3928 1888 3992 probando,
1901 3924 2122 3992 optando
2133 3929 2462 3993 contendisse.

320 4006 490 4056 tuisse:
516 4010 653 4072 quod
678 4014 785 4075 ipse
804 4010 1113 4059 Sullanarum
1132 4010 1347 4075 partium
1509 4011 1561 4058 3.
1611 4008 1966 4057 Humilitatem.
2017 4006 2242 4056 Plebeios
2289 4025 2466 4075 nempe

317 4086 409 4134 eim
438 4086 615 4139 [antor.
646 4090 881 4139 Ceterum
900 4088 993 4137 hae
1020 4090 1072 4138 in
1110 4106 1163 4139 re
1187 4104 1349 4139 caneo
1435 4104 1550 4139 cnm
1569 4086 1819 4138 nobilibus
1837 4088 1898 4138 de
1913 4088 2136 4153 potentia
2153 4088 2462 4139 contendere.
