2984 4684
543 352 686 425 608
1355 356 1879 427 APPENDIX

630 480 884 559 Testes,
938 492 1283 567 postquam
1335 478 1759 557 juravissent,
1820 470 2405 567 interrogabantur.
2470 480 2677 567 Loqui

543 586 756 663 enim,
802 583 928 647 nisi
974 583 1370 673 interrogato
1407 584 1557 647 testi
1604 606 1741 647 non
1780 584 2031 647 licebat.
2092 587 2265 649 Usus
2310 586 2435 649 fori
2474 586 2675 675 gallici

543 710 678 773 est,
723 706 800 755 ut
833 706 1026 755 testes
1071 690 1274 770 judex
1322 692 1700 781 interroget.
1738 692 1826 755 At
1859 692 2083 755 Romae
2132 693 2289 756 olim
2319 694 2676 782 interroga-

543 799 758 863 tiones
793 797 1052 861 testium
1087 796 1329 860 {iebant
1361 818 1478 884 per
1514 814 1951 862 accusatorem
1986 816 2051 863 et
2085 798 2529 880 defensorem;
2564 822 2680 888 per

543 926 696 967 eum
733 902 849 991 qui
885 916 1080 967 testes
1111 900 1545 989 producebat,
1592 919 1660 967 et
1690 926 1807 991 per
1838 926 1993 967 eum
2028 920 2257 967 contra
2292 926 2489 992 quem
2522 927 2677 993 pro·

543 1008 968 1074 ducebantur.

631 1117 1000 1197 Accusator,
1033 1137 1072 1177 a
1107 1136 1242 1201 quo
1271 1114 1825 1203 producebantur,
1856 1116 2039 1205 prior
2068 1138 2181 1179 eos
2204 1116 2679 1205 interrogabat,

541 1238 608 1285 et
639 1236 866 1309 postea
893 1242 1008 1284 reo
1035 1219 1327 1283 tradebat
1349 1220 1867 1310 interrogandos.

633 1328 878 1391 Praetor
899 1326 1342 1415 interrogandi
1365 1326 1563 1391 dabat
1585 1344 1967 1417 potestatem
1992 1354 2011 1410 3
2034 1344 2229 1417 atque
2252 1330 2499 1393 interea
2521 1330 2678 1417 ipse,

549 1449 614 1497 et
637 1431 890 1514 judices
917 1482 935 1514 ,
963 1431 1294 1497 auditores
1331 1456 1430 1512 se,
1475 1450 1545 1498 et
1570 1450 1959 1523 spectatores
1992 1435 2235 1499 otiosos
2269 1435 2679 1523 praebebant:

545 1539 769 1603 scriboe
810 1540 1073 1603 testium
1111 1536 1284 1603 dicta
1321 1540 1539 1603 omnia
1572 1540 1641 1603 in
1674 1539 1923 1605 libellos
1955 1540 2463 1618 transferebant,
2516 1562 2680 1628 quos

547 1644 796 1727 judices
815 1646 1309 1735 consignabant.
1324 1645 1497 1711 Hinc
1520 1648 1799 1711 formula
1814 1648 2107 1711 Ciceroni
2134 1648 2327 1711 toties
2354 1664 2683 1734 usurpata,

547 1782 574 1808 ι
593 1752 815 1816 Recita
843 1752 1287 1817 testimonium
1311 1748 1374 1817 »J
1396 1754 1619 1818 Testes
1654 1770 1989 1817 accusator
2016 1770 2083 1817 et
2117 1752 2423 1817 defensor
2454 1774 2683 1839 quem-

547 1855 904 1922 admodum
957 1858 1434 1947 interrogarent
1479 1858 1823 1948 diligenter
1872 1858 2383 1923 animadvertere
2442 1856 2686 1921 debue⁶

549 1979 744 2044 runt;
797 1962 922 2026 fuit
971 1963 1148 2027 enim
1196 1964 1266 2026 in
1318 1962 1787 2053 interrogando
1838 1980 1999 2029 teste
2048 1987 2305 2029 summa
2354 1962 2686 2028 industriae

551 2065 845 2130 oratoriae
886 2064 1024 2129 laus
1053 2066 1266 2153 posita
1295 2088 1311 2128 ε
1351 2066 1573 2153 itaque
1606 2062 1880 2148 Quintil.
1915 2066 2027 2131 lib.
2053 2066 2133 2145 V,
2160 2087 2299 2154 cap.
2338 2089 2403 2152 7,
2440 2064 2523 2129 de
2554 2080 2689 2129 tota

551 2167 802 2229 ratione
826 2163 1439 2253 interrogandorum
1461 2165 1545 2229 ab
1568 2182 1843 2255 utraque
1868 2182 2049 2255 parte
2078 2168 2338 2231 testium
2366 2166 2687 2254 pluribus,

551 2290 625 2332 ac
655 2266 955 2331 subtilius
979 2265 1130 2356 agit.

641 2372 952 2437 Veterum
985 2394 1058 2435 ea
1083 2372 1212 2436 fuit
1239 2372 1593 2463 diligentia,
1622 2390 1717 2457 ut,
1751 2373 1934 2463 quod
1966 2374 2303 2439 inscientia
2330 2374 2531 2439 multa
2556 2397 2694 2439 ver-

557 2493 808 2543 saretur
837 2477 904 2540 in
933 2478 1083 2557 vita,
1114 2478 1227 2565 qui
1260 2479 1711 2543 testimonium
1738 2478 2003 2562 diceret,
2034 2480 2329 2545 arbitrari
2354 2502 2423 2543 se
2447 2479 2692 2545 diceret

557 2586 750 2649 etiam
783 2581 963 2672 quod
983 2584 1120 2672 ipse
1145 2584 1408 2649 vidisset
1437 2608 1452 2649 ε
1481 2584 2035 2674 quemadmodum
2062 2608 2207 2674 quae
2226 2586 2423 2666 jurati
2440 2584 2687 2665 judices

554 2688 1040 2779 cognovissent,
1079 2712 1150 2753 ea
1170 2712 1302 2753 non
1331 2712 1468 2755 esse
1491 2692 1689 2773 facta,
1720 2692 1833 2757 sed
1854 2740 1871 2773 ,
1896 2691 2129 2772 videri,
2159 2691 2690 2780 pronuntiabant.

551 2796 746 2861 Acad.
781 2796 1023 2878 Quaest.
1045 2796 1160 2877 IV,
1184 2818 1322 2885 cap.
1345 2819 1449 2884 71.

643 2904 970 2967 Hactenus
995 2901 1076 2967 de
1102 2904 1395 2967 testibus.
1427 2904 1567 2967 Iam
1590 2903 1673 2967 ad
1698 2904 1946 2969 tabulas
1966 2952 1985 2987 ,
2012 2927 2159 2992 quae
2182 2906 2367 2969 tertia
2397 2927 2544 2994 pars
2568 2905 2696 2969 fuit

553 3010 1038 3099 probationum.
1059 3008 1459 3073 Tabularum
1478 3010 1747 3074 nornine
1776 3032 1973 3073 omne
1992 3034 2199 3099 genus
2224 3012 2696 3100 scripturarum

553 3114 994 3204 appellabant,
1031 3137 1167 3201 quo
1198 3136 1458 3179 causam
1490 3114 1874 3179 confirmare
1904 3138 2088 3179 suam
2120 3134 2403 3203 possent.
2450 3117 2525 3179 In
2560 3116 2697 3205 pri·

559 3222 680 3283 mis
725 3235 944 3283 autem
985 3235 1169 3283 erant
1201 3220 1436 3283 tabulae
1473 3218 1607 3284 dati
1648 3236 1713 3283 et
1748 3222 2051 3309 expensi,
2089 3244 2251 3309 quas
2295 3228 2629 3286 accusator
2661 3244 2699 3283 a

555 3347 670 3390 reo
703 3323 1071 3414 postulabat
1101 3324 1168 3387 in
1199 3327 1390 3389 certis
1423 3326 1665 3407 causis,
1700 3342 1775 3389 ut
1810 3327 2319 3416 repetundarum
2338 3375 2357 3409 ,
2396 3342 2461 3391 et
2495 3350 2699 3415 pecu-

555 3432 740 3496 latus.
783 3431 1040 3495 Scilicet
1071 3446 1148 3494 ut
1177 3430 1408 3520 saepius
1449 3431 1627 3521 apud
1655 3433 2037 3497 Ciceronem
2069 3432 2351 3498 vidimus
2384 3434 2698 3498 Romanis

557 3562 700 3603 mos
727 3554 893 3620 erat,
929 3554 1003 3602 ut
1028 3560 1458 3627 quaecumque
1489 3562 1607 3627 per
1641 3541 1932 3629 singulos
1974 3538 2111 3605 dies
2144 3557 2259 3605 aut
2292 3540 2660 3629 acciperent
2679 3588 2698 3620 ,

555 3662 672 3709 aut
703 3644 966 3726 darent,
999 3644 1065 3707 in
1103 3662 1313 3709 certos
1345 3644 1603 3711 codices
1640 3648 1955 3711 referrent
1975 3695 1993 3729 ,
2032 3648 2147 3734 qui
2178 3664 2244 3711 et
2274 3647 2655 3711 censoribus
2681 3694 2699 3725 ‚

555 3752 790 3839 quinto
829 3773 1096 3838 quoque
1125 3773 1300 3815 anno
1319 3800 1339 3833 ,
1373 3768 1438 3816 et
1459 3750 1790 3833 judicibus
1810 3800 1829 3833 ,
1866 3753 1922 3816 si
1952 3776 2211 3817 necesse
2242 3769 2409 3841 esset
2430 3800 2449 3833 ,
2483 3768 2705 3816 osten-

555 3855 884 3919 derentur.
923 3856 1165 3920 Confer
1199 3857 1391 3921 Rosc.
1427 3858 1612 3921 Com.
1650 3858 1834 3922 Verr.
1875 3858 1927 3921 Ι.
1966 3857 2227 3923 Tabulae
2265 3857 2661 3946 pactionales
2683 3905 2702 3939 ,

553 3962 772 4043 literae,
801 3961 1208 4049 syngraphae,
1231 3962 1465 4027 tabulae
1491 3964 1845 4045 rationum,
1873 3987 2013 4028 uno
2033 3965 2401 4029 tabularum
2430 3965 2705 4029 nomine

556 4064 1320 4154 comprehendebantur3
1365 4091 1587 4157 eaeque
1640 4070 1719 4133 ab
1778 4088 2151 4135 accusatore
2204 4071 2528 4158 inquisitae
2551 4119 2572 4152 ,
2634 4086 2705 4135 et
