2984 4684
712 397 843 463 DE
893 394 1667 465 VECTIGALIBUS
1720 396 1979 465 REIP.
2030 406 2161 463 etc.
2369 392 2507 491 557

369 540 658 583 summos
703 517 1073 606 reipublicae
1113 538 1298 581 casus
1345 516 1736 581 servabatur.
1784 516 1918 580 Liv.
1953 516 2235 597 XXVII,
2282 540 2385 581 10.
2428 519 2512 581 Et

369 624 680 713 quoniam
702 671 720 705 ,
757 640 833 687 ut
861 622 1148 687 Raevard.
1185 622 1486 688 observat
1522 620 1605 685 de
1627 624 1899 686 Auctor.
1930 620 2235 711 prudent.
2270 645 2408 712 cap.
2443 648 2509 711 7,

369 730 606 819 duplex
639 745 779 795 erat
811 728 1236 793 manumissio
1253 777 1272 811 ,
1309 729 1508 793 altera
1536 728 1709 809 justa
1730 776 1747 809 ,
1784 750 1929 817 quae
1958 727 2243 794 vindicta
2260 778 2279 812 ,
2314 746 2513 796 testa-

369 853 633 918 mento,
693 858 928 917 censu;
976 835 1172 899 altera
1216 835 1448 918 latina,
1508 857 1654 923 quae
1702 836 1803 898 vel
1858 834 2027 899 inter
2074 836 2351 919 amicos,
2412 838 2515 902 vel

370 942 644 1007 convivii
690 940 1093 1007 adhibitione
1107 989 1126 1025 ‚
1171 941 1274 1006 vel
1319 964 1438 1030 per
1475 941 1813 1032 epistolam
1851 939 2049 1005 fiebat
2064 990 2085 1023 ,
2118 966 2156 1007 a
2192 942 2515 1032 vigesimo

369 1033 662 1137 vectigali
696 1048 1024 1112 immunes
1063 1066 1248 1112 erant
1283 1048 1451 1112 servi
1469 1096 1487 1129 ,
1528 1048 1643 1135 qui
1670 1048 1909 1130 justam
1928 1096 1946 1129 ,
1985 1070 2103 1113 seu
2122 1052 2476 1137 perfectam
2494 1102 2513 1135 ,

371 1155 412 1218 i.
445 1176 504 1219 e.
531 1155 635 1234 jus
665 1176 950 1219 romanae
991 1154 1262 1218 civitatis
1303 1177 1439 1218 non
1481 1153 2071 1243 consequebantur.
2114 1154 2295 1237 Quid
2338 1158 2513 1222 enim

371 1260 696 1325 solverent
729 1260 816 1341 ii,
847 1260 962 1348 qui
998 1258 1290 1347 quotidie
1326 1283 1363 1324 a
1400 1260 1682 1325 dominis
1717 1259 1787 1324 in
1820 1261 2195 1325 servitutem
2227 1266 2516 1327 revocari

369 1365 720 1455 poterant?
751 1364 904 1429 Non
943 1366 1136 1429 etiam
1181 1366 1561 1456 exigebatur
1603 1365 1783 1431 istud
1828 1366 1910 1429 ab
1956 1365 2035 1431 iis
2080 1368 2275 1432 servis
2325 1368 2439 1455 qui
2479 1392 2517 1433 a

345 1473 715 1562 'peregrino
755 1472 1402 1537 manumittebantur.

461 1579 635 1643 Huic
673 1579 968 1668 vectigali
1005 1578 1374 1669 colligendo
1419 1578 1939 1668 praeficiebantur
1972 1580 2304 1669 publicani
2348 1582 2520 1647 vice-

375 1682 614 1747 simarii
631 1731 649 1764 ,
693 1683 808 1770 qui
844 1706 925 1747 ex
958 1684 1126 1747 servi
1160 1684 1541 1749 manumissi
1585 1684 2009 1749 aestimatione
2038 1702 2291 1774 partem
2334 1710 2519 1750 suam

375 1788 501 1853 sibi
526 1772 925 1853 auferebant.
953 1789 1137 1853 Illam
1168 1790 1663 1854 aestimationem
1690 1786 1961 1854 definire
2000 1811 2137 1854 non
2169 1791 2259 1855 ita
2293 1814 2518 1880 prom-

373 1910 562 1982 ptum
599 1910 714 1959 est.
756 1894 1052 1959 Variasse
1071 1944 1089 1977 ,
1137 1918 1261 1983 pro
1297 1896 1463 1960 servi
1506 1896 1888 1959 manumissi
1937 1896 2181 1983 pretio,
2234 1912 2369 1961 non
2417 1912 2519 1962 est

377 1999 558 2087 quod
590 1999 946 2066 dubitetur.
1746 1994 1753 2001 ’

465 2108 794 2173 Hactenus
831 2107 1108 2173 maxima
1145 2108 1373 2197 populi
1406 2109 1660 2173 romani
1690 2108 2023 2198 vectigalia
2056 2122 2253 2197 quam
2293 2110 2518 2197 potui·

377 2235 525 2277 mus
569 2212 854 2277 breviter
895 2228 960 2277 et
1005 2229 1302 2277 accurate
1357 2214 1821 2279 recensuimus.
1858 2214 2224 2301 Supersunt
2265 2215 2519 2280 minuta

379 2316 674 2405 quaedam
711 2320 912 2384 verbo
943 2318 1349 2384 declaranda.

465 2424 756 2489 Primum
788 2424 1071 2488 occurrit
1100 2422 1294 2505 illud,
1323 2423 1507 2509 quod
1538 2447 1659 2512 pro
1692 2446 1859 2511 aqua
1888 2423 2315 2511 pendebatur.

470 2528 913 2618 Aquas-ductus
941 2526 1188 2616 publici
1226 2529 1450 2591 Romae
1478 2529 1819 2593 constituti
1852 2546 2006 2592 sunt
2044 2552 2149 2593 an.
2169 2530 2247 2592 U.
2276 2532 2345 2594 C.
2368 2534 2519 2609 441.

381 2634 478 2698 Eo
497 2658 698 2719 anno,
718 2656 852 2721 quo
868 2634 1122 2721 Appius
1150 2631 1458 2696 Claudius
1475 2654 1709 2696 censor
1730 2633 1899 2696 viam
1927 2632 2009 2695 ab
2028 2633 2213 2697 Urbe
2230 2635 2517 2722 Capuam

381 2762 592 2828 usque
624 2738 936 2819 munivit,
971 2738 1051 2801 ab
1085 2760 1166 2801 eo
1203 2737 1438 2801 dictam
1467 2737 1780 2825 Appiam3
1809 2736 1983 2802 idem
2016 2726 2253 2826 aquam
2290 2739 2373 2802 ab
2410 2762 2522 2805 eo·-

383 2845 532 2909 dem
565 2843 802 2909 dictam
829 2841 1164 2909 Claudiam
1186 2844 1436 2932 primus
1471 2842 1731 2908 induxit
1748 2894 1766 2926 ‚
1790 2866 1997 2932 quum
2030 2861 2219 2909 antea
2243 2846 2522 2911 Romani

382 2951 568 3039 aquis
593 2948 916 3013 Tiberinis
941 2966 1196 3013 tantum
1211 2999 1230 3033 ,
1261 2965 1376 3027 aut
1410 2949 1705 3015 fontibus
1730 2951 2023 3039 puteisve
2044 2940 2339 3016 contenti
2360 2953 2522 3018 fuis-

383 3072 549 3122 sent.
584 3058 874 3122 Vetitum
907 3074 1122 3122 autem
1153 3058 1366 3147 primo
1403 3057 1531 3119 fuit
1564 3058 1829 3145 privatis
1862 3079 2045 3145 aquae
2078 3058 2357 3147 publicae
2380 3083 2525 3149 par—

383 3180 516 3228 tem
541 3164 824 3253 aliquam
852 3161 1216 3251 decerpere.
1251 3162 1478 3226 Front.
1503 3159 1585 3225 de
1620 3160 1985 3249 aquaeduct.
2020 3163 2116 3243 11,
2148 3186 2211 3251 p.
2255 3169 2405 3251 247.

475 3266 562 3329 At
603 3266 842 3330 sensim
884 3264 992 3344 jus
1041 3285 1223 3350 aquae
1259 3263 1537 3352 publicae
1571 3262 1676 3327 vel
1711 3263 1849 3327 ruri
1886 3263 1953 3327 in
2005 3285 2193 3352 agros
2236 3264 2521 3353 privatos

387 3368 783 3435 deducendae
801 3419 820 3452 ‚
861 3370 964 3434 vel
993 3370 1216 3433 Romae
1252 3371 1320 3435 in
1360 3367 1593 3434 domos
1623 3368 1901 3456 privatas
1938 3367 2300 3433 derivandae
2316 3418 2335 3450 ,
2372 3365 2527 3435 dato

387 3491 566 3540 certo
587 3474 916 3563 vectigali,
942 3473 1330 3564 permissum
1362 3490 1460 3539 est
1489 3496 1527 3537 a
1558 3473 1961 3556 censoribus,
1993 3490 2127 3555 aut,
2150 3495 2357 3561 quum
2380 3470 2529 3538 cen·⁴
2622 3554 2637 3565 ·

389 3601 566 3644 sores
587 3581 656 3643 in
675 3578 1006 3670 republica
1037 3602 1173 3643 non
1204 3595 1447 3661 essent,
1469 3579 1551 3642 ab
1578 3578 1889 3643 aedilibus.
1918 3580 2062 3643 Hoc
2087 3579 2527 3667 appellabatur

319 3726 328 3739 =
389 3678 654 3777 vectigal
686 3708 764 3750 ex
799 3684 1319 3774 aquaeductibus3
1367 3686 1503 3749 sive
1529 3684 1875 3750 hortorum
1894 3732 1913 3765 ‚
1946 3706 2027 3749 eo
2058 3683 2238 3772 quod
2272 3686 2347 3749 iis
2380 3686 2527 3750 irri-

391 3790 618 3881 gandis
647 3814 817 3881 aqua
831 3790 1294 3872 deduceretur;
1313 3791 1446 3855 sive
1459 3792 1713 3872 formae,
1734 3792 1827 3855 sic
1844 3790 2017 3855 enim
2038 3790 2525 3880 appellabantur

390 3898 672 3979 canales,
705 3920 822 3986 per
855 3919 1022 3986 quos
1053 3920 1222 3985 aqua
1253 3920 1332 3961 ex
1365 3896 1633 3985 publico
1664 3897 1731 3960 in
1760 3897 2159 3985 privatorum
2192 3920 2379 3987 agros
2406 3898 2527 3964 de-

389 4003 730 4069 rivabatur.
763 4004 1064 4069 Meminit
1097 4002 1294 4084 hujus
1325 4002 1648 4095 vectigalis
1682 4004 1907 4092 Polyb.
1942 4004 2052 4069 lib.
2086 4004 2201 4071 VI.

483 4110 857 4176 Proximum
880 4112 1036 4175 huic
1063 4111 1356 4200 vectigali
1387 4128 1483 4176 est
1508 4108 1691 4193 illud,
1718 4110 1898 4199 quod
1916 4134 2039 4199 pro
2058 4113 2291 4178 cloacis
2314 4114 2524 4178 solve-
