2984 4684
446 362 585 435 302
1087 362 1185 429 Μ.
1234 358 1314 427 T:
1366 360 1934 432 CICERONIS

440 484 1075 569 molestissimum,
1116 478 1259 551 bis·
1288 492 1369 549 ut
1422 503 1638 551 causa
1661 491 1722 525 ¹⁰
1763 480 2080 567 dicatur,
2123 480 2199 553 id
2247 496 2375 555 aut
2421 504 2584 555 mea

442 620 657 671 causa
697 586 945 692 potius
982 604 1092 661 est
1130 592 1650 679 constitutum,
1691 614 1912 688 quam
1965 605 2132 679 tua,
2171 606 2298 665 aut
2347 594 2581 666 nihilo

441 722 568 781 tua
610 708 893 804 potiu5‚
946 722 1165 798 quam
1204 724 1385 771 mea.
1434 703 1622 771 Nam
1663 704 1724 772 si
1769 699 1886 774 bis
1929 700 2173 774 dicere
2223 718 2334 775 est
2377 728 2582 777 com·

442 815 747 890 modum
769 869 788 903 ,
833 826 1029 884 certe
1058 814 1441 909 utriusque
1480 836 1876 885 commune
1913 827 2044 886 est.
2083 815 2160 885 Si
2195 838 2406 903 eum,
2450 818 2582 913 qui

442 930 805 1029 posterius
842 923 1063 1011 dixit,
1106 946 1295 1020 opus
1322 936 1429 993 est
1454 922 1834 1020 redargui;
1869 928 2304 997 accusatoris
2333 948 2582 1013 causa,

439 1056 523 1112 ut
556 1038 671 1112 bis
706 1048 1065 1135 ageretur,
1111 1035 1592 1105 constitutum
1629 1048 1760 1107 est.
1803 1038 2116 1123 Verum,
2159 1050 2244 1106 ut
2293 1040 2582 1135 opinor,

441 1150 738 1223 Glaucia
764 1157 820 1191 ¹¹
868 1144 1151 1243 primus
1194 1142 1401 1229 tulit,
1426 1158 1512 1213 ut
1553 1144 2326 1243 comperendinaretur
2363 1170 2578 1219 reusz

437 1276 651 1333 antea
692 1256 807 1329 vel
834 1252 1152 1357 judicari·
1182 1256 1500 1353 primo¹²
1534 1268 1859 1352 poterat,
1903 1255 2017 1328 vel
2059 1256 2374 1355 amplius
2414 1280 2584 1355 pro-

382 1435 387 1443 .
438 1372 781 1443 nuntiari.
822 1372 1077 1439 Utram
1123 1366 1351 1462 igitur
1388 1380 1604 1463 putas
1645 1366 1882 1464 legem
1923 1367 2378 1439 molliorem?
2419 1370 2582 1465 opi·

437 1506 610 1568 nor,
648 1479 845 1551 illam
880 1471 1307 1562 veterem¹3‚
1348 1500 1498 1574 qua
1531 1476 1646 1549 vel
1682 1479 1830 1549 cito
1863 1477 2144 1549 absolvi
2165 1532 2185 1563 ,
2226 1477 2342 1549 vel
2375 1475 2608 1551 tarde·

438 1588 911 1665 condemnari
972 1585 1256 1659 licebat.
1304 1591 1456 1684 Ego
1517 1586 1648 1659 tibi
1689 1587 1890 1659 illam
1930 1587 2229 1659 Aciliam
2249 1591 2307 1640 ¹⁴
2349 1588 2584 1687 legem

430 1803 583 1869 igitur
604 1798 881 1848 actionibus
900 1808 1155 1845 accusatus
1176 1796 1278 1858 jam
1306 1797 1459 1845 fueret

432 1884 695 1940 Fonteius,
742 1890 790 1927 et
839 1879 890 1925 in
942 1876 1156 1924 secunda
1208 1887 1459 1941 postremo

432 1962 549 2011 loeo
570 1958 859 2008 defendebat
878 1956 1087 2006 Tullius.
1110 1958 1175 2005 Et
1200 1956 1321 2021 ipsiu
1338 1956 1462 2003 Ver·

434 2041 557 2091 rini-
602 2056 752 2103 quas,
802 2048 1049 2100 tamquam
1094 2034 1277 2083 dixerit
1314 2050 1424 2083 vere
1441 2069 1460 2096 ,

434 2119 660 2185 aeripeit,
686 2117 827 2165 facile
850 2128 924 2164 eet
948 2115 1169 2162 invenire
1186 2114 1326 2161 locos
1341 2148 1356 2172 ,
1374 2115 1462 2177 qui

434 2212 782 2264 responsurum
824 2195 971 2243 fuiaae
1014 2192 1333 2242 Hortensium
1369 2194 1459 2241 de·

434 2288 724 2329 monstrent.
764 2276 847 2323 Sic
868 2276 925 2333 1,
952 2274 1019 2323 28
1040 2288 1057 2324 ε
1091 2274 1225 2321 «nini
1251 2274 1381 2321 sorte
1406 2272 1461 2321 il-

430 2360 521 2409 lud
546 2359 679 2407 dicet
700 2354 1024 2407 Hortensius·
1036 2388 1052 2413 ‚
1069 2353 1294 2401 nondum
1310 2354 1462 2417 igitur

435 2440 658 2496 dixerat3
690 2446 739 2483 et
754 2436 822 2493 V,
856 2434 949 2482 13:
988 2453 1013 2477 ιι
1036 2433 1222 2481 scilicet
1258 2442 1331 2479 est
1368 2449 1463 2481 me-

431 2518 693 2575 tuendum,
738 2532 801 2563 ne
834 2512 897 2562 ad
941 2512 1129 2561 exitum
1164 2511 1459 2561 defensionis

431 2611 529 2649 tuae
542 2610 682 2647 vetus
706 2597 789 2644 illa
807 2593 1085 2643 Antoniam
1108 2592 1307 2641 dicendi
1334 2593 1459 2642 ratio

431 2691 578 2743 atque
598 2678 861 2726 auctoritas
886 2672 1214 2739 proferaturn.
1232 2671 1459 2721 Cf.Ven·.

431 2762 505 2817 11,
534 2774 622 2819 723
652 2758 752 2813 111,
786 2750 998 2813 1631V,
1026 2758 1088 2811 ⁴3
1116 2752 1182 2809 V,
1213 2766 1257 2808 ι,
1283 2762 1378 2799 ete.

511 2852 587 2885 ro.
610 2836 689 2884 Bis
717 2846 773 2881 ut
796 2847 968 2881 causa.
994 2830 1459 2895 comperendinatio

432 2917 514 2965 vel
537 2931 675 2979 aeque
696 2914 825 2961 favet
842 2912 1069 2974 utriqueg
1090 2910 1165 2957 vel
1186 2910 1457 2957 accusatori

434 2996 587 3059 magis
615 3010 761 3058 quam
793 2990 1054 3040 defensori.
1092 2990 1144 3037 Si
1176 2990 1307 3037 enim
1332 3006 1459 3055 opus

434 3086 507 3123 eet
533 3074 757 3137 redargui
792 3072 1122 3128 defensorem,
1149 3068 1237 3133 qui
1274 3068 1327 3116 in
1356 3070 1460 3133 pri-

430 3173 509 3204 ma
542 3156 733 3203 iictione
766 3152 1009 3217 posterius
1048 3149 1204 3208 dixit,
1246 3150 1461 3198 necunde

433 3236 564 3283 actio
588 3234 811 3281 instituta
830 3242 901 3279 est
916 3232 970 3277 in
993 3230 1194 3294 gratiam
1212 3239 1461 3276 accusato·

432 3316 530 3377 ris,
567 3324 625 3362 ut
656 3312 739 3360 hie
773 3312 930 3377 possit
968 3308 1257 3372 redarguere
1300 3309 1353 3355 in
1384 3326 1459 3356 ee·

384 3380 389 3385 ‚
432 3392 595 3443 cunda
612 3392 823 3450 actione,
842 3406 951 3454 qum
975 3387 1201 3436 defensor
1225 3387 1279 3434 in
1300 3388 1457 3451 prima

432 3472 627 3521 dixerit.
680 3474 790 3519 Hoc
832 3484 951 3533 ergo
998 3482 1145 3515 eenau
1185 3468 1459 3515 accusatori

432 3552 585 3611 favet,
618 3549 755 3616 quod
787 3550 873 3598 hic
895 3548 1090 3596 actione
1114 3546 1273 3611 prima
1297 3562 1459 3609 neque

434 3630 701 3697 praevidere
748 3629 911 3694 potuit
930 3661 946 3688 ,
998 3642 1157 3689 neque
1214 3640 1459 3691 occupare

433 3710 626 3768 omnia,
656 3724 768 3773 qua
794 3709 867 3757 rei
903 3720 1045 3756 causa
1074 3704 1303 3753 defensor
1333 3718 1458 3755 esset

432 3788 685 3836 dicturus:
726 3787 809 3835 hic
850 3786 981 3835 enim
1018 3784 1258 3850 posterius
1294 3782 1428 3833 dt‘n'e
1443 3821 1459 3843 ,

430 3868 566 3915 hunc
588 3866 825 3931 redargui
846 3864 909 3913 ab
948 3880 999 3912 ee
1038 3863 1349 3912 commodum
1374 3882 1458 3913 ae-

434 3946 663 3995 cusatori.
686 3948 842 3995 Porro
868 3942 1147 4008 ademptam
1180 3958 1461 4008 comperen-

435 4025 736 4075 dinationem
766 4034 995 4083 exeunt,
1028 4021 1165 4086 qnod
1200 4038 1343 4071 causa
1382 4024 1459 4071 his

431 4104 692 4169 diceretur,
727 4117 778 4154 et
796 4120 859 4153 ex
885 4104 1143 4157 eriminum
1166 4102 1457 4167 repetitione

1545 1796 1719 1845 odium
1749 1810 1800 1849 et
1825 1797 2014 1847 invidia
2037 1798 2091 1845 in
2117 1814 2250 1847 reum
2285 1808 2580 1847 crescerent.

1547 1906 1618 1916 -
1645 1878 1794 1941 Quod
1829 1890 1937 1926 aut.
1971 1878 2144 1927 Lectio
2185 1892 2313 1928 nova
2353 1874 2580 1926 Ernestio

1549 1956 1776 2008 debetur.
1805 1960 1932 2009 LV.
1958 1961 2013 2007 L.

1625 2054 1648 2087 1
1661 2054 1708 2088 ι.
1733 2038 1963 2089 Glaucia.
1989 2039 2053 2088 C.
2077 2038 2312 2087 Servilius
2337 2038 2574 2097 Glaucia,

1546 2134 1648 2183 quo
1675 2127 1885 2183 pretore
1911 2119 2202 2167 Saturninus
2242 2119 2455 2166 maxime
2501 2128 2578 2166 eet

1545 2215 1695 2257 usus,
1721 2199 1775 2246 in
1801 2198 1884 2245 iila
1920 2197 2164 2245 seditione
2192 2207 2402 2262 propter
2437 2212 2584 2261 quam

1545 2278 1601 2326 in
1633 2278 1770 2327 curia
1809 2288 1884 2327 eat
1916 2278 2220 2326 interfectus.
2251 2279 2375 2327 Eum
2405 2278 2582 2329 Cicero

1547 2356 1608 2407 de
1625 2358 1768 2407 Orat.
1788 2360 1888 2416 111,
1903 2374 1989 2421 per
2007 2356 2380 2405 similitudinem
2400 2368 2584 2405 stereus

1545 2437 1698 2485 σευ-ἔω
1715 2436 1950 2501 appellari
1971 2452 2115 2499 posse
2140 2434 2280 2491 dicit,
2305 2436 2402 2483 nini
2422 2435 2586 2485 defor-

1543 2519 1638 2565 mie
1663 2527 1789 2565 earet
1815 2516 2050 2579 cogitatio
2075 2514 2426 2565 similitudinis.

1625 2612 1705 2646 η.
1733 2594 1920 2644 Primo.
1947 2596 2108 2643 Prima
2139 2594 2356 2641 actione.
2375 2622 2442 2631 —
2465 2594 2586 2641 Am-

1535 2676 1671 2742 plius
1713 2676 1863 2741 (gall.
1901 2674 2021 2740 plus
2087 2673 2251 2739 ample
2317 2672 2532 2740 inser-md
2543 2672 2583 2736 ).

1546 2757 1714 2818 Quum
1732 2772 1877 2803 causa
1901 2770 2002 2803 non
2027 2755 2144 2803 eatis
2169 2754 2428 2820 explanata
2451 2752 2587 2816 judi-

1545 2834 1686 2883 cibus
1707 2834 1980 2893 videbatur,
2008 2832 2238 2882 dicebant
2269 2850 2367 2882 uon
2395 2832 2580 2897 liquet,

1544 2916 1584 2964 i.
1599 2932 1649 2963 e.
1679 2916 1889 2965 obscura
1913 2930 2058 2963 causa
2088 2926 2188 2974 eet;
2239 2926 2346 2965 tum
2387 2924 2584 2977 pretor,

1545 2993 1756 3062 amplius
1772 3031 1787 3053 ,
1827 2996 1863 3046 i.
1883 3012 1926 3043 e.
1946 2993 2156 3059 amplius
2185 3006 2258 3042 est
2285 3008 2582 3059 cognoscen-

1545 3074 1690 3137 dum,
1731 3073 2100 3139 pronuntiabat.
2139 3069 2232 3121 Cui
2275 3072 2584 3136 ampliationi

1543 3168 1649 3202 non
1671 3165 1830 3202 certus
1853 3163 1953 3201 erat
1975 3150 2206 3201 definitus
2235 3150 2340 3200 dies
2358 3188 2373 3213 ,
2399 3160 2456 3199 nt
2481 3163 2580 3199 ter-

1545 3235 1643 3281 tim
1675 3231 2207 3297 comperendinationi3
2247 3247 2338 3279 nec
2377 3229 2582 3294 amplia-

1545 3314 1696 3365 tionis
1717 3314 1967 3361 actionum
1989 3321 2151 3359 certus
2177 3322 2280 3359 erat
2317 3324 2548 3358 numerus
2565 3343 2582 3367 ,

1543 3403 1602 3440 nt
1626 3402 1762 3455 patet
1789 3408 1852 3439 ex
1879 3404 2020 3437 rausa
2066 3391 2224 3439 Cottoe
2259 3389 2438 3453 septica
2474 3404 2578 3435 am-

1543 3470 1728 3537 pliata,
1755 3471 1867 3520 val.
1890 3470 2028 3519 Max.
2047 3470 2174 3517 vm
2190 3503 2206 3529 ,
2237 3486 2285 3527 ι,
2311 3484 2330 3515 1
2346 3484 2389 3515 1.
2431 3469 2580 3516 Com-

1542 3549 1966 3616 perendinationia
2014 3564 2130 3596 vero
2191 3547 2298 3611 lege
2347 3562 2580 3595 numema

1543 3629 1794 3678 actionum
1851 3628 2056 3677 duarum
2110 3628 2416 3691 prestitutum
2461 3638 2581 3674 erat.

1542 3708 1674 3772 Ergo
1698 3708 1870 3757 durior
1893 3718 1996 3755 erat
2027 3707 2344 3773 ampliatione
2377 3720 2582 3769 compe-

1543 3788 1842 3837 rendinatio.

1619 3868 1702 3915 13.
1741 3868 1890 3915 Illam
1923 3876 2155 3914 veterem.
2191 3864 2400 3913 Aciliam
2425 3862 2486 3911 de
2507 3878 2584 3911 re-

1551 3946 1810 4011 petundi„
1841 3961 1987 4010 quam
2019 3945 2198 3993 tulerat
2235 3944 2425 3993 Acilius
2463 3942 2587 3993 Gla-

1549 4024 1660 4074 brio
1687 4023 1890 4086 hujusce
1913 4025 2139 4089 pretoris
2161 4033 2319 4087 pater.

1623 4113 1708 4161 14.
1724 4106 2094 4167 Hotomanus,
2111 4102 2372 4153 Observat.
2391 4102 2416 4151 1
2431 4136 2447 4165 ,
2479 4108 2541 4157 ιιι
2559 4134 2580 4165 ‚
