2984 4684
776 367 892 439 IN
938 367 1385 437 VERREM.
1427 369 1641 442 ACT.
1693 366 1806 454 11,
1854 367 2041 436 Lm.
2089 369 2144 436 1.
2391 368 2528 462 347

386 490 499 567 his
544 482 1017 561 nominibus⁶
1071 487 1279 577 solis,
1338 492 1470 560 Cn.
1524 485 1914 560 Dolabellae
1969 492 2110 560 H-S
2154 485 2242 560 ad
2292 489 2534 561 tricies

386 601 591 674 litem
620 621 773 670 esse
804 598 1244 670 aestimatam.
1284 600 1463 688 Quae
1512 600 1793 688 omnia,
1839 601 2121 671 etiamsi
2163 599 2538 672 voluntate

386 707 780 782 Dolabellae
822 705 1136 797 fiebant,
1175 733 1309 808 per
1345 712 1570 781 istum
1607 723 1852 782 tamen
1889 711 2160 782 omnia
2177 709 2534 808 gereban-

390 835 530 894 tur.
568 819 1035 891 Consistam
1016 845 1095 891 in
1126 844 1280 891 uno
1314 821 1709 892 nomine⁷:
1751 819 1984 892 multa
2015 823 2206 892 enim
2245 835 2418 895 sunt
2451 846 2542 894 ex

390 929 649 1006 eodem
684 953 971 1028 genere.
1015 931 1313 1003 Recita:
1355 934 1467 1002 Da
1492 955 1768 1002 umus
1806 955 2196 1004 AEsrms‘rls
2231 935 2361 1002 Cu.
2396 936 2546 1004 Do·

390 1065 721 1112 unm
756 1064 871 1111 Pa.
911 1064 1241 1114 pneuma:
1278 1067 1647 1115 REDAGTAE.
1686 1043 1906 1132 Quon
1944 1066 1992 1112 A
2027 1065 2370 1114 connum
2407 1047 2544 1114 Μι-

389 1175 796 1224 uanum...
816 1156 917 1224 Te
937 1153 1092 1225 haec
1114 1156 1458 1252 coegisse,
1486 1169 1558 1227 te
1576 1155 1984 1239 aestimasse,
2001 1152 2137 1225 tibi
2156 1160 2540 1283 pecuniam

390 1277 845 1334 numeratam
879 1289 1035 1337 esse
1071 1263 1277 1354 dico;
1314 1265 1720 1363 eademque
1758 1268 1831 1335 vi
1869 1279 1943 1336 et
1973 1265 2280 1360 injuria,
2309 1289 2540 1362 quum

386 1375 735 1472 pecunias
759 1375 1107 1446 maximas
1132 1399 1468 1474 cogeres,
1498 1400 1634 1474 per
1668 1398 1923 1446 omnes
1959 1388 2195 1472 partes
2232 1379 2538 1473 provin-

392 1484 518 1562 ciae
560 1498 664 1574 te,
705 1499 1076 1583 tamquam
1117 1484 1437 1584 aliquam
1475 1485 1966 1558 calamitosam
2004 1499 2545 1584 tempestatem,

392 1609 859 1693 pestemque,
889 1597 1281 1694 pervasisse
1311 1595 1758 1668 demonstro.
1788 1597 2046 1692 Itaque
2073 1598 2172 1666 M.
2200 1598 2546 1680 ScauruS‚

392 1706 523 1804 qui
560 1709 693 1776 Cn.
723 1705 1176 1780 Dolabellam
1204 1710 1596 1793 accusavit,
1627 1707 1853 1778 istum
1885 1707 1963 1780 in
2009 1730 2138 1777 sua
2184 1719 2544 1804 potestate

392 1839 477 1904 ac
525 1814 805 1888 ditione
859 1819 1119 1889 tenuit.
1176 1823 1417 1888 Homo
1476 1817 1902 1889 adolescens
1943 1840 2174 1914 quum
2213 1817 2422 1888 istius
2467 1815 2544 1886 in

394 1925 833 2023 inquirendo
855 1928 1085 2000 multa
1106 1926 1299 2002 furta
1316 1953 1399 2000 ac
1427 1927 1697 2026 flagitia
1715 1941 2212 2025 cognosceret,
2227 1922 2398 1998 fecit
2426 1951 2548 2024 pe-

391 2037 529 2108 rite
549 2050 623 2108 et
644 2037 930 2111 callide:
952 2040 1296 2112 volumen
1316 2041 1473 2136 ejus
1489 2064 1737 2112 rerum
1763 2053 2124 2138 gestarum
2147 2041 2544 2110 maximum

395 2148 513 2218 isti
556 2149 912 2239 ostendit3
954 2149 1046 2222 ab
1079 2150 1419 2240 homine,
1458 2176 1621 2249 quae
1658 2149 1930 2239 voluit,
1977 2152 2051 2220 in
2089 2147 2548 2221 Dolabellam

395 2256 729 2349 abstulit3
763 2262 981 2332 istum
1019 2278 1275 2334 testem
1306 2261 1656 2360 produxit
1685 2287 1700 2330 ε
1740 2260 1922 2333 dixit
1951 2261 2125 2346 iste,
2158 2284 2322 2357 quae
2361 2258 2544 2331 velle

396 2385 883 2444 accusatorem
910 2377 1211 2472 putavit.
1246 2373 1417 2462 Quo
1444 2397 1539 2443 ex
1557 2394 1822 2468 genere
1847 2368 2028 2440 mihi
2054 2373 2386 2458 testium,
2417 2371 2546 2467 qui

398 2503 566 2552 cum
612 2484 753 2553 isto
794 2481 1015 2554 furati
1049 2496 1255 2568 sunt,
1302 2485 1362 2552 si
1398 2485 1508 2552 uti
1553 2481 1982 2567 voluissem,
2027 2503 2290 2578 mpgna
2333 2483 2548 2578 copia

398 2589 687 2680 fuisset3
727 2596 857 2690 qui
893 2607 977 2664 ut
1017 2617 1097 2664 se
1139 2590 1467 2690 periculo
1519 2589 1756 2660 litium
1779 2643 1799 2676 ,
1847 2587 2366 2682 conjunctione
2403 2590 2544 2657 cri-

398 2704 679 2774 minum
716 2699 1175 2791 liberarent⁸‚
1193 2726 1343 2799 quo
1381 2725 1519 2798 ego
1556 2699 1855 2784 vellem,
1888 2695 2366 2768 descensuros
2398 2695 2552 2793 pol-

400 2810 823 2885 licebantur.
846 2817 1119 2885 Eorum
1142 2837 1281 2910 ego
1299 2809 1754 2883 voluntatem
1781 2807 2113 2878 omnium
2141 2805 2546 2905 repudiavi:

400 2947 553 2994 non
580 2924 805 2996 modo
831 2923 1225 3022 proditori,
1267 2920 1394 2993 sed
1423 2945 1517 2992 ne
1543 2918 1860 3018 perfugae
1899 2916 2199 3015 quidem
2238 2915 2445 2989 locus
2477 2919 2548 2986 in

401 3037 579 3104 meis
626 3037 874 3106 castris
914 3035 1254 3133 cuiquam
1290 3030 1447 3118 fuit.
1501 3029 1830 3102 Forsitan
1876 3028 2264 3101 meliores9
2298 3027 2401 3100 illi
2433 3052 2554 3099 ac-

402 3158 769 3217 cusatores
797 3143 1118 3218 habendi
1154 3157 1327 3218 sunt
1346 3198 1366 3233 ,
1395 3145 1524 3242 qui
1559 3142 1714 3213 haec
1741 3141 1989 3212 omnia
2018 3138 2386 3228 fecerunt3
2421 3136 2549 3210 sed

475 3401 527 3450 6.
550 3401 861 3451 Nominibus.
884 3405 1119 3454 Articulis
1143 3422 1238 3471 pro
1260 3404 1355 3453 hac
1377 3419 1429 3452 re
1519 3413 1572 3450 et
1591 3418 1654 3450 ne
1668 3401 1894 3464 judicum
1911 3400 2144 3465 patientia
2169 3398 2414 3460 abutatur,
2427 3397 2469 3446 si
2487 3397 2550 3446 de

406 3479 533 3530 sola.
554 3507 624 3518 —-
650 3482 753 3529 11-3·
766 3481 839 3529 ad
864 3483 1025 3532 tricies
1045 3485 1295 3550 (615,000
1311 3485 1395 3550 fr.)
1518 3482 1708 3530 cunctis
1754 3481 2038 3529 civitatibus
2077 3488 2190 3544 agat
2231 3477 2518 3526 nominatim
2533 3513 2549 3537 ,

479 3577 526 3624 7.
545 3561 609 3608 In
632 3575 731 3608 uno
756 3561 964 3610 nuntiae.
993 3564 1042 3611 A
1074 3564 1279 3629 privatis
1302 3564 1431 3613 Mal-
1517 3559 1730 3624 reliqun
1765 3559 1950 3609 omittit
1969 3594 1984 3619 ‚
2027 3569 2078 3607 et
2121 3557 2332 3622 exponit
2363 3556 2550 3614 solum,

405 3640 522 3688 leoli
557 3639 624 3688 nd
668 3638 890 3704 publio-⁸
930 3642 1187 3706 regionum
1230 3643 1431 3705 injurias
1519 3649 1756 3704 quantum
1781 3638 2004 3703 pecunie
2029 3637 2092 3686 ab
2119 3652 2217 3684 una
2239 3635 2435 3684 illarum
2456 3637 2550 3684 eri-

404 3721 580 3768 trensit
596 3720 773 3771 Cicero
788 3753 805 3777 ‚
834 3730 882 3768 et
904 3731 1165 3786 postquam
1191 3722 1356 3771 Asiam
1378 3725 1432 3771 in
1519 3717 1710 3784 puerit,
1729 3733 1796 3764 ex
1823 3717 2022 3765 nomine
2045 3731 2148 3764 uno
2169 3714 2358 3779 reliqua
2383 3717 2550 3777 conje-

406 3817 467 3848 eo
502 3799 713 3848 maxime
746 3799 977 3849 afflictam
1011 3801 1260 3866 ostendit,
1295 3803 1429 3868 quod
1519 3809 1671 3846 σωκ-ω
1699 3796 2003 3861 permittens.
2021 3797 2200 3844 Errant
2233 3795 2285 3846 h.
2309 3795 2346 3844 1.
2366 3797 2552 3844 Ancon.

409 3882 583 3929 Verres
623 3896 715 3945 pro
758 3882 999 3946 imperato
1042 3881 1289 3932 frumento
1328 3885 1431 3948 ipse
1523 3888 1575 3925 et
1597 3879 1794 3924 Manat.

409 3961 669 4022 pecuniam
698 3961 917 4026 exigeret
945 3972 1177 4025 quantam
1202 3961 1351 4009 vellet
1374 3962 1436 4010 ab
1599 3958 1647 4005 8.
1681 3955 1980 4004 Libet-arene.
2019 3953 2306 4004 Dummodo
2347 3955 2556 4021 periculi

412 4055 700 4104 unaquaque
750 4042 947 4090 civitate
960 4075 976 4101 ,
1030 4056 1183 4090 unum
1235 4041 1439 4103 hujusce
1529 4036 1874 4085 communione
1900 4035 2284 4084 exsolverentur.

412 4118 599 4179 generis
613 4120 795 4169 furtum
812 4119 1023 4186 exempli
1038 4121 1191 4185 gratia
1206 4120 1437 4182 desumit,
1605 4133 1656 4178 9.
1687 4115 1938 4165 Melior-es.
1961 4115 2237 4164 Peritiores.
