2984 4684
727 375 836 444 IN
886 375 1313 444 VERREM
1363 375 1577 442 AcT.
1630 374 1736 458 11,
1784 374 1971 442 Lm.
2024 375 2139 462 11„
2346 375 2477 467 491

361 506 666 566 statuam
695 490 852 589 ejus
881 521 922 566 a
943 495 1547 566 Taurominitanis
1576 516 1729 564 esse
1760 491 2112 590 dejectam
2132 547 2154 582 ‚
2182 495 2405 590 quam
2432 497 2491 564 si

361 603 634 676 nullam
685 629 1028 703 umquam
1073 608 1381 705 positam
1426 602 1971 674 arbitrarentur.
2029 603 2493 702 Tyndaritani

361 712 776 810 dejecerunt
807 716 884 786 in
915 713 1118 804 foro;
1156 729 1230 788 et
1256 714 1509 787 eadem
1546 714 1636 786 de
1664 738 1877 785 causa
1902 737 2174 813 equum
2202 717 2495 786 inanem

363 823 832 921 reliquerunt.
867 827 1265 912 Leontinis,
1289 828 1553 897 misera
1587 827 1665 895 in
1702 826 1985 896 civitate
2021 841 2237 923 atque
2272 826 2497 912 inani,

363 949 606 1006 tamen
650 935 854 1008 istius
873 989 894 1024 ‚
939 937 1016 1007 in
1069 939 1480 1034 gymnasio,
1535 949 1771 1007 statua
1810 932 2087 1030 dejecta
2132 951 2258 1007 est.
2313 940 2497 1008 Nam

363 1044 542 1143 quid
580 1069 715 1144 ego
761 1047 852 1118 de
902 1049 1360 1145 Syracusanis
1407 1047 1685 1144 loquar,
1723 1045 1926 1144 quod
1980 1071 2133 1118 non
2172 1062 2283 1118 est
2328 1071 2499 1144 pro·

363 1157 606 1254 prium
636 1160 1292 1254 Syracusanorum,
1333 1155 1460 1228 sed
1496 1171 1571 1228 et
1604 1155 1893 1230 illorum
1932 1179 2319 1227 commune
2334 1159 2391 1242 4,
2430 1168 2503 1226 et

364 1279 770 1338 conventus
810 1267 1000 1338 illius
1021 1321 1042 1356 ‚
1093 1291 1176 1339 ac
1214 1291 1446 1366 prope
1489 1268 1715 1338 totius
1750 1266 2179 1363 provinciae?
2228 1278 2500 1362 quanta

364 1374 538 1447 illuc
579 1377 968 1449 multitudo
989 1432 1009 1466 ‚
1053 1393 1325 1476 quanta
1363 1379 1472 1448 vis
1514 1377 1897 1448 hominum
1938 1377 2356 1448 convenisse
2398 1373 2503 1446 di-

365 1484 668 1556 cebatur
710 1501 900 1576 tum,
941 1512 1172 1585 quum
1211 1502 1459 1559 statuae
1504 1502 1672 1560 sunt
1712 1485 1901 1558 illius
1942 1486 2238 1582 dejectae
2280 1502 2501 1584 atque

365 1598 667 1668 eversae?
702 1610 776 1668 at
805 1623 957 1696 quo
1003 1598 1210 1672 loco?
1246 1594 1767 1670 celeberrimo-¹⁵
1806 1621 1891 1669 ac
1924 1596 2501 1694 religiosissimo:

366 1720 534 1778 ante
591 1710 831 1805 ipsum
884 1709 1210 1807 Serapim
1235 1761 1255 1793 ‚
1311 1711 1383 1778 in
1441 1709 1681 1806 primo
1738 1706 1941 1778 aditu
1996 1705 2507 1805 vestibuloque

369 1815 640 1914 templi.
690 1816 910 1906 Quod
935 1819 1074 1889 nisi
1104 1817 1440 1890 Metellus
1465 1817 1611 1890 hoc
1649 1832 1797 1888 tam
1830 1819 2145 1915 graviter
2180 1814 2509 1915 egisset⁶‚

369 1942 590 2024 atque
631 1926 822 1998 illam
861 1953 1016 2000 rem
1059 1931 1366 2028 imperio
1411 1927 1797 2024 edictoque
1829 1927 2356 2027 prohibuisset3
2397 1951 2513 1999 ve·

369 2037 660 2133 stigium
699 2051 1100 2110 statuarum
1158 2041 1362 2112 istius
1399 2042 1476 2109 in
1518 2052 1671 2110 tota
1720 2038 1957 2112 Sicilia
1993 2038 2280 2110 nullum
2322 2053 2511 2114 esset
2608 2093 2615 2098 -

371 2146 724 2218 relictum.

469 2260 706 2355 Atque
755 2283 890 2356 ego
946 2259 1088 2332 hoc
1139 2283 1292 2331 uon
1337 2281 1617 2346 vereor,
1655 2260 1748 2330 ne
1798 2256 1978 2357 quid
2034 2257 2299 2329 horum
2354 2282 2505 2330 non
2552 2338 2567 2361 Ι

372 2364 594 2438 modo
629 2368 948 2464 impulsu
968 2421 988 2453 ‚
1031 2393 1282 2440 verum
1325 2371 1626 2440 omnino
1667 2367 1987 2440 adventu
2032 2392 2195 2440 meo
2241 2367 2510 2440 factum

371 2501 526 2550 esse
561 2474 914 2547 videatur.
939 2480 1203 2549 Omnia
1237 2482 1371 2550 ista
1403 2492 1574 2549 ante
1602 2476 1789 2548 facta
1818 2492 2023 2562 sunt,
2056 2503 2209 2549 non
2242 2477 2504 2566 modo,

371 2611 594 2688 quam
645 2611 780 2685 ego
834 2587 1180 2677 Siciliam,
1241 2613 1492 2660 verum
1535 2589 1750 2659 etiam
1797 2611 2017 2686 quam
2054 2590 2188 2659 iste
2238 2588 2513 2659 Italiam

372 2700 844 2798 attingerem:
884 2699 1062 2771 dum
1102 2723 1238 2798 ego
1271 2701 1348 2771 in
1392 2698 1629 2770 Sicilia
1654 2723 1815 2769 sum
1834 2751 1857 2788 ,
1896 2697 2093 2769 nulla
2130 2713 2363 2770 statua
2391 2697 2513 2771 de·

367 2810 559 2905 jecta
596 2823 722 2880 est.
769 2815 1244 2907 Posteaquam
1279 2809 1479 2880 illinc
1520 2807 1849 2895 discessi,
1888 2833 2049 2906 quae
2078 2823 2249 2880 sunt
2274 2822 2511 2907 gesta,

377 2923 813 3016 cognoscite.

471 3035 753 3104 LXVII.
785 3031 1436 3128 Centuripinorum
1457 3042 1751 3102 senatus
1785 3029 2140 3117 decrevit,
2178 3031 2518 3130 populus-

378 3165 522 3238 que
545 3141 793 3236 jussit‚
827 3155 946 3230 ut,
985 3166 1146 3239 quae
1188 3153 1438 3212 statuae
1474 3144 1553 3211 C.
1588 3142 1829 3212 Verris
1864 3144 2121 3240 ipsum,
2156 3156 2228 3214 et
2256 3144 2513 3239 patris,

378 3265 454 3321 et
494 3249 663 3339 filii,
701 3267 940 3323 essent
965 3306 985 3340 ‚
1030 3277 1150 3323 eas
1190 3265 1586 3348 quaestores
1623 3249 2114 3323 demoliendas
2160 3251 2515 3341 locarent;

380 3360 706 3457 dumque
743 3387 824 3432 ea
870 3359 1245 3465 demolitio
1280 3361 1523 3452 fieret,
1562 3377 1930 3435 senatores
1966 3389 2061 3434 ne
2094 3389 2241 3434 xxx
2271 3366 2518 3438 minus

453 3560 502 3608 4.
535 3551 815 3602 Commune.
843 3551 1001 3614 Quam
1028 3551 1266 3600 ultionem
1293 3567 1404 3600 cuin
1493 3567 1604 3615 pag.
1632 3553 1729 3609 184
1758 3567 1869 3618 sqq.
1900 3550 2033 3600 Male
2062 3551 2147 3600 alii
2168 3552 2371 3617 qnidam
2402 3554 2520 3604 dant

377 3629 476 3680 illi»
497 3630 876 3680 communicavit
901 3640 950 3678 et
975 3630 1152 3678 civium
1175 3647 1404 3680 romano·
1492 3634 1678 3682 Iovem.

379 3727 486 3758 rum
505 3721 804 3768 conventus,
826 3721 876 3758 et
897 3719 998 3757 tota
1021 3709 1296 3773 provincia.
1565 3711 1616 3759 6.
1636 3708 1847 3775 Egisset.
1875 3711 1993 3758 Tam
2018 3727 2183 3758 severe
2217 3727 2320 3760 sese
2348 3681 2401 3761 in
2426 3715 2518 3764 hnc

455 3792 502 3840 5.
541 3789 872 3839 celeberrimo.
914 3791 1030 3852 Quo
1072 3787 1244 3838 notior
1281 3799 1406 3838 esset
1492 3806 1545 3840 re
1570 3788 1837 3838 habuisset.

379 3869 548 3918 Verris
570 3869 784 3920 insaniit.
808 3894 880 3904 -
905 3865 1296 3932 Religiouksi'mo.
1336 3870 1406 3918 Ut
1568 3878 1611 3930 7.
1630 3867 1831 3916 ltaliam
1852 3867 2131 3934 attinget-ee.
2156 3871 2323 3932 Quum
2344 3873 2435 3922 inte
2456 3891 2521 3924 ex

383 3945 700 4010 dejiciendae,
743 3947 839 3996 nisi
883 3947 1140 3994 maximam
1182 3946 1250 3996 ob
1296 3963 1406 3996 cau-
1496 3948 1745 4014 provincia
1786 3963 1872 3995 sna
1908 3947 2177 3999 decederet.
2221 3951 2370 4000 Dedit
2404 3955 2523 4014 Ern,
2596 3989 2606 3996 -

384 4043 510 4084 um,
546 4039 718 4076 statute
749 4041 850 4076 non
887 4025 1184 4076 viderentur.
1223 4028 1298 4074 De
1331 4027 1407 4074 Se·
1493 4043 1553 4076 ex
1574 4025 1685 4074 edd.
1708 4039 1827 4076 vett.
1852 4027 1969 4075 Non
1996 4027 2377 4093 improbandum
2409 4034 2521 4082 atti-

385 4107 564 4170 rapidia
600 4107 782 4172 templo
813 4106 913 4155 vid.
937 4107 1162 4158 Creuzer.
1198 4107 1408 4172 Dionys.
1490 4107 1585 4172 gie.
1609 4109 1657 4156 J.
1678 4109 1744 4155 V.
1776 4109 1833 4155 L.
