2984 4684
801 379 910 448 IN
958 375 1400 446 VERREM
1447 375 1766 446 ACTIO
1815 377 2163 446 PRIMA.
2416 375 2556 452 255

409 500 665 597 judicii
690 497 876 571 facta
905 496 1162 597 grandi
1187 499 1541 594 pecunia:
1573 493 1705 569 ea⁶
1732 500 2001 568 mansit
2026 498 2103 568 in
2137 497 2559 573 conditione

411 627 636 709 atque
664 623 878 709 pacto
903 631 1140 706 usque
1165 606 1258 679 ad
1284 630 1456 678 eum
1481 605 1703 678 finem
1720 661 1740 695 ‚
1788 606 1967 678 dum
2001 607 2284 703 judices
2312 609 2563 705 rejecti

410 733 641 792 sunu.
674 723 1152 818 Posteaquam
1187 717 1486 811 rejectio
1514 717 1848 814 judicum
1880 716 2065 790 facta
2092 733 2225 808 est,
2242 721 2445 817 quod
2483 737 2559 794 et

413 837 490 902 in
519 833 904 904 sortitione
927 833 1138 902 istius
1174 824 1410 927 spem⁸
1432 826 1729 901 fortuna
1760 829 2017 928 populi
2044 833 2353 921 romani,
2374 847 2449 904 et
2478 836 2559 904 in

411 942 818 1039 rejiciendis
840 940 1209 1037 judicibus
1238 963 1400 1011 mea
1419 939 1794 1036 diligentia
1817 942 2123 1012 istorum
2166 943 2555 1041 impuden-

411 1057 586 1126 tiam
616 1057 907 1139 vicerat,
942 1051 1354 1124 renuntiata
1390 1065 1503 1121 est
1536 1065 1689 1122 tota
1718 1049 2174 1122 conductioo.
2220 1053 2557 1126 Praeclare

410 1191 486 1238 se
509 1191 624 1238 res
651 1163 1005 1237 habebat:
1031 1161 1256 1234 libelli
1285 1163 1674 1234 nominum
1696 1175 2109 1234 vestrorum
2129 1163 2559 1262 consiliique

408 1277 626 1374 hujus
652 1279 730 1349 in
763 1273 1100 1348 manibus
1131 1286 1338 1344 erant
1367 1275 1738 1358 omnium3
1767 1270 1970 1343 nulla
1998 1286 2173 1343 nota
2196 1283 2282 1362 ¹⁰,
2313 1275 2559 1346 nullus

407 1388 634 1478 color,
679 1387 896 1458 nullae
955 1383 1209 1462 sordes
1259 1377 1702 1455 videbantur
1768 1382 1880 1454 his
1932 1385 2309 1455 sententiis
2357 1384 2557 1457 allini

405 1521 660 1596 posse:
690 1523 924 1596 quum
953 1497 1085 1568 iste
1121 1506 1418 1591 repente
1449 1518 1540 1565 ex
1574 1491 1791 1565 alacri
1824 1508 2049 1592 atque
2078 1494 2241 1566 laeto
2270 1498 2372 1567 sic
2400 1490 2557 1568 erat

403 1609 699 1682 humilis
717 1625 938 1709 atque
963 1607 1348 1692 demissu5‚
1367 1617 1451 1673 ut
1481 1629 1633 1674 non
1666 1603 1888 1676 modo
1915 1605 2197 1703 populo
2225 1631 2556 1696 romane,

409 1720 536 1792 sed
569 1721 786 1792 etiam
824 1718 963 1791 sibi
1005 1719 1160 1818 ipse
1197 1712 1731 1787 condemnatus
1777 1713 2165 1788 videretur.
2206 1721 2389 1789 Ecce
2426 1741 2555 1790 au-

407 1845 554 1902 tem
578 1845 882 1930 repente
897 1884 916 1918 ‚
935 1829 1049 1900 his
1067 1825 1330 1898 diebus
1349 1827 1601 1924 paucis
1622 1837 1643 1869 ¹
1657 1837 1707 1914 ¹,
1742 1827 2050 1898 comitiis
2072 1837 2132 1870 ¹²
2153 1829 2555 1901 consulari-

401 1939 545 2014 bus
563 1940 795 2030 factis‚
823 1938 1076 2013 eadem
1097 1938 1216 2010 illa
1235 1951 1482 2009 vetera
1500 1938 1798 2010 consilia
1811 1943 2125 2037 pecunia
2144 1940 2419 2035 majore
2436 1966 2557 2013 re-

398 2067 776 2152 petuntur,
795 2050 1214 2149 eaedemque
1237 2061 1490 2119 vestrae
1509 2045 1717 2118 famae
1738 2046 2202 2148 fortunisque
2221 2053 2551 2134 omnium

402 2291 526 2341 Inde
562 2299 767 2356 apparet
799 2304 904 2337 non
939 2289 1008 2336 ita
1039 2301 1196 2334 novas
1226 2301 1330 2333 esse
1351 2297 1432 2331 ess

399 2371 655 2421 societates
689 2383 810 2434 quas
844 2383 938 2418 nos
971 2379 1258 2414 assur-aneos
1282 2376 1431 2410 vocs·

401 2469 536 2511 mus,
579 2450 838 2512 multoque
873 2447 966 2494 bac
1005 2445 1059 2492 in
1100 2450 1240 2508 parte
1285 2441 1431 2490 nobis

401 2533 680 2580 solertiores
715 2529 862 2577 fuisse
897 2529 1148 2576 Romanos
1161 2557 1174 2582 ,
1201 2522 1289 2585 qui
1327 2534 1431 2567 non

401 2611 686 2676 grandinem
699 2643 714 2668 ,
729 2623 814 2656 seu
831 2603 1114 2654 incendium
1127 2638 1142 2663 ,
1160 2601 1248 2649 sed
1271 2601 1430 2665 ipsun

399 2703 606 2740 mort-
625 2701 772 2754 atque
788 2685 1038 2735 infamiam
1058 2681 1372 2730 redimerent.

471 2773 524 2822 6.
548 2770 806 2821 Abatea.
827 2767 878 2815 J.
893 2753 958 2814 'v.
976 2765 1036 2812 L.

471 2867 520 2912 7.
564 2847 749 2916 λείπει·
787 2857 913 2895 sune.
954 2847 988 2894 J
991 2840 1189 2892 udieum
1228 2839 1427 2887 nomina

399 2931 562 2994 primo
593 2931 646 2977 in
675 2941 848 2978 urnam
881 2923 1059 2974 sortito
1089 2919 1424 2977 mittebantur,

399 3023 458 3062 ut
489 3010 554 3060 de
593 3008 820 3075 pluribus
857 3002 1159 3054 necessarius
1193 3014 1426 3047 numerus

398 3089 756 3149 conficeretur;
808 3097 978 3152 postes
1043 3089 1300 3130 accusator
1367 3094 1424 3126 ae

397 3189 532 3234 reus,
554 3189 616 3220 ex
641 3171 730 3220 illo
751 3182 956 3218 numero
977 3161 1281 3226 rejiciebant,
1297 3175 1422 3224 quos

399 3252 493 3300 sibi
518 3261 602 3300 aut
621 3250 835 3313 iniquos,
860 3257 944 3296 aut
966 3261 1030 3294 ex
1053 3243 1217 3307 aliqua
1251 3256 1304 3288 re
1339 3240 1422 3288 in-

399 3329 684 3378 commodos
715 3329 820 3378 sore
843 3336 1090 3392 putarent.
1104 3323 1246 3372 Tunc
1260 3321 1316 3368 in
1337 3334 1423 3370 eo·

403 3425 512 3456 rum
575 3408 770 3466 locum,
818 3407 905 3470 qui
967 3405 1134 3466 rejecti
1206 3403 1422 3458 fuerant,

403 3485 790 3536 subsortiebatur
823 3497 1006 3549 prator
1038 3483 1186 3542 alios,
1242 3480 1425 3546 quibus

393 3567 617 3628 judicum
655 3564 902 3627 legitimus
935 3577 1163 3610 numerus
1207 3559 1426 3624 comple-

282 3688 291 3696 .
399 3659 550 3697 retur.
575 3644 664 3694 His
695 3642 952 3708 perfectis,
985 3641 1186 3690 nomina
1223 3639 1426 3686 selecto-

401 3745 508 3776 rum
546 3724 772 3788 judicum
813 3723 866 3773 in
903 3720 1083 3770 libellis
1115 3735 1202 3767 seu
1239 3717 1428 3767 tabellis

401 3806 560 3871 palam
587 3803 998 3860 inscribebantur,
1027 3815 1090 3848 ne
1113 3797 1254 3863 pravi
1276 3797 1429 3861 aliqui

399 3904 450 3934 se
477 3887 604 3934 inter
629 3901 715 3934 eos
737 3881 1073 3932 obtruderent.

473 3968 522 4014 8.
550 3965 696 4014 Istius
721 3979 869 4030 spem.
887 3959 1122 4026 Sperabat
1139 3957 1314 4006 Verres
1335 3956 1426 4004 im-

401 4045 584 4109 probos
610 4056 857 4094 senatores
883 4058 946 4090 ex
973 4055 1094 4089 urm
1113 4037 1422 4087 educendos:

349 4183 354 4189 ι
405 4125 525 4173 fecit
539 4125 737 4176 fortuna
755 4123 929 4191 populi
949 4118 1154 4182 romani,
1179 4127 1234 4168 ut
1251 4118 1428 4184 optimi

686 4363 720 4378 A

1520 2284 1597 2344 cuj
1604 2300 1759 2348 usque
1773 2301 1953 2333 nomen
1971 2282 2274 2334 educeretur.
2286 2285 2556 2351 Dilae'geneia

1520 2363 1775 2419 Ciceronis
1796 2363 1891 2412 suit
1913 2365 1967 2412 in
1990 2363 2267 2425 rejiciendis
2290 2368 2553 2431 suspectis3

1518 2439 1821 2505 inpudentia
1858 2443 2027 2490 Verris
2062 2445 2121 2492 in
2158 2444 2425 2494 tetinendis
2464 2447 2552 2512 qui

1517 2531 1685 2585 aperte
1710 2532 1849 2569 erant
1871 2521 2105 2585 improbi.

1588 2617 1639 2664 9.
1662 2601 1909 2649 Asconius
1926 2599 2169 2663 condicio,
2182 2602 2320 2665 quod
2336 2605 2553 2668 probant

1516 2683 1744 2730 Gronov.
1780 2691 1831 2729 et
1866 2681 2059 2730 Ernest.
2108 2707 2182 2718 -
2228 2682 2547 2750 Renuntiata.

1516 2761 1782 2824 Postquam
1808 2760 1979 2820 rejecti
2004 2771 2119 2808 sunt
2140 2760 2359 2821 iudices,
2379 2761 2550 2826 displi-

1516 2839 1621 2888 cuit
1646 2838 1901 2902 negotium
1928 2836 2351 2902 redemptoribus,
2394 2852 2443 2890 et
2470 2857 2543 2890 re·

1512 2920 1736 2969 silierunt
1755 2936 1784 2967 ι
1805 2918 2091 2967 conditione
2114 2930 2163 2966 et
2185 2931 2353 2983 pacto.

1590 3015 1668 3048 ιο.
1706 2999 1861 3046 Nota.
1898 2997 2078 3047 Nullus
2114 2998 2275 3046 fraudi
2309 2999 2453 3050 loeus
2490 3001 2544 3048 in

1510 3081 1607 3128 hoc
1648 3078 1868 3142 jndicio,
1903 3078 2095 3142 qualem
2146 3078 2199 3126 in
2236 3079 2547 3128 Varroniano

1510 3159 1597 3208 illo
1621 3159 1849 3208 adhibuit
1874 3157 2187 3207 Hortensius.
2210 3158 2279 3207 Η.
2302 3158 2337 3208 1.
2366 3158 2549 3207 intelli-

1512 3255 1595 3305 ges
1616 3257 1679 3288 ex
1702 3249 1875 3288 annot.
1886 3237 1949 3286 sd
1970 3237 2137 3286 Divin.
2158 3252 2265 3300 cap.
2289 3254 2335 3299 7.

1590 3335 1611 3367 ι
1626 3336 1675 3370 1.
1722 3317 1811 3366 His
1855 3315 2021 3366 diebus
2056 3315 2249 3381 paucis.
2294 3316 2547 3366 Familiare

1511 3399 1740 3449 Ciceroni
1773 3413 1868 3462 pro
1904 3396 2109 3460 «paucis
2142 3405 2259 3459 post
2304 3393 2542 3448 diebus»,

1514 3479 1595 3528 sic
1636 3477 1815 3528 catull.
1852 3474 2116 3524 -eoensbis
2156 3473 2315 3535 bene,
2352 3475 2420 3522 mi
2456 3477 2546 3524 Fa-

1512 3558 1669 3616 bulle,
1696 3557 1893 3622 paneis,
1916 3557 1959 3603 si
1978 3555 2029 3604 di
2049 3553 2293 3614 dederint,
2316 3553 2487 3604 diebus
2500 3579 2543 3604 π.

1593 3652 1676 3686 12.
1708 3634 1927 3684 comitiis
1958 3633 2307 3682 consularibus.
2351 3635 2547 3696 Quibus

1516 3717 1809 3766 Hortensius
1820 3714 1989 3761 Verris
2014 3712 2245 3770 defensor
2266 3723 2317 3760 et
2347 3715 2411 3776 Q.
2432 3717 2543 3764 Me-

1517 3797 1663 3846 tellus
1697 3792 1923 3842 eonsules
1948 3790 2187 3856 designati
2212 3789 2417 3838 fuerant.
2446 3791 2549 3838 Fie-

1516 3877 1637 3926 bsnt
1662 3883 1823 3922 sutem
1861 3871 2059 3920 eomiti-
2096 3869 2367 3918 consularis
2394 3869 2546 3933 vulgo

1514 3967 1629 4003 ente
1673 3951 1803 4000 diem
1838 3967 1893 3999 vx
1932 3950 2031 3998 lul.
2070 3948 2233 3998 sextil.
2277 3946 2363 4013 (²7
2396 3947 2547 4012 jul.);

1515 4030 1843 4084 accusationis
1868 4045 1987 4080 vero
2010 4031 2194 4094 primns
2214 4027 2321 4076 dies
2336 4027 2429 4077 fnit
2454 4045 2549 4076 no·

1518 4131 1595 4166 ne
1623 4111 1835 4163 sextiles.
1864 4111 1961 4160 Ins.
1982 4127 2087 4174 esp.
2120 4125 2201 4158 10.
