2984 4684
789 343 926 410 DE
977 342 1454 410 JUDICIIS
1507 341 2024 409 PRIVATIS.
2269 413 2278 420 ,
2336 340 2468 437 577
2505 365 2520 378 ·

344 485 491 526 reus
522 487 559 526 a
590 463 863 550 petitore
898 464 1215 552 exigeret,
1270 463 1481 540 hune,
1529 463 1581 525 si
1623 485 1812 526 causa
1845 463 2049 525 victus
2090 460 2478 547 discederet,

343 569 561 633 damni
608 591 824 650 causa,
882 585 1123 632 certam
1164 565 1515 656 quamdam
1557 569 1848 656 pecuniae
1887 568 2016 632 vim
2069 570 2476 650 soluturum,

344 697 488 762 quae
520 674 601 738 ad
636 675 886 738 tertiam
922 675 1122 738 totius
1157 673 1287 736 litis
1318 689 1566 762 partem
1600 671 1902 737 accedere
1933 673 2194 738 solebat.

432 779 791 844 Cavebatur
831 779 1022 844 etiam
1064 779 1147 843 ab
1184 803 1265 843 eo
1304 778 1483 842 unde
1525 779 1886 868 petebatur,
1917 797 2200 866 quatuor
2227 783 2481 870 generi-

344 885 497 965 buS,
526 884 911 974 sponsione,
948 907 1133 972 poena
1153 932 1170 965 ,
1202 882 1628 964 jurejurando
1663 882 1744 947 de
1773 883 2127 964 calumnia,
2161 885 2444 951 infamia.

440 989 509 1054 1⁰
544 991 823 1078 Sponsio
872 1006 1053 1054 actus
1100 1005 1234 1052 erat
1270 989 1589 1068 judicialis
1626 990 1692 1052 in
1727 991 1872 1070 jure
1908 987 2046 1052 fieri
2079 991 2340 1074 solitus,
2385 994 2481 1056 in-

346 1096 651 1184 terposita
702 1095 1121 1184 stipulatione
1171 1112 1361 1159 certae
1411 1095 1738 1182 pecuniae,
1783 1117 1974 1182 quam
2025 1095 2323 1183 perderet
2374 1099 2485 1186 qui

346 1203 698 1289 sponsione
719 1200 1109 1264 vinceretur.
1132 1201 1216 1263 Et
1234 1223 1306 1264 ea
1330 1196 1594 1287 quidem
1610 1249 1627 1280 ,
1655 1213 1862 1286 quum
1891 1197 1974 1262 de
2003 1201 2490 1290 restipulatione
2585 1261 2588 1266 .

346 1306 657 1387 diximuS,
708 1306 903 1369 simul
956 1306 1331 1393 explicatur.
1382 1306 1642 1368 Poterat
1687 1319 1906 1368 autem
1941 1304 2195 1369 duabus
2233 1323 2484 1372 tantum

348 1413 428 1476 (le
462 1414 671 1475 causis
704 1410 837 1474 fieri
856 1460 873 1491 ,
901 1412 1081 1475 velut
1101 1409 1185 1473 de
1213 1411 1487 1498 pecunia
1523 1427 1695 1474 certa
1723 1409 1962 1474 credita
1985 1459 2002 1492 ,
2033 1412 2218 1491 cujus
2251 1435 2322 1476 ea
2356 1433 2492 1478 erat

347 1537 535 1606 poena
581 1533 665 1606 ut·
704 1517 889 1580 tertia
934 1537 1205 1579 summae
1257 1539 1403 1604 pars
1451 1516 1737 1580 vincenti
1789 1515 2157 1580 adversario
2203 1516 2493 1600 cederet,

350 1639 465 1688 aut
512 1640 855 1712 postquam
908 1621 1143 1685 dilatus
1188 1619 1452 1685 debitor
1501 1643 1570 1684 se
1611 1621 1777 1684 nihil
1823 1607 2062 1684 debere
2109 1621 2496 1707 affirmaret,

352 1753 465 1794 seu
496 1729 867 1810 constitutae
900 1727 1223 1814 pecuniae,
1252 1725 1430 1789 unde
1462 1743 1526 1790 et
1559 1743 1972 1790 controversa
1999 1749 2101 1790 res
2135 1744 2201 1791 et
2229 1727 2495 1793 dimidia

350 1861 621 1901 summae
655 1837 853 1899 totius
886 1857 1035 1922 pars
1072 1833 1438 1899 adversario
1470 1834 1917 1923 praestabatur.

440 1945 513 2006 2⁰
553 1942 743 2005 Poena
800 1963 943 2030 quae
974 1940 1236 2004 wiotum
1283 1963 1465 2003 reum
1513 1939 2050 2028 persequebatur,
2113 1961 2235 2028 pro
2281 1965 2490 2006 causae

350 2066 520 2114 statu
550 2047 937 2135 discrepare,
963 2061 1029 2109 et
1050 2044 1255 2134 dupli,
1276 2069 1391 2110 seu
1420 2044 1767 2133 quadrupli
1795 2044 2064 2108 nomine
2088 2046 2340 2134 imponi
2367 2071 2493 2137 po-

352 2173 533 2220 terat.
562 2155 687 2219 Sed
719 2169 989 2242 praetor,
1025 2153 1207 2241 prius
1236 2173 1432 2240 quam
1473 2152 1858 2216 sententiam
1893 2153 2118 2233 ferret,
2159 2175 2346 2216 reum
2384 2155 2496 2220 a'd·

352 2263 660 2327 monebat
692 2263 886 2326 etiam
919 2275 1079 2323 tunc
1122 2259 1432 2346 temporis
1474 2256 1768 2320 debitum
1819 2257 2000 2320 fateri
2045 2279 2271 2344 posse,
2311 2262 2494 2349 quod

354 2371 407 2432 si
439 2368 545 2430 ille
576 2369 907 2446 fateretur,
937 2363 1209 2452 simplex
1246 2361 1560 2425 duntaxat
1592 2362 1911 2448 solvebat,
1951 2361 2002 2424 si
2036 2380 2261 2427 contra
2299 2367 2496 2453 perti-

356 2475 581 2536 nacius
614 2487 912 2559 negaret,
940 2467 1119 2556 dupli
1157 2467 1603 2530 damnabatur.

444 2578 517 2642 3⁰
539 2573 1000 2658 Jusjurandum
1035 2573 1116 2636 de
1152 2573 1472 2636 calumnia
1510 2573 1679 2636 idem
1715 2587 1850 2670 erat
1885 2573 2066 2661 quod
2096 2597 2292 2662 supra
2326 2575 2492 2640 dixi-

356 2707 531 2766 mus,
566 2683 691 2746 nisi
720 2679 901 2768 quod
934 2680 1137 2742 versis
1170 2678 1422 2741 vicibus
1467 2683 1580 2740 re'o
1614 2677 2011 2742 deferretur:
2053 2702 2267 2766 neque
2317 2679 2384 2744 id
2425 2683 2494 2746 in

336 2792 537 2856 omni
573 2791 863 2869 actione,
902 2785 1015 2851 sed
1052 2787 1119 2848 in
1160 2786 1234 2850 iis
1282 2801 1534 2849 tantum
1573 2785 1809 2874 quibus
1847 2808 1930 2848 ne
1974 2787 2189 2850 statim
2226 2789 2492 2876 quidem

355 2905 437 2968 ab
472 2902 656 2967 initio
683 2899 888 2988 pluris
918 2919 1113 2984 quam
1149 2897 1361 2984 simpli
1402 2913 1500 2959 est
1533 2895 1734 2975 acti0‚
1773 2911 1839 2958 et
1869 2895 1939 2958 in
1982 2898 2222 2984 quibus
2254 2900 2343 2963 rei
2376 2901 2496 2966 he-

356 3009 576 3087 redeS,
606 3023 719 3070 aut
745 3005 1001 3068 feminae
1028 3025 1103 3067 ac
1134 3001 1361 3092 pupilli
1390 3001 1457 3062 in
1483 2999 1588 3078 jus
1613 3018 1950 3066 vocantur.
1989 3002 2126 3066 Gai.
2152 3003 2264 3087 lv,
2307 3030 2450 3094 172.

447 3115 519 3192 4⁰
548 3111 818 3178 Infamia
866 3109 1152 3195 denique
1198 3107 1566 3183 laborabat,
1607 3106 1656 3168 si
1702 3106 2091 3188 vinceretur,
2139 3131 2286 3174 reus
2339 3113 2500 3179 furti

351 3221 632 3302 judicio,
674 3219 736 3282 vi
776 3218 1109 3281 bonorum
1156 3229 1525 3302 raptorum,
1575 3211 1992 3292 injuriarum3
2042 3215 2198 3278 item
2235 3240 2354 3304 pro
2389 3243 2496 3284 so-

272 3391 281 3400 ,
358 3329 499 3407 cio,
530 3325 784 3404 tutelae,
824 3319 1145 3401 mandati,
1189 3319 1483 3408 depositi.
1533 3317 1661 3382 Sed
1707 3319 1862 3381 furti
1910 3334 2022 3383 aut
2067 3321 2132 3382 vi
2166 3321 2497 3390 bonorum

358 3450 695 3522 raptorum
716 3481 735 3514 ,
770 3407 883 3496 aut
921 3428 1306 3510 injuriarum
1340 3447 1470 3489 non
1506 3425 1717 3488 solum
1756 3422 2127 3508 damnatoS‚
2158 3429 2273 3516 sed
2306 3431 2499 3496 etiam

359 3557 578 3630 pactos
614 3538 969 3628 ignominia
1003 3534 1211 3598 notari
1241 3531 1435 3596 Gaius
1457 3580 1476 3611 ,
1507 3531 1618 3604 IV,
1661 3530 1779 3594 182
1802 3580 1819 3610 ,
1857 3531 2216 3597 confirmat.
2243 3535 2502 3601 Poterat

358 3663 578 3711 autem
602 3667 794 3728 reus,
832 3641 931 3706 vel
972 3640 1273 3704 inchoata
1312 3637 1456 3719 lite,
1498 3638 1546 3700 si
1582 3635 1856 3700 omnino
1885 3638 2150 3724 petitori
2183 3637 2263 3703 de
2291 3643 2504 3706 omni—

360 3753 484 3817 bus
519 3751 713 3816 rebus
741 3749 1163 3827 satisfaceret,
1186 3744 1514 3808 infamiam
1545 3743 1714 3806 hanc
1741 3741 2050 3830 effugere,
2076 3768 2220 3833 quae
2251 3763 2504 3813 tantum

363 3883 441 3923 ex
475 3857 821 3921 novissima
852 3852 1083 3936 judicis
1118 3851 1434 3916 sententia
1470 3847 1641 3912 victo
1682 3847 2079 3912 inurebatur.

452 3965 682 4052 Neque
719 3985 791 4025 ea
826 3961 1047 4023 omnia
1081 3957 1342 4048 praetori
1390 3955 1540 4018 satis
1590 3971 1808 4034 erant,
1862 3953 1976 4018 sed
2025 3957 2216 4022 etiam
2271 3979 2504 4025 mutuo

371 4074 538 4135 inter
570 4093 638 4134 se
666 4069 984 4156 litigantes
1016 4062 1618 4151 obstringebantur,
1651 4077 1726 4123 ut
1769 4083 1837 4123 se
1871 4059 2106 4138 judicis
2144 4068 2506 4149 sententiae,

564 4184 617 4248 I,
671 4193 765 4236 Cic.
783 4205 893 4253 pars
923 4198 1139 4234 secunda.
2222 4171 2312 4266 37
