2984 4684
774 367 1184 438 ORATIO
1233 368 1445 436 PRO
1494 370 1571 436 P..
1620 368 2095 458 QUINTIO.
2424 387 2497 432 ιι

359 495 567 580 riam,
581 493 839 562 omnia
853 493 1146 562 inimica
1165 504 1386 586 atque
1405 489 1663 562 infesta
1681 490 1984 562 fuerint:
2014 492 2197 576 te‚C.
2215 487 2509 584 Aquini,

356 627 641 700 vosque
664 656 682 689 ‚
726 604 858 698 qui
893 603 966 671 in
1003 600 1314 672 consilio,
1339 599 1644 690 adestis»,
1688 615 1846 672 orat
1875 615 2095 697 atque
2142 598 2511 687 obsecrat,

357 727 450 782 ut
479 712 728 782 multis
762 713 1048 807 injuriis
1068 714 1404 808 jactatam
1435 725 1658 808 atque
1686 713 2027 808 agitatam
2060 710 2473 806 aequitatem
2492 763 2513 796 ‚

325 899 330 907 ,
357 824 442 890 in
471 820 616 892 hoc
639 820 935 892 tandem
957 821 1122 892 loco
1145 825 1538 892 consistere
1569 835 1642 891 et
1670 819 2083 894 confirmari
2111 822 2509 918 patiamini.

460 937 590 1002 III.
636 930 725 1002 Id
764 955 918 1028 quo
954 929 1234 1003 facilius
1276 929 1511 1004 facere
1555 935 1848 1029 possitis
1872 986 1892 1021 ‚
1937 929 2130 1003 dabo
2174 955 2513 1030 operam,

359 1055 450 1112 ut
488 1065 534 1112 a
563 1045 966 1141 principi0‚
999 1068 1114 1114 res
1145 1041 1768 1141 quemadmodum
1804 1058 1999 1141 gesta
2032 1058 2107 1115 et
2143 1058 2511 1116 contracta

359 1155 495 1241 sit,
531 1155 1005 1249 cognoscatis,
1039 1157 1116 1226 C.
1150 1156 1497 1244 Quintius
1530 1151 1670 1225 fuit
1692 1159 1767 1225 P.
1800 1155 2084 1243 Quintii
2122 1150 2339 1248 hujus
2367 1151 2511 1224 fra-

361 1277 512 1352 ter3
541 1287 714 1336 sane
739 1278 1140 1334 ceterarum
1157 1276 1434 1334 rerum¹
1453 1262 1963 1363 paterfamilias
1996 1277 2068 1333 et
2089 1263 2413 1361 prudens
2440 1275 2513 1332 et

359 1387 684 1444 attentus
707 1427 726 1461 ,
761 1399 912 1445 una
946 1377 1024 1444 in
1067 1398 1145 1445 re
1199 1375 1445 1472 paullo
1497 1378 1743 1446 minus
1790 1372 2328 1462 consideratus,
2381 1374 2509 1470 qui

361 1487 782 1556 societatem
811 1509 980 1555 cum
1001 1489 1160 1555 Sex.
1200 1487 1444 1556 Noevio
1470 1480 1750 1574 fecerit,
1780 1487 1938 1556 viro
1969 1483 2197 1571 bone,
2227 1507 2514 1553 verum-

362 1609 608 1666 tamen
653 1619 806 1664 non
847 1598 946 1665 ita
995 1596 1374 1684 institut0‚
1426 1609 1515 1665 ut
1547 1597 1712 1692 jura
1758 1587 2116 1668 societatis
2162 1607 2236 1664 et
2272 1591 2511 1663 officia

362 1708 542 1775 certi
558 1715 587 1746 ²
611 1702 1140 1803 patrisfamilias
1164 1729 1377 1776 nosse
1397 1718 1681 1803 posset:
1710 1731 1860 1807 non
1895 1729 2047 1802 quo
2068 1701 2097 1748 ³
2130 1707 2195 1774 ei
2226 1702 2509 1796 deesset

362 1817 782 1910 ingenium3
811 1838 982 1884 nam
1015 1839 1258 1911 neque
1290 1839 1550 1913 parum
1589 1813 1862 1887 facetus
1894 1837 2141 1887 scurra
2168 1818 2327 1884 Sex.
2358 1817 2513 1885 Nae·

359 1926 556 2012 vim,
607 1949 847 2022 neque
879 1924 1378 1997 inhumanus⁴
1418 1923 1690 2024 praeco⁵
1725 1941 1835 1998 est
1891 1951 2245 2023 umquam
2277 1927 2513 1996 existi·

362 2047 622 2104 matus.
677 2034 882 2124 Quid
925 2059 1098 2132 ergo
1133 2035 1293 2106 est?
1340 2062 1576 2134 quum
1626 2039 1691 2107 ei
1736 2051 1991 2108 natura
2027 2037 2209 2108 nihil
2252 2035 2512 2106 melius

361 2169 586 2241 quam
621 2170 877 2216 vocem
923 2146 1284 2235 dedisset,
1340 2161 1547 2246 pater
1578 2146 1763 2218 nihil
1804 2162 2065 2245 praeter
2104 2147 2510 2218 libertatem

363 2255 777 2352 reliquisset
796 2311 816 2346 ‚
841 2282 1097 2328 vocem
1122 2261 1198 2328 in
1222 2273 1584 2355 quaestum
1609 2259 1956 2347 contulit;
1985 2257 2313 2329 libertate
2338 2281 2513 2326 usus

363 2379 506 2454 est,
529 2391 679 2463 quo
707 2369 1082 2465 impunius
1108 2368 1320 2438 dicax
1347 2383 1551 2439 esset.
1574 2373 1817 2460 Quare
1841 2369 2045 2467 quod
2069 2372 2347 2440 socium
2376 2365 2509 2437 tibi

361 2497 534 2545 eum
564 2476 784 2548 velles
815 2476 1210 2574 adjungere
1233 2532 1253 2565 ,
1287 2476 1473 2549 nihil
1506 2493 1695 2568 erat,
1746 2481 1883 2550 nisi
1920 2481 2105 2549 utin
2135 2493 2257 2548 tua
2292 2501 2513 2576 pecu-

361 2583 519 2657 nia⁶
549 2587 1023 2678 condisceret,
1036 2591 1167 2687 qui
1193 2593 1521 2688 pecuniae
1555 2587 1835 2660 fructus
1863 2603 2070 2660 esset.
2098 2593 2365 2658 Tamen
2404 2590 2511 2655 in-

363 2693 632 2768 ductus
681 2699 1214 2771 consuetudine
1253 2723 1338 2770 ac
1382 2698 1861 2774 familiaritate
1914 2699 2259 2790 Quintius
2309 2694 2512 2783 fecit,

361 2819 448 2876 ut
478 2805 663 2898 dixi,
700 2811 1115 2880 societatem
1151 2832 1399 2882 earum
1435 2835 1679 2882 rerum
1702 2864 1721 2898 ‚
1748 2834 1911 2907 quae
1944 2812 2021 2879 in
2052 2808 2279 2880 Gallia
2306 2831 2508 2878 com-

359 2915 827 3012 parabantur.
846 2921 1018 2990 Erat
1045 2921 1111 2990 ei
1137 2923 1476 3018 pecuaria
1507 2931 1651 2990 res⁷
1677 2921 1941 3018 ampla,
1960 2935 2032 2990 et
2054 2922 2319 2990 rustica
2337 2943 2507 2989 sane

433 3095 527 3142 111.
555 3110 604 3145 ι.
639 3095 918 3146 Ceterarum
955 3113 1134 3150 rerum.
1167 3099 1386 3148 Subaud.

361 3172 414 3222 iu
453 3173 666 3238 negocio.
705 3175 786 3224 Sic
812 3177 866 3225 iu
905 3177 1014 3228 Cat.
1041 3179 1160 3241 Mnj.
1191 3181 1390 3244 «Saepe-

359 3269 566 3304 numero
591 3254 818 3304 admirari
841 3256 1003 3314 soleo,
1023 3275 1176 3322 quum
1203 3269 1390 3308 cetere-

359 3349 472 3383 rum
491 3351 652 3384 rerum
675 3347 806 3384 tuam
826 3337 1146 3386 excellentem
1159 3372 1176 3398 ,
1205 3339 1278 3387 M.
1297 3339 1389 3388 c·-

359 3425 438 3474 to,
457 3415 771 3478 sapientiam,
797 3426 903 3464 tum
921 3416 996 3465 vel
1015 3419 1240 3477 maxime,
1258 3429 1350 3466 etc.
1363 3439 1388 3460 ιο

360 3493 426 3542 Et
447 3490 608 3542 multo
635 3503 782 3558 post:
809 3511 992 3559 «quum
1013 3495 1226 3544 hominis
1253 3508 1389 3544 natu·

360 3587 414 3620 ra
433 3583 590 3620 morte
610 3573 909 3630 dissolvitur,
933 3586 1204 3624 ceterarum
1225 3592 1389 3626 rerum

361 3653 671 3717 perspicuum
697 3663 787 3713 eet,
813 3664 946 3702 ete.»
972 3655 1051 3704 Sic
1081 3655 1240 3703 Graeci
1259 3669 1273 3703 ε
1292 3659 1386 3706 τῶν

363 3727 514 3780 ἄλλον
537 3729 858 3802 πραγμάτων.

432 3827 482 3860 2.
527 3811 670 3862 cerci.
714 3812 912 3862 Sincera
952 3810 1078 3871 fide,
1116 3814 1200 3862 cui
1236 3811 1388 3864 fidere

363 3892 530 3954 possis.
558 3891 639 3939 Sic
659 3891 802 3940 Verr.
823 3893 898 3940 11:
915 3913 941 3934 α
956 3892 1156 3941 homine
1183 3894 1388 3945 eet-tissi·

364 3985 501 4020 mo».
528 3973 642 4020 Sic:
684 3973 914 4022 «amicus
947 3983 1108 4022 certus
1135 3974 1188 4022 in
1224 3990 1278 4022 re
1311 3975 1386 4022 in-

361 4059 484 4096 certa
511 4051 731 4100 cernitur
753 4075 798 4101 n.

431 4124 478 4178 3.
505 4129 620 4176 Non
648 4147 765 4195 quo.
801 4131 1105 4196 Occupetio,
1137 4148 1230 4197 qua
1263 4131 1382 4180 dum

1474 3099 1671 3148 laudare
1700 3099 1825 3150 velle
1852 3100 2075 3150 Naevium
2093 3098 2306 3158 videtur,
2328 3099 2506 3164 pungit

1475 3182 1667 3228 acriter.

1550 3267 1599 3313 4.
1630 3258 1955 3308 Inhumanus.
1984 3256 2201 3306 Insuavis
2221 3291 2236 3316 ,
2272 3256 2500 3318 injucun-

1477 3338 1585 3388 dus.
1605 3339 1727 3388 Vid.
1756 3355 1849 3404 pro
1872 3338 2040 3387 Plane.
2068 3346 2147 3394 14.
2177 3338 2313 3384 Brut.
2344 3338 2427 3392 46.

1548 3419 1595 3467 5.
1632 3421 1822 3469 Proeco.
1850 3419 1985 3465 Servi
2016 3417 2134 3464 olim
2158 3426 2297 3462 eraut
2314 3415 2503 3480 publici

1475 3513 1756 3562 praecones;
1800 3514 2013 3563 quorum
2054 3496 2252 3544 minime
2291 3495 2506 3544 liberalia

1475 3577 1749 3626 habebatur
1766 3589 1995 3642 quaentus.
2018 3575 2207 3622 Notum
2232 3574 2358 3622 illud
2370 3577 2505 3623 Mar-

1477 3656 1633 3714 tialis,
1658 3656 1746 3704 lib.
1765 3657 1829 3716 V,
1854 3657 2009 3720 epigr.
2034 3655 2128 3712 56,
2160 3667 2247 3701 xo:
2272 3676 2297 3696 α
2314 3655 2365 3704 Si
2394 3655 2504 3704 duri

1475 3751 1599 3799 puer
1612 3735 1777 3801 ingeni
1789 3735 1999 3793 videtur,
2012 3735 2291 3782 Praeconem
2309 3735 2503 3784 facito--

1548 3816 1600 3864 6.
1630 3818 1693 3864 In
1722 3826 1808 3862 tua
1836 3814 2067 3878 pecunia.
2092 3817 2153 3862 In
2180 3814 2352 3864 allem.
2389 3817 2503 3863 Hoc

1473 3895 1605 3943 euim
1636 3894 1701 3943 nd
1732 3893 1953 3958 quemvis
1984 3895 2245 3957 generatim
2281 3895 2504 3942 refermr.

1474 3974 1703 4022 Pecuniae
1730 3989 1846 4020 vero
1874 3973 2063 4022 fructus
2090 3984 2163 4022 est
2183 3975 2374 4022 lucrum
2402 3989 2503 4036 quo

1477 4052 1723 4100 familiaris
1751 4064 1828 4100 re}
1852 4065 2074 4116 augetur.

1551 4149 1597 4194 7.
1634 4131 1878 4180 Pecuaria
1910 4148 1999 4180 res.
2039 4130 2251 4180 Plurima
2292 4128 2505 4194 posside-
