2984 4684
1161 994 1170 1002 .
1217 892 1342 960 DE
1399 891 1946 965 PROVINCIIS.

605 1106 810 1191 Quum
839 1102 978 1196 lege
1004 1104 1451 1170 vetustissima
1473 1104 1678 1169 annui
1712 1116 1929 1166 essent
1956 1102 2181 1165 Romae
2212 1102 2649 1193 magistratus,

511 1236 728 1278 annua
761 1234 1026 1301 quoque
1053 1210 1535 1300 provinciarum
1572 1206 2046 1273 administratio
2080 1224 2246 1285 erat,
2266 1232 2411 1299 quae
2436 1235 2474 1275 a
2498 1214 2650 1279 solis

511 1318 986 1409 magistratibus
1032 1317 1168 1406 regi
1207 1322 1544 1405 pot'erant3
1589 1313 1789 1403 idque
1817 1312 1969 1377 satis
1995 1313 2413 1379 manifestum
2446 1333 2545 1381 est
2573 1341 2653 1383 ex

511 1424 818 1489 omnibus
857 1422 1160 1487 historiis.
1191 1420 1438 1485 Verum
1470 1418 1655 1486 bellis
1688 1418 1981 1507 undique
2014 1419 2435 1508 urgentibus,
2456 1422 2651 1512 coepti

507 1547 662 1596 sunt
692 1530 1024 1612 consules,
1075 1542 1139 1593 et
1179 1544 1485 1617 praetores
1518 1529 1587 1592 in
1624 1526 1973 1616 provinciis
2018 1527 2285 1592 retineri
2333 1545 2484 1617 post
2520 1532 2647 1595 ela·

502 1656 698 1725 psum
740 1656 988 1699 annum
1027 1634 1130 1699 sui
1167 1635 1615 1723 magistratus,
1663 1648 1727 1698 et
1752 1681 1771 1714 ,
1820 1648 2175 1723 prorogato
2212 1634 2521 1723 imperio,
2553 1636 2649 1701 illi

501 1742 926 1832 proconsules
942 1789 961 1822 ,
1007 1741 1078 1803 hi
1113 1758 1541 1828 propraetores
1578 1740 1713 1804 fere
1752 1738 2160 1803 dicebantur.
2203 1740 2407 1823 Quod
2438 1765 2647 1831 quum

503 1863 671 1912 esset
720 1862 900 1911 extra
951 1842 1248 1909 ordinem
1267 1893 1284 1926 ,
1357 1861 1591 1933 praeter
1651 1846 1914 1908 senatus
1978 1842 2315 1927 decretum
2335 1894 2352 1923 ,
2417 1848 2645 1935 populi

505 1954 698 2016 etiam
731 1950 980 2037 rogatio
1011 1950 1368 2013 necessaria
1399 1967 1571 2027 erat,
1604 1967 1680 2013 ut
1710 1948 1993 2037 cuipiam
2021 1966 2485 2040 prorogaretur
2519 1954 2645 2016 im·

505 2058 763 2147 perium
807 2056 877 2118 in
921 2054 1286 2143 provincia,
1320 2070 1484 2119 teste
1524 2055 1738 2120 Dione
1769 2054 1883 2119 lib.
1903 2054 2223 2138 XXXVI,
2266 2073 2331 2122 et
2362 2059 2644 2124 Asconio

508 2162 590 2227 ad
614 2162 978 2227 orationem
1011 2182 1131 2249 pro
1168 2163 1239 2226 G.
1261 2162 1603 2226 Cornelio:
1635 2161 1751 2250 qui
1776 2158 2041 2243 dicunt,
2069 2163 2337 2252 antiqua
2367 2187 2649 2229 consue-

507 2267 736 2334 tudine
771 2282 1106 2355 receptum
1139 2266 1338 2331 fuisse
1359 2314 1377 2349 ,
1411 2283 1488 2330 ut
1522 2289 1601 2331 ex
1645 2267 1707 2331 S.
1750 2270 1819 2331 C.
1858 2269 2143 2357 populus
2178 2268 2455 2335 solveret
2484 2272 2645 2361 legi·

509 2378 634 2441 bus
650 2422 668 2455 ,
708 2374 836 2438 hoc
874 2390 970 2438 est
993 2422 1012 2457 ,
1064 2372 1311 2461 aliquid
1336 2374 1742 2463 permitteret
1764 2390 1991 2438 contra
2015 2376 2231 2464 legum
2252 2378 2645 2467 praescripta.

505 2481 690 2547 Idem
729 2480 921 2545 etiam
959 2493 1212 2543 constat
1250 2503 1328 2544 ex
1364 2479 1548 2544 Livio
1585 2478 1883 2568 pluribus
1918 2478 2113 2563 locis,
2174 2498 2251 2546 ut
2290 2480 2403 2547 lib.
2440 2483 2643 2549 VIII:

507 2591 790 2653 «Actum
822 2609 974 2649 cum
1009 2584 1288 2651 tribunis
1325 2600 1454 2667 est,
1493 2584 1580 2649 ad
1622 2586 1941 2674 populum
1988 2588 2233 2652 ferrent
2252 2636 2269 2669 ,
2328 2605 2403 2653 ut
2434 2612 2643 2678 quum

505 2694 584 2759 P.
607 2690 790 2756 Philo
816 2690 1158 2755 consulatu
1195 2690 1490 2771 abiisset,
1530 2692 1885 2779 proconsul
1922 2714 2062 2756 rem
2102 2710 2385 2782 gereret,
2424 2696 2643 2784 quoad

507 2796 900 2863 debellatum
935 2818 1086 2861 cum
1121 2795 1358 2860 Graecis
1395 2812 1564 2859 esset
1586 2826 1632 2860 n.
1669 2796 1753 2861 Et
1780 2797 1891 2862 lib.
1918 2798 2016 2861 X:
2049 2796 2165 2863 «L.
2184 2798 2538 2865 Volumnio
2562 2824 2643 2866 ex

507 2905 569 2968 S.
606 2905 681 2969 C.
721 2919 786 2967 et
823 2902 986 2967 scito
1018 2902 1224 2990 plebis
1261 2918 1688 2990 prorogatum
1720 2903 1787 2965 in
1819 2925 2069 2967 annum
2100 2905 2449 2993 imperium
2478 2923 2575 2972 est
2590 2938 2639 2973 υ.

507 3010 647 3075 Lib.
681 3008 962 3072 XXVII:
995 3007 1236 3090 «Quod
1268 3010 1337 3072 in
1361 3008 1432 3071 L.
1450 3008 1758 3091 Veturi0,
1792 3009 1964 3074 idem
1998 3011 2066 3073 in
2094 3011 2165 3075 C.
2194 3014 2641 3079 Aurunculeio

507 3116 843 3181 decretum
883 3112 965 3177 ab
1003 3130 1270 3197 senatu,
1313 3113 1649 3203 latumque
1680 3112 1761 3177 ad
1794 3117 2115 3205 populum
2152 3133 2249 3182 est
2294 3116 2376 3183 de
2406 3141 2639 3206 proro-

503 3220 723 3311 gando
743 3218 1074 3308 imperio».
1099 3220 1186 3282 Et
1207 3220 1501 3307 quamvis
1532 3220 1643 3283 lib.
1668 3220 1893 3285 XXXI
1926 3220 2227 3287 dicantur
2248 3222 2466 3288 Patres
2494 3248 2642 3313 pro·

505 3348 762 3419 rogasse
803 3324 1152 3413 imperium
1180 3326 1257 3388 T.
1297 3326 1610 3408 Quintio;
1661 3324 1729 3389 id
1768 3350 1903 3391 non
1941 3328 2088 3409 jur'e
2132 3353 2253 3394 suo
2304 3332 2636 3415 fecerunt,

504 3432 620 3499 sed
656 3428 806 3521 quia
844 3452 984 3497 rem
1021 3428 1194 3493 illam
1224 3429 1472 3493 tribuni
1504 3431 1591 3518 pl.
1610 3429 1857 3512 judicio
1888 3432 2159 3499 Patrum
2188 3439 2632 3524 permiserant.

501 3540 844 3633 Ceterum,
897 3534 1068 3599 sicut
1120 3534 1188 3596 in
1241 3533 1625 3599 mandandis
1682 3538 2199 3603 extraordinariis
2250 3543 2634 3629 provinciis,

497 3642 580 3707 de
613 3642 852 3730 quibus
891 3640 1017 3705 alio
1049 3640 1195 3704 loco
1217 3688 1235 3721 ,
1275 3640 1364 3704 ita
1394 3640 1462 3703 in
1497 3640 1912 3731 prorogando
1947 3644 2259 3733 imperi0,
2310 3645 2477 3711 illud
2510 3648 2634 3713 sibi

495 3766 718 3837 postea
754 3762 1014 3813 senatus
1045 3747 1417 3835 usurpavit,
1459 3763 1537 3811 ut
1567 3747 1697 3811 hoc
1740 3750 1935 3813 etiam
1967 3768 2299 3839 praestaret
2332 3754 2473 3819 sine
2504 3756 2632 3820 ulla

541 3854 720 3941 opuli
755 3852 1130 3943 rogatione3
1169 3852 1351 3941 quod
1383 3854 1605 3918 multis
1646 3856 1953 3944 exemplis
1999 3858 2387 3924 ostenditur.
2438 3861 2631 3950 Apud

495 3878 866 4023 genunium
909 3958 992 4022 de
1026 3958 1202 4025 Bello
1238 3956 1382 4049 Jug.
1419 3958 1593 4023 «Sed
1620 3961 1841 4047 paullo
1880 3979 2031 4028 ante
2067 3981 2330 4030 senatus
2368 3966 2629 4033 Metello
