2984 4684
530 367 671 442 556
1182 375 1195 392 ⁸
1317 373 1374 440 Ε
1390 373 1867 442 xCURSUS

520 492 691 556 circa
731 491 1013 555 Ostiam:
1040 491 1171 555 Liv.
1207 493 1275 573 Ι,
1314 491 1419 557 33.
1474 493 1770 558 Primum
1807 491 1922 556 sali
1961 491 2234 580 vectigal
2279 491 2674 582 impositum

522 612 623 662 est
646 619 683 660 a
712 595 1093 660 censoribus
1121 597 1343 662 Marco
1372 599 1566 665 Livio'
1583 616 1648 662 et
1674 601 1746 664 C.
1773 596 2070 679 Claudio,
2086 618 2266 661 anno
2285 598 2488 662 Urbis
2507 619 2677 664 con·

524 699 671 764 ditae
705 699 853 788 549.
890 701 1069 766 Idem
1094 750 1114 785 ‚
1154 703 1417 787 XXIX,
1452 703 1557 794 37.
1597 701 1790 768 Unde
1819 719 1886 768 et
1917 700 2128 784 Livio,
2161 703 2350 782 cujus
2379 700 2450 766 id
2481 725 2674 768 com·-

519 823 818 873 mentum
846 831 987 875 esse
1018 810 1424 894 credebatur,
1456 811 1798 876 Salinatori
1827 808 2114 876 inditum
2145 831 2518 899 cognomen
2547 825 2670 873 est.

522 913 862 1004 Quantum
907 915 1035 980 hoc
1078 917 1351 1006 vectigal
1390 933 1600 982 stante
1645 915 1978 1005 republica
2021 915 2222 980 suerit
2239 963 2259 996 ,
2317 915 2670 978 incertum.

520 1019 658 1084 Sub
684 1021 1179 1110 imperatoribus
1212 1021 1508 1088 eamdem
1540 1023 1737 1104 hujus
1769 1022 2097 1111 vectigalis
2125 1043 2452 1086 summam
2473 1069 2496 1102 ,
2521 1043 2672 1108 que

522 1127 933 1194 metallorum
964 1145 1101 1194 erat
1118 1176 1136 1210 z
1174 1131 1483 1195 nimirum
1516 1128 1836 1194 decimam
1861 1129 2060 1192 fuisse
2081 1126 2222 1191 vult
2247 1126 2672 1206 Pancirolus,

530 1233 679 1296 Var.
710 1235 883 1298 Lect.
916 1235 1013 1310 111
1038 1281 1056 1316 ,
1093 1232 1197 1299 31.

614 1338 911 1406 Vendere
942 1342 1033 1405 sal
1070 1341 1253 1406 licuit
1278 1343 1435 1406 olim
1466 1319 1766 1431 privati33
1801 1339 1917 1406 sed
1941 1341 2160 1421 ejectis
2183 1339 2480 1429 regibus,
2515 1341 2670 1426 quia

526 1444 718 1508 nimis
742 1447 1041 1534 impenso
1066 1446 1275 1536 pretio
1299 1447 1571 1529 veniret,
1591 1445 1934 1512 arbitrium
1958 1444 2089 1508 hoc
2110 1443 2232 1508 illis
2253 1443 2638 1532 ademptum
2657 1493 2675 1524 ,

528 1565 595 1614 et
634 1551 702 1614 in
750 1551 1093 1638 publicum
1142 1553 1522 1616 translatum
1573 1567 1693 1616 est.
1739 1551 1872 1615 Liv.
1913 1551 2007 1633 11,
2055 1573 2120 1637 9.
2182 1548 2676 1637 Quodcumque

527 1657 1005 1746 magistratibus
1039 1674 1153 1722 aut
1174 1655 1397 1748 legatis
1422 1681 1542 1747 per
1561 1657 1924 1747 provincias
1951 1656 2263 1722 euntibus
2290 1655 2374 1720 de
2402 1655 2678 1743 publico

528 1762 1141 1830 subministrabatur
1158 1765 1229 1828 in
1255 1781 1559 1853 sumptus
1581 1764 1828 1829 itineris
1841 1812 1860 1847 ,
1885 1787 1922 1828 a
1943 1763 2074 1828 sale
2095 1763 2398 1827 salarium
2419 1761 2678 1826 dictum

526 1885 645 1934 est.
681 1871 851 1935 Hinc
889 1871 959 1934 in
990 1870 1219 1960 glossis
1252 1871 1555 1936 salarium
1587 1869 1864 1934 vertitur
1887 1880 2115 1950 παροχὴ,
2163 1885 2230 1932 et
2259 1865 2504 1950 salarii,
2537 1870 2580 1932 i.
2617 1893 2678 1932 e.

528 1976 935 2063 praebitores,
969 1976 1051 2042 ab
1088 1977 1361 2042 Horatio
1404 1976 1674 2065 parochi
1707 1975 2136 2066 appellantur.
2179 1975 2310 2040 Sat.
2345 1976 2416 2056 1,
2449 1974 2488 2038 5
2511 2022 2532 2057 ,
2563 1974 2676 2054 45.

528 2080 683 2146 Haec
710 2082 843 2146 sint
866 2081 953 2147 de
988 2083 1397 2148 metallorum
1431 2081 1747 2171 vectigali.

616 2187 854 2253 Praeter
896 2204 1117 2254 autem
1148 2188 1398 2254 diversa
1438 2189 1848 2278 vectigalium
1882 2209 2120 2277 genera
2167 2210 2312 2276 quae
2355 2187 2678 2252 hactenus

529 2290 1017 2382 descripsimus,
1048 2295 1320 2385 vectigal
1341 2293 1518 2360 aliud
1547 2295 1704 2376 fuit,
1729 2291 2186 2375 domesticum,
2205 2314 2340 2381 quo
2363 2293 2680 2383 vigesima

526 2399 673 2488 pars
706 2397 789 2463 de
820 2400 1030 2489 pretio
1062 2401 1229 2466 servi
1258 2398 1763 2466 manumittendi
1795 2400 2020 2464 aerario
2051 2398 2442 2481 solvebatur,
2475 2415 2544 2464 et
2572 2397 2675 2463 di-

524 2505 794 2570 cebatur
833 2507 1105 2596 vectigal
1146 2507 1756 2572 manumissionum.
1813 2505 1972 2586 Ejus
2013 2505 2201 2594 origo
2253 2505 2540 2569 refertur
2589 2505 2678 2570 ad

524 2613 643 2676 Cn.
674 2612 993 2678 Manlium
1022 2613 1387 2695 consulem,
1422 2614 1538 2701 qui
1569 2612 1664 2676 de'
1685 2634 1766 2676 eo
1801 2611 2010 2701 legem
2045 2611 2226 2694 tulit,
2265 2633 2443 2676 anno
2479 2610 2676 2676 Urbis

532 2717 680 2804 396.
708 2717 845 2782 Liv.
886 2718 1037 2803 VII,
1077 2721 1175 2784 16.
1211 2719 1313 2784 Ab
1350 2718 1479 2783 hoc
1513 2735 1808 2807 tempore
1837 2733 2212 2793 constanter
2245 2734 2546 2782 exactum
2573 2734 2676 2782 est

531 2847 743 2912 usqne
772 2823 855 2888 ad
886 2824 1118 2890 ultima
1144 2825 1520 2912 reipublicoe
1549 2841 1878 2914 tempora3
1919 2841 1988 2888 et
2015 2823 2284 2888 sublatis
2317 2825 2628 2914 portoriis
2651 2875 2674 2906 ,

532 2945 599 2994 et
627 2930 891 3020 reliquis
922 2931 1119 2996 Italioe
1149 2931 1598 3020 vectigalibus,
1645 2953 1858 2996 unum
1892 2931 2022 2996 hoc
2049 2931 2395 3020 superfuit.
2431 2931 2568 2996 Cic.
2583 2929 2674 2994 ad

534 3041 667 3102 Att.
693 3037 784 3121 ΙΙ,
810 3039 997 3126 epist.
1028 3040 1127 3104 ι6.
1176 3039 1508 3122 Quaeritur
1537 3055 1688 3103 uter
1719 3037 2096 3127 vigesimam
2131 3037 2426 3118 solverit,
2459 3036 2674 3102 domi-

534 3165 744 3208 nusne
784 3143 895 3232 qui
936 3143 1434 3210 manumittebat
1449 3192 1468 3227 ,
1518 3167 1600 3208 an
1637 3165 1858 3208 servus
1905 3143 2022 3232 qui
2067 3142 2672 3210 manumittebatur.

528 3249 627 3314 Ex
656 3249 935 3316 Arriano
963 3250 1129 3315 Diss.
1157 3251 1227 3314 in
1251 3250 1461 3339 Epict.
1486 3250 1552 3314 11
1569 3299 1590 3332 ,
1625 3273 1681 3332 1,
1703 3265 1920 3338 potest
1949 3249 2166 3340 colligi
2190 3247 2460 3340 vectigal
2493 3249 2674 3314 istud

527 3379 565 3420 a
592 3354 864 3425 domino
897 3349 1059 3422 s'olvi
1092 3356 1357 3422 solitum
1380 3357 1614 3440 fuisse,
1598 3379 1612 3396 ·
1649 3371 1718 3420 et
1741 3357 1830 3420 ita
1865 3357 2193 3422 censuisse
2224 3355 2486 3420 videtur
2515 3355 2676 3421 Gro-

532 3463 802 3545 novius,
842 3461 925 3528 de
944 3463 1093 3528 Pec.
1128 3479 1255 3528 vet.
1293 3462 1425 3547 111,
1468 3462 1568 3528 13.
1599 3460 1726 3527 Sed
1751 3462 2162 3528 verisimilius
2193 3477 2294 3526 est
2323 3461 2394 3526 id
2417 3486 2456 3525 a
2485 3483 2674 3527 servo

528 3572 671 3660 ipso
712 3571 909 3636 fuisse
948 3568 1378 3658 persolutum.
1426 3573 1640 3636 Docet
1669 3585 1890 3658 aperte
1922 3568 2100 3636 idem
2135 3569 2492 3650 Arrianus,
2537 3569 2672 3649 111,

530 3679 635 3760 26,
662 3693 729 3742 et
754 3677 1141 3758 Petronius,
1180 3699 1319 3768 cap.
1360 3676 1444 3742 58
1482 3694 1550 3741 et
1583 3699 1688 3764 71-
1720 3676 2042 3740 Dominos
2075 3691 2296 3743 tamen
2329 3675 2528 3740 servis
2561 3675 2676 3740 ali-

526 3781 791 3871 quando
834 3783 1200 3849 libertatem
1238 3783 1584 3874 gratuitam
1619 3798 1685 3847 et
1733 3784 2095 3847 immunem
2136 3782 2508 3871 praestitisse
2553 3782 2678 3848 be·

528 3888 895 3952 nivolentiae
926 3890 1127 3978 gratia
1145 3937 1163 3970 ,
1200 3913 1336 3952 non
1370 3889 1762 3979 negaverim.

616 3993 905 4083 Vectigal
944 3995 1571 4078 manumissionum,
1615 3999 1734 4083 qui
1769 4017 1932 4063 auro
1963 3995 2124 4062 solvi
2173 3994 2452 4074 solebat,
2493 3993 2674 4060 dice·

526 4099 721 4164 batur
764 4121 999 4164 aurum
1030 4101 1506 4168 vicesimarium
1535 4125 1552 4166 ε
1585 4103 1654 4176 in
1687 4101 1990 4170 sanctiori
2027 4101 2289 4168 Saturni
2323 4102 2548 4166 sentio
2589 4100 2674 4166 ad
