2984 4684
687 382 823 449 DE
869 381 1382 451 PRAETORE
1433 381 2179 453 PROVINCIALI.
2362 384 2491 457 531

363 518 708 591 totumque
733 503 840 583 jus
871 501 1236 585 vendendi,
1259 501 1553 585 emendi,
1582 502 1975 586 aestimandi,
2008 506 2503 598 imperandique

363 608 675 675 frumenti
711 609 956 675 hahuit.
988 610 1196 676 Testis
1234 611 1460 675 Cicero
1493 612 1729 699 passim
1762 612 1831 677 in
1860 612 2171 687 Verrinis.

449 719 590 783 Iam
621 738 812 797 vern,
848 732 926 781 ut
949 716 1078 781 alio
1114 717 1262 783 loco
1293 716 1462 800 dixi,
1510 734 1587 783 ut
1616 718 1845 785 vinum
1880 720 2007 785 fuit
2035 720 2463 791 honorarium
2481 772 2500 807 ,

362 823 543 912 quod
575 825 834 911 praetori
864 824 1136 889 honoris
1168 848 1360 889 causa
1390 824 1687 907 dabatur,
1713 842 1781 891 et
1810 827 1995 906 qu'us
2022 828 2321 894 meminit
2345 830 2505 901 Cato

361 930 430 993 in
465 931 760 995 oratione
794 929 878 994 de
909 930 1284 995 innocentia
1316 953 1470 1013 sua,
1523 930 1697 1020 apud
1732 930 1961 999 Isidor.
2006 932 2185 1023 Orig.
2222 936 2380 1019 XX,
2430 940 2505 1020 33

362 1036 454 1099 sic
489 1035 914 1100 honorarium
949 1035 1390 1118 frumentum,
1423 1036 1605 1125 quod
1632 1037 1889 1125 praetori
1912 1036 2209 1121 dabatur,
2232 1042 2511 1129 appellat

363 1140 594 1205 Cicero
632 1142 700 1205 in
729 1141 950 1205 Pison.
982 1164 1120 1231 cap.
1157 1140 1278 1207 35:
1321 1165 1522 1229 quam
1560 1142 1884 1233 vectigalis
1924 1145 2211 1231 proetorii
2259 1162 2511 1234 partem

363 1248 600 1312 Ciliciae
625 1248 945 1313 remisisse
976 1271 1045 1313 se
1083 1248 1313 1313 Cicero
1349 1249 1666 1338 gloriatur
1696 1249 1765 1315 in
1803 1250 2072 1339 epistola
2108 1250 2389 1339 quadam
2426 1253 2511 1319 ad

363 1355 672 1419 Atticum.

449 1462 544 1525 Ac
575 1483 716 1525 rem
760 1460 1026 1548 quidem
1061 1460 1437 1551 vectigalem
1472 1458 1963 1525 fnunentariam
1999 1462 2229 1532 ordine
2266 1464 2353 1529 ita
2398 1488 2515 1531 cu-

361 1583 605 1633 rarunt.
635 1567 830 1633 Extra
861 1566 1160 1633 ordinem
1200 1584 1420 1633 autem
1455 1567 1787 1656 vectigalia
1834 1590 2007 1635 nova
2045 1568 2475 1637 instituerunt
2494 1620 2513 1654 ,

362 1696 438 1737 ac
463 1673 709 1738 tributa
732 1673 1136 1761 imperarunt
1159 1697 1179 1754 ς
1215 1694 1445 1737 verum
1473 1695 1611 1736 non
1646 1672 1786 1736 sine
1811 1673 2117 1755 crimine,
2148 1677 2404 1763 quoties
2434 1699 2513 1741 ex

361 1780 654 1867 ipsorum
687 1779 956 1845 libidine
999 1780 1311 1867 imperata
1350 1778 1525 1845 simt.

449 1888 508 1951 A
552 1885 902 1973 provinciis
947 1900 1306 1974 exegerunt
1349 1900 1657 1973 praetores
1698 1883 1845 1965 jure
1866 1932 1885 1967 ,
1924 1890 2057 1949 sive
2110 1908 2191 1954 ex
2238 1887 2515 1972 foedere,

363 1994 496 2057 sive
541 2014 620 2057 ex
665 1990 1234 2057 senatusconsulto
1253 2036 1270 2071 ,
1302 1990 1533 2055 tributi
1563 1990 1830 2055 nomine
1856 1993 2238 2079 pecuniam,
2285 2018 2513 2079 naveS,

363 2115 622 2181 nautas,
665 2099 896 2163 milites
917 2146 936 2181 ,
973 2099 1044 2163 in
1083 2120 1372 2186 quorum
1417 2112 1759 2184 sumptum
1808 2098 2097 2166 civitates
2142 2099 2299 2166 dare
2338 2103 2538 2171 sole--

360 2204 538 2269 bant.
594 2205 669 2269 In
711 2205 895 2270 Verr.
949 2203 1062 2267 lib.
1088 2202 1169 2285 V,
1221 2216 1360 2291 cap.
1411 2204 1517 2279 24.
1572 2200 2005 2270 Tributorum
2066 2222 2293 2271 eontra
2340 2206 2513 2297 leges

359 2309 829 2397 imperatorum
873 2308 1164 2396 exempla
1195 2315 1581 2396 'suggerunt
1604 2307 1868 2390 Verres,
1916 2308 2031 2375 lib.
2074 2311 2140 2380 II
2155 2359 2174 2394 ,
2222 2335 2363 2400 cap.
2404 2312 2513 2379 55.

361 2414 546 2495 Piso,
591 2415 658 2479 in
696 2414 913 2479 Pison.
964 2436 1104 2501 cap.
1150 2411 1256 2477 35.
1291 2413 1575 2501 Appius,
1612 2412 1724 2477 lib.
1754 2414 1813 2475 V
1847 2413 1930 2477 ad
1967 2416 2161 2483 Attic.
2196 2417 2381 2505 epist.
2415 2420 2515 2489 16.

361 2522 613 2610 Scipio,
638 2523 850 2585 Caesar
867 2520 935 2585 in
964 2520 1116 2585 Bell.
1140 2519 1278 2583 Civ.
1299 2518 1412 2583 lib.
1433 2519 1565 2600 III,
1598 2540 1739 2606 cap,
1773 2518 1877 2582 32.

449 2629 718 2693 Viarum
751 2625 1161 2714 publicarum
1187 2626 1436 2691 curatio
1465 2622 1735 2689 minima
1760 2646 1907 2715 pars
1931 2624 2281 2713 praesidum
2312 2628 2511 2695 officii

363 2757 498 2799 non
535 2734 680 2798 fuit.
714 2730 816 2797 Ad
855 2729 1018 2796 illud
1072 2730 1386 2819 pertinuit
1426 2746 1503 2794 ut
1546 2728 1665 2793 vioe
1712 2729 1993 2818 publicae
2040 2747 2511 2817 sternerentur,

361 2843 798 2931 aperirentur,
861 2841 1306 2930 signarentur,
1365 2860 1601 2902 eversae
1650 2839 2180 2922 restituerentur,
2230 2858 2372 2909 tum
2432 2861 2509 2908 ut

364 2949 684 3013 exercitus
740 2946 998 3011 romani
1046 2940 1458 3011 commodius
1509 2964 1627 3031 per
1668 2943 2033 3031 provincias
2073 2943 2509 3033 ducerentur}

363 3070 509 3119 tum
554 3070 630 3118 ut
680 3052 910 3133 majori
958 3051 1281 3116 celeritate
1324 3046 1631 3113 Romaiu
1663 3050 2057 3137 provincias,
2098 3067 2165 3115 et
2197 3050 2350 3117 inde
2382 3056 2515 3119 Ro-

363 3182 538 3227 mam
581 3160 810 3225 nuntii,
831 3174 1316 3241 commearent,
1367 3172 1513 3221 tum
1545 3154 1831 3244 denique
1863 3173 1939 3222 ut
1965 3156 2087 3246 ipsi
2122 3180 2277 3223 cum
2314 3162 2509 3228 comi-

363 3282 504 3331 tatu
539 3288 662 3331 suo
699 3266 948 3331 facilius
984 3263 1468 3353 provinciarum
1496 3283 1761 3327 suarum
1793 3262 1989 3327 urbes
2025 3262 2305 3330 obirent.
2340 3266 2509 3333 Sane

359 3372 544 3441 rudis
577 3374 694 3457 sit,
726 3373 842 3462 qui
876 3374 1052 3439 intra
1087 3370 1286 3437 Italiae
1315 3370 1514 3453 fines,
1551 3392 1680 3457 qua
1699 3369 1871 3435 Urbs
1907 3368 2229 3455 adibatur,
2254 3373 2507 3441 stetisse

359 3496 550 3569 putet
583 3481 838 3544 viarum
871 3476 1461 3567 magnificentiam,
1510 3474 1595 3541 ab
1642 3490 1797 3539 ortu
1832 3476 2011 3541 enim
2046 3475 2130 3541 ad
2162 3500 2465 3543 occasum
2486 3528 2507 3562 ,

357 3586 704 3676 regionum
753 3585 984 3649 itinera
1029 3600 1259 3666 strata,
1305 3598 1370 3647 et
1416 3580 1739 3670 lapidibus
1788 3581 2168 3647 milliaribus
2216 3574 2507 3651 dimensa

357 3691 651 3757 fuerunt.
687 3690 839 3755 Isid.
876 3689 1060 3779 Orig.
1093 3690 1241 3772 XV,
1283 3688 1387 3753 16.

451 3800 800 3879 Praetores,
841 3818 1050 3885 quum
1101 3794 1455 3875 majoribus
1512 3792 1685 3859 curis
1738 3791 2233 3880 impedirentur,
2286 3794 2507 3887 legatis

361 3906 496 3971 suis
529 3898 660 3969 hoc
689 3903 940 3967 viarum
969 3900 1474 3967 muniendarum
1512 3898 1853 3988 negotium
1886 3897 2149 3967 dabant.
2184 3900 2509 3970 praeerant

356 4012 524 4099 ipsi3
559 4009 964 4099 imperabant
991 4033 1112 4098 pro
1145 4007 1460 4098 dignitate
1493 4028 1611 4071 sua
1638 4003 1821 4093 quod
1853 4004 2217 4089 videbatur,
2253 4024 2321 4073 et
2355 4032 2507 4097 pro-

361 4116 625 4183 babant.
665 4116 797 4181 Cic.
825 4138 946 4205 pro
965 4116 1160 4180 Font.
1193 4137 1332 4203 cap.
1359 4111 1424 4177 3.
2194 4199 2201 4207 ι
