2984 4684
424 319 563 401 [μη
1072 317 1169 382 M.
1223 317 1299 382 T.
1354 315 1920 384 CICERONIS

420 437 741 535 apertior
776 435 935 530 ejus
970 435 1327 534 cupiditas
1366 433 1944 534 improbitasque
1979 434 2166 508 facta
2201 453 2332 512 est.
2383 446 2572 514 Nam

422 546 561 619 illis
586 548 921 643 quinque
942 544 1315 641 judicibus
1350 547 1461 617 uti
1492 569 1648 618 sese
1683 563 1901 645 negat
1931 576 1950 618 ε
1979 547 2226 643 jubet,
2263 549 2337 622 id
2365 553 2574 648 quod

424 658 631 730 initio
652 681 693 728 e
720 657 880 756 lege
903 657 1190 755 Rupilia
1214 655 1375 728 fieri
1394 672 1858 755 oportuerat,
1884 659 2088 730 citari
2115 661 2524 734 Heraclium
2545 717 2572 750 2

423 783 497 839 et
534 792 693 856 eos,
736 770 867 865 qui
903 768 1137 839 dicam
1174 769 1613 864 scripserant
1649 791 1666 838 ε
1711 769 1852 856 ait,
1885 791 1962 838 se
1997 767 2282 861 judices
2321 796 2364 843 e
2408 771 2570 870 lege

419 879 601 950 velle
624 881 890 950 sortiri.
914 877 1132 970 Quod
1164 879 1257 952 ab
1286 905 1377 952 eo
1402 877 1640 978 pridie
1657 932 1677 966 ,
1701 903 1934 978 quum
1965 879 2211 952 multis
2235 880 2570 978 lacrymis

420 1015 591 1063 eum
619 1005 861 1062 oraret
882 1006 1103 1088 atque
1130 989 1547 1064 obsecraret
1571 989 1940 1062 Heraclius
1955 1045 1978 1078 ‚
1999 993 2386 1089 impetrare
2411 1017 2566 1077 non

420 1119 797 1202 potuerat3
858 1103 934 1176 id
971 1105 1039 1176 ei
1074 1119 1373 1202 postero
1410 1102 1528 1176 die
1565 1107 1766 1176 venit
1803 1105 1878 1174 in
1923 1117 2282 1193 mentem,
2323 1127 2366 1174 e
2407 1104 2570 1200 lege

418 1214 705 1312 Rupilia
746 1216 991 1284 sortiri
1026 1212 1223 1286 dicas
1242 1210 1273 1256 ⁵
1316 1227 1686 1310 oportere..
1727 1212 1991 1285 Educit
2035 1239 2124 1286 ex
2166 1237 2350 1284 urna
2377 1228 2570 1304 tres;

416 1327 538 1413 iis,
583 1339 667 1396 ut
712 1323 1087 1396 absentem
1142 1324 1550 1396 Heraclium
1611 1321 2150 1410 condemnent,
2209 1325 2516 1420 imperat
2547 1351 2570 1394 :-

418 1439 667 1534 itaque
706 1435 1221 1508 condemnant.
1257 1437 1473 1526 Quae,
1507 1434 1819 1522 malum,
1857 1438 1994 1506 ista
2031 1432 2174 1506 fuit
2215 1436 2572 1506 amentia?

416 1545 799 1644 ecquando
842 1559 917 1618 te
958 1549 1313 1616 rationem
1354 1541 1716 1616 factorum
1763 1561 2062 1618 tuorum
2105 1543 2568 1616 redditurum

416 1658 733 1755 putasti?
772 1655 1157 1754 ecquando
1201 1655 1315 1728 his
1350 1655 1444 1726 de
1488 1653 1710 1728 rebus
1741 1656 1922 1727 tales
1955 1657 2152 1728 viros
2189 1653 2568 1726 audituros

418 1767 886 1840 existimasti?
914 1771 1211 1838 Petatur
1241 1764 1606 1838 hereditas
1633 1790 1740 1851 ea,
1757 1789 1923 1862 quae
1947 1761 2195 1836 nulla⁶
2230 1762 2567 1850 debetur,

412 1881 491 1950 in
546 1872 859 1975 praedam
920 1876 1293 1974 praetoris?
1346 1876 1855 1973 interponatur
1895 1899 2168 1946 nomen
2217 1875 2570 1946 civitatis?

416 1991 841 2084 imponatur
870 1986 1189 2059 honestae
1215 1986 1483 2057 civitati
1513 1987 1931 2082 turpissima
1958 2009 2266 2083 persona
2284 1997 2309 2041 ⁷
2369 1985 2566 2058 calu·

414 2099 683 2170 mniae?
733 2102 989 2194 Neque
1022 2097 1166 2168 hoc
1202 2095 1439 2168 solum
1471 2123 1488 2165 ε
1535 2094 1663 2166 sed
1715 2099 1815 2167 ita
1855 2117 1973 2168 res
2019 2109 2312 2193 agatur,
2345 2109 2430 2166 ut
2471 2121 2570 2168 ne

416 2207 785 2278 simulatio
812 2205 1114 2304 quidem
1140 2205 1500 2303 aequitatis
1523 2205 1672 2278 ulla
1699 2205 2136 2278 adhibeatur
2157 2207 2186 2276 Ρ
2209 2209 2416 2294 Nam,
2435 2231 2569 2305 per

416 2317 597 2390 deos
618 2317 1085 2404 immortale-S,
1106 2315 1287 2415 quid
1314 2317 1637 2405 interest,
1657 2332 1902 2388 utrum
1933 2331 2200 2415 praetor
2223 2322 2566 2416 imperet,

414 2433 633 2526 vique
673 2443 885 2526 cogat
917 2429 1237 2526 aliquem
1268 2425 1361 2498 de
1390 2432 1540 2499 suis
1569 2426 1786 2499 bonis
1821 2419 2182 2500 omnibu<
2189 2427 2566 2516 decedere,

415 2565 511 2612 an
538 2538 957 2635 hujusmodi
982 2540 1339 2636 judicium
1360 2536 1508 2628 det,
1535 2563 1688 2637 quo
1707 2537 2008 2634 judiciO,
2037 2537 2310 2610 indicta
2329 2563 2568 2628 causa,

411 2647 727 2722 fortunis
760 2649 1108 2722 omnibus
1148 2650 1375 2722 everti
1411 2673 1707 2721 necesse
1743 2649 1880 2720 sit?

512 2763 775 2832 xvul.
817 2759 1149 2832 Profecto
1178 2762 1373 2832 enim
1410 2784 1676 2858 negare
1707 2785 1860 2830 non
1900 2774 2145 2856 pote5‚
2183 2772 2256 2831 te
2285 2785 2376 2832 ex
2407 2759 2568 2858 lege

415 2870 706 2969 Rupilia
752 2873 994 2943 sortiri
1026 2871 1385 2966 judicium
1406 2881 1427 2914 ¹
1472 2868 1840 2959 debuisse,
1885 2895 2118 2968 quum
2165 2873 2565 2968 praesertim

412 2984 788 3056 Heraclius
829 2982 906 3054 id
946 2982 1368 3082 postularet.
1426 2983 1551 3053 Sin
1603 2980 1784 3052 illud
1831 2981 2061 3070 dices,
2132 2995 2206 3054 te
2257 2981 2566 3054 Heraclii

417 3095 789 3167 voluntate
836 3093 929 3166 ab
980 3094 1135 3192 lege
1178 3093 1556 3165 recessisse
1591 3119 1608 3162 ε
1647 3095 1800 3190 ipse
1836 3107 1910 3164 te
1957 3092 2359 3190 impedies3
2407 3095 2565 3190 ipse

414 3217 589 3276 tua²
621 3203 1043 3278 defensione
1070 3203 1564 3302 implicabere.
1595 3206 1841 3295 Quare
1869 3206 2064 3276 enim
2092 3207 2414 3303 primum
2445 3204 2563 3274 ille

417 3319 574 3414 ipse
607 3315 854 3390 adesse
890 3316 1159 3404 noluit,
1188 3339 1423 3413 quum
1449 3341 1540 3388 ex
1567 3339 1658 3388 eo
1689 3339 2002 3386 numero
2025 3313 2309 3409 judices
2338 3313 2565 3387 habe-

489 3509 540 3560 5.
562 3509 729 3557 Dicas.
743 3511 777 3557 J
778 3508 947 3558 udices
965 3518 1097 3556 sorte
1112 3507 1307 3572 eligere.
1316 3509 1447 3556 Dico
1535 3520 1609 3557 to.
1625 3507 1780 3556 Porro
1797 3506 2204 3556 calumniatorum
2221 3516 2384 3572 partes
2401 3505 2492 3554 hac
2511 3506 2567 3555 in

412 3587 513 3637 h.1.
532 3605 625 3653 pro
640 3587 845 3643 dio-aste,
862 3587 1050 3649 judice.
1535 3603 1588 3635 re
1607 3589 1923 3652 Syracusanis
1940 3585 2215 3644 affinxerat,
2236 3573 2354 3633 dnm
2371 3585 2568 3633 beredi-

488 3669 541 3718 6.
581 3669 735 3716 Nulla
775 3669 989 3716 debetur.
1022 3665 1177 3714 Nulla
1212 3682 1307 3730 pro
1343 3683 1444 3715 non
1535 3679 1682 3716 mem
1703 3667 1830 3715 banc
1841 3667 2019 3714 Verres
2037 3677 2259 3731 petentes
2276 3665 2491 3714 inducit.

414 3749 648 3809 sumitur-3
673 3750 745 3796 sic
781 3757 831 3796 et
862 3747 1063 3795 Plautus
1094 3746 1151 3794 in
1184 3748 1439 3806 Asinaria,
1600 3747 1793 3796 xvm.
1823 3762 1870 3796 1.
1891 3746 2019 3796 Cod.
2034 3747 2196 3796 Nann.
2215 3755 2266 3794 et
2291 3743 2371 3793 ed.
2395 3743 2564 3794 anb.

413 3851 440 3870 ιι
457 3843 603 3892 quem
620 3827 673 3874 in
694 3827 981 3874 tonstrinam
992 3827 1229 3886 iusseram
1246 3825 1413 3875 venire
1424 3861 1439 3884 ,
1529 3826 1806 3888 «judicem.
1823 3825 1918 3875 Sed
1933 3825 2177 3886 indicium
2191 3841 2284 3890 pro
2296 3823 2567 3887 indicibus.

411 3907 455 3953 is
476 3905 641 3955 nullm
667 3906 799 3952 venit
811 3928 853 3954 n.
874 3905 953 3955 Cf.
964 3905 1079 3955 Ter.
1096 3907 1222 3956 Hec.
1238 3907 1291 3963 1,
1310 3921 1361 3968 a,
1384 3913 1443 3961 4.
1527 3919 1586 3956 ut
1609 3923 1780 3972 snpra,
1803 3922 1917 3971 cap.
1945 3923 2026 3968 ν),
2058 3929 2081 3951 ι
2095 3906 2263 3954 sortiri
2284 3905 2420 3954 dicas
2435 3929 2482 3960 ιο.
2511 3903 2566 3953 id

487 4003 536 4046 7.
572 3985 716 4057 Thr-13.
726 4001 783 4048 p.
802 3985 1127 4051 Desumptum
1145 4001 1207 4034 ex
1234 3985 1437 4045 fabulis,
1530 3997 1632 4047 est,
1659 3979 1911 4042 δικαστάς.
1931 3989 1962 4036 J
1967 4021 1979 4033 .
1993 3987 2060 4033 V.
2079 3989 2138 4034 L.

410 4081 505 4130 pro
525 4063 807 4128 turpissimo
826 4067 1023 4129 negotio
1043 4063 1231 4113 civitati
1248 4065 1441 4114 manda-
1603 4082 1653 4113 a.
1691 4065 1945 4116 Addida-e
1970 4078 2026 4113 tu
2057 4065 2308 4126 Gravius,
2343 4063 2564 4126 DesJ‘ard.
