2984 4684
457 343 596 428 482
1099 337 1194 404 Μ.
1243 337 1322 403 Τ.
1377 333 1935 402 CICERONIS

554 467 702 534 Lx.
753 463 894 530 Tot
943 471 1286 554 praetores
1323 458 1402 526 iu
1443 453 1683 526 Sicilia
1726 451 2063 539 fuet-unu
2112 451 2325 522 toties
2383 447 2583 547 apud

459 571 768 667 majoroe
797 581 1084 638 nostros
1125 563 1350 636 Siculi
1392 577 1723 634 senatum
1762 563 2143 648 adierunt3
2186 563 2403 634 toties
2442 559 2583 629 hac

455 679 850 750 memoria:
885 691 1128 746 tamen
1163 673 1460 768 hujusce
1483 674 1658 744 novi
1690 671 2027 771 postulati
2056 695 2287 768 genus
2308 682 2329 714 ¹
2362 685 2587 766 atque

459 787 900 886 principium
940 799 1069 854 tua
1109 798 1421 880 praetura
1455 782 1715 854 attulit.
1772 779 1971 873 Quid
2009 783 2203 853 enim
2244 798 2391 853 tam
2444 803 2585 850 no·

461 923 632 970 vum
647 949 670 986 ‚
693 919 846 967 non
877 893 1112 966 solum
1135 917 1250 980 re,
1277 892 1404 966 sed
1429 887 1693 990 genere
1726 895 1887 990 ipso
1910 890 2373 991 postulandi?
2394 893 2585 960 Nam

461 1021 730 1094 cetera,
761 1029 922 1102 quae
949 1003 1222 1076 suntin
1261 1001 1516 1074 iisdem
1550 1001 1935 1102 postulatis
1968 1000 2063 1072 de
2092 1000 2373 1095 injuriis
2404 997 2589 1084 tuis,

457 1131 626 1190 sunt
672 1139 858 1186 nova
881 1165 900 1200 ‚
945 1112 1073 1184 sed
1121 1127 1366 1184 tamen
1405 1122 1561 1184 'uon
1606 1137 1801 1185 novo
1843 1109 2063 1184 modo
2108 1109 2592 1209 postulantur.

461 1235 744 1324 Rogant
787 1240 860 1295 et
911 1237 1122 1296 orant
1163 1222 1384 1294 Siculi
1421 1238 1660 1322 patres
1700 1225 2147 1320 conscriptos
2164 1275 2187 1308 ‚
2238 1235 2322 1291 ut
2358 1221 2595 1290 nostri

463 1339 914 1434 magistratus
945 1333 1247 1433 posthac
1281 1333 1623 1406 decumas
1654 1333 1812 1431 lege
1834 1335 2217 1404 Hieronica
2246 1328 2598 1402 vendant-

463 1453 570 1520 Tu
601 1449 880 1546 primus
915 1460 1172 1519 contra
1211 1443 1637 1516 vendideras
1666 1471 1687 1514 ε
1722 1444 2007 1516 audio².
2040 1445 2151 1512 Ne
2170 1497 2191 1526 ‚
2222 1443 2299 1512 in
2336 1441 2595 1512 cellam

463 1556 668 1658 quod
702 1558 1126 1657 imperatur,
1151 1557 1526 1629 aestiment.
1561 1560 1717 1626 Hoc
1756 1577 2055 1652 quoque
2086 1566 2386 1650 propter
2426 1565 2597 1620 tuos

465 1683 710 1740 ternos
737 1663 1112 1740 denarios-²⁸
1139 1691 1336 1738 nunc
1369 1668 1689 1764 primum
1716 1665 2165 1764 postulatur:
2200 1661 2325 1734 sed
2360 1685 2599 1758 genus

465 1773 660 1848 istud
705 1774 1118 1874 postulandi
1155 1800 1306 1846 non
1343 1791 1454 1848 est
1487 1800 1783 1846 novum.
1820 1779 1931 1846 Ne
1964 1772 2283 1845 absentis
2322 1793 2597 1842 nomen

465 1887 855 1983 recipiatur
901 1913 916 1954 ε
965 1909 1056 1955 ex
1101 1884 1380 1956 Sthenii
1435 1885 1837 1957 calamitate
1886 1899 1961 1956 et
2012 1898 2141 1954 tua
2178 1897 2437 1952 natum
2488 1893 2599 1950 est

467 1995 750 2090 injuria.
793 1997 1050 2066 Cetera
1083 2019 1238 2066 non
1273 1994 1605 2092 colligam
1634 2021 1653 2065 :
1696 2009 1869 2068 sunt
1902 1997 2153 2066 onmia
2186 1993 2623 2066 Siculorum-

467 2103 828 2203 postulata
867 2103 1262 2198 ejusmodi,
1315 2119 1402 2176 ut
1441 2106 1741 2178 crimina
1778 2105 2077 2178 collecta
2116 2108 2195 2175 in
2244 2127 2475 2176 unum
2520 2116 2601 2171 te

465 2238 672 2286 reum
699 2237 852 2286 esse
874 2213 1284 2302 videantur-3
1315 2239 1478 2312 quae
1504 2227 1749 2286 tamen
1774 2217 2021 2286 omnia
2044 2237 2267 2285 novas
2298 2212 2603 2308 injurias

469 2321 741 2395 habent
761 2374 784 2406 ‚
839 2321 960 2394 sed
1015 2323 1587 2422 postulationum
1628 2321 1975 2395 fonnuhs
2022 2329 2315 2396 usitatas
2328 2325 2383 2392 ⁴.
2444 2327 2603 2392 Hoc

469 2432 910 2532 postulatum
945 2431 1034 2504 de
1073 2433 1324 2504 statuis
1357 2431 1743 2506 ridiculum
1774 2457 1931 2504 esse
1970 2432 2297 2504 videatur
2330 2433 2435 2517 ei,
2470 2430 2601 2527 qui
2668 2509 2673 2516 ¹

471 2569 628 2614 rem
661 2545 1242 2662 sententiamque
1273 2567 1430 2614 non
1461 2541 1909 2642 perspiciat&
1956 2543 2327 2615 Postulant
2368 2542 2603 2624 enim,

473 2677 663 2739 non,
699 2653 806 2723 uti
855 2677 948 2724 ne
983 2668 1336 2748 cogantur
1367 2667 1735 2726 statuere..
1778 2652 1959 2750 quid
1990 2653 2254 2750 igitur?
2302 2667 2387 2723 ut
2426 2651 2607 2749 ipsis

473 2787 564 2834 ne
605 2761 836 2832 liceat.
900 2761 1100 2850 Quid
1151 2778 1262 2835 est
1305 2763 1494 2836 hoc?
1538 2760 1775 2862 petis⁶
1810 2788 1853 2837 a
1898 2787 2058 2849 me,
2107 2761 2370 2860 quod
2350 2787 2431 2832 m
2478 2776 2603 2832 tua

471 2884 824 2971 potestate
861 2885 1004 2958 est,
1063 2886 1144 2942 ut
1179 2871 1254 2944 id
1293 2872 1424 2959 tibi
1459 2871 1697 2946 facere
1738 2897 1897 2944 non
1942 2872 2207 2944 liceat?
2252 2887 2421 2970 pete
2464 2893 2603 2967 po·

469 2985 636 3068 tim,
665 3006 758 3052 ne
779 2984 942 3077 quis
971 2995 1041 3052 te
1064 2982 1374 3054 invitum
1391 2982 1717 3082 polliceri
1734 2997 1859 3054 aut
1885 2979 2119 3054 facere
2151 2993 2379 3078 cogat.
2402 2977 2599 3052 Nihil

541 3249 651 3296 Lx.
685 3263 728 3296 ι.
759 3247 934 3296 Genus.
963 3247 1152 3313 Nempe
1177 3249 1318 3312 quod
1354 3247 1494 3298 inau-
1582 3250 1851 3308 lationem,
1883 3264 2045 3312 neque
2068 3245 2487 3311 aliudquidquan
2506 3245 2611 3292 tint.

471 3327 604 3375 dim
629 3326 713 3373 ille
737 3324 1020 3390 postulandi
1055 3325 1256 3388 modus,
1283 3343 1382 3375 non
1399 3363 1414 3386 ,
1439 3338 1497 3376 nt
1582 3329 1677 3377 nini
1694 3328 2075 3376 criminationes.

471 3420 536 3456 ne
555 3417 795 3469 eogantur
817 3411 999 3453 statuas
1025 3403 1296 3466 collocare,
1327 3407 1412 3456 sed
1439 3418 1497 3456 ut
1657 3411 1707 3458 5.
1724 3409 1956 3456 Priscian.
1970 3423 2087 3472 pag.
2104 3415 2261 3469 1¹47,
2283 3405 2545 3470 «respici-t
2556 3427 2601 3453 ι.

469 3486 590 3552 ipsis
615 3501 716 3533 uon
742 3483 914 3532 liceat:
944 3494 1000 3532 ut
1031 3484 1156 3532 infra
1185 3485 1497 3534 disertissime
1582 3490 1633 3537 J.
1653 3490 1715 3536 V.
1744 3490 1797 3536 1..

473 3564 686 3629 explicat
706 3571 886 3611 orator.
1654 3567 1711 3613 6.
1752 3565 1896 3617 Petis.
1935 3565 2071 3630 Quid
2114 3575 2169 3612 tn
2186 3600 2203 3625 ‚
2242 3563 2433 3624 Sicnle,
2463 3578 2492 3610 a
2528 3579 2612 3610 me

543 3659 594 3693 a.
641 3641 823 3691 Aud‘o.
871 3641 1015 3690 Nune
1059 3635 1282 3706 intelligo
1313 3659 1327 3690 :
1372 3642 1499 3692 illud
1584 3645 1835 3710 postulae,
1859 3656 1915 3693 ut
1942 3655 1991 3692 te
2010 3645 2095 3693 lex
2120 3645 2275 3692 saeue
2304 3631 2613 3706 vetet-,quod

475 3739 576 3772 non
607 3723 758 3770 miror
794 3721 1108 3785 postulatum.
1586 3736 1695 3774 aet
1668 3723 2049 3790 e,nnopendet
2068 3733 2163 3772 eoe.
2190 3721 2287 3772 Sed
2312 3723 2615 3771 huntio-e

546 3803 596 3849 3.
639 3801 766 3847 Tuos
799 3811 960 3848 cemos
998 3799 1248 3849 denarios.
1281 3803 1462 3864 Quos·
1446 3819 1499 3849 ιιι
1588 3802 1689 3850 nihi
1694 3804 1709 3851 l
1728 3802 2099 3868 profecerimus,
2116 3801 2475 3866 respondetsie
2446 3800 2611 3856 Malu

475 3881 667 3930 modios
683 3879 902 3942 singulos
920 3879 1272 3942 aegisthvid.
1287 3881 1402 3928 Div.
1419 3897 1498 3930 ιο.
1588 3897 1680 3930 nos
1714 3898 1741 3928 a
1777 3898 1829 3930 ee
1859 3891 2056 3930 coaetos
2079 3881 2328 3944 negabunt
2354 3891 2613 3944 pratum,

548 3969 597 4016 4.
639 3957 892 4006 For-mulas
941 3958 1168 4007 usitatas.
1216 3959 1288 4007 Ut
1323 3971 1501 4024 prater
1618 3961 1755 4008 cain
1724 3972 1912 4010 nostras
1932 3961 2153 4008 fortunae
2170 3959 2465 4017 visset-vare,
2486 3957 2617 4006 hane

477 4037 736 4090 §omn--
757 4036 882 4085 nihil
917 4037 1074 4086 simile
1097 4037 1310 4087 habeant
1335 4049 1503 4104 postu-
1590 4039 1737 4088 nobis
1776 4040 1976 4104 impone
2022 4039 2354 4090 necessitatem
2396 4047 2483 4096 ιι,
2512 4045 2611 4084 ete.
