2984 4684
474 350 614 424 566
1275 352 1753 423 ExCURsU
1770 354 1815 419 S

469 496 698 567 operas
749 472 1018 539 dederat
1073 474 1142 537 in
1197 473 1442 556 Sicilia,
1489 474 1559 539 in
1610 494 1743 561 qua
1784 487 2009 561 postea
2054 470 2183 537 fuit
2232 471 2609 559 imperator.

471 578 812 662 Ejusmodi
855 580 1408 645 mercenariorum
1449 576 1745 645 officium
1790 592 1929 643 erat
1976 576 2333 668 praecipue‚
2386 592 2463 641 ut
2510 594 2613 643 ta..

469 684 654 752 bulas
703 684 1134 769 conficerent,
1185 706 1332 775 qum
1385 686 1663 751 Romam
1714 682 1798 751 ad
1852 684 2237 775 magistrum
2286 682 2611 751 societatis

468 790 896 859 deferrentur.
935 792 1144 857 Porro
1178 791 1264 857 ad
1299 791 1416 857 has
1447 812 1679 881 operas
1724 812 1863 855 non
1908 812 2139 857 omnes
2188 790 2425 857 liberos
2440 837 2461 873 ‚
2494 789 2613 855 sed

471 916 562 965 et.
583 920 810 965 servos
839 899 1034 965 etlam
1086 896 1416 965 adhibitos
1467 898 1670 963 fuisse
1714 912 1895 987 patet
1930 920 2013 963 ex
2054 897 2391 965 Cicerone.
2436 896 2611 964 lbid.

466 1028 586 1094 cap
616 1028 726 1093 77,
745 1022 814 1071 et
834 1005 919 1072 de
945 1006 1140 1073 Prov.
1159 1006 1428 1071 Consul.
1447 1025 1587 1094 cap.
1618 1004 1681 1071 5.

553 1111 794 1176 Praeter
821 1112 1074 1199 equites
1103 1134 1216 1177 eos
1247 1111 1364 1199 qui
1387 1110 1799 1177 redimebant
1817 1110 2147 1200 vectigalia
2160 1156 2181 1193 ,
2210 1126 2325 1175 aut
2350 1110 2465 1199 qui
2486 1134 2611 1199 pro

465 1216 992 1307 redemptoribus
1018 1216 1464 1308 spondebant,
1496 1232 1684 1283 erant
1703 1240 1785 1285 ex
1808 1216 2067 1300 iisdem,
2102 1218 2217 1305 qui
2236 1216 2612 1307 simpliciter

465 1324 840 1389 sotietatem
877 1346 1032 1388 cum
1067 1322 1597 1413 redemptoribus
1642 1322 1935 1405 inibant,
1988 1324 2119 1389 boc
2148 1338 2287 1399 est,
2334 1322 2449 1411 qui
2498 1345 2611 1389 so·-

465 1414 810 1496 lummodo
835 1430 1184 1518 pecuniam
1198 1476 1220 1511 ,
1245 1430 1386 1493 sinc
1409 1450 1607 1517 opera
1630 1451 1746 1496 sua
1760 1476 1783 1511 ‚
1806 1427 2327 1519 suppeditabant.
2356 1430 2457 1493 Ex
2482 1427 2611 1493 isto

463 1556 700 1623 genere
723 1534 853 1599 fuit
879 1534 1158 1601 Atticus.
1191 1533 1404 1599 Testis
1449 1534 1589 1614 ejus
1634 1532 1729 1597 rei
1760 1548 1861 1597 est
1884 1534 2085 1599 Corn.
2112 1532 2333 1621 Nepos
2368 1532 2439 1597 in
2472 1535 2607 1599 Att.

464 1663 524 1705 c.
557 1641 625 1707 6.
658 1640 1168 1707 Publicanorum
1193 1664 1234 1705 a
1263 1639 1683 1705 societatibus
1720 1662 1903 1705 more
1930 1656 1999 1703 et
2032 1639 2293 1729 legibus,
2312 1660 2609 1705 remove-

463 1745 725 1829 bantur,
755 1744 1270 1837 1⁰magistratus.
1303 1748 1533 1835 Itaque
1556 1746 1743 1811 Verri
1766 1744 2092 1827 objicitur,
2126 1744 2389 1827 lib.111,
2408 1768 2467 1811 c.
2498 1734 2641 1833 57(

467 1852 672 1941 quod,
683 1876 890 1942 quum
908 1870 1146 1943 praetor
1169 1870 1337 1919 esset
1357 1852 1605 1935 Siciliae,
1624 1851 2054 1917 nibilominus
2070 1874 2225 1919 cum
2246 1851 2609 1941 publicanis

465 1974 682 2047 partes
711 1958 1040 2039 habuerim
1093 1956 1169 2025 2⁰
1201 1959 1565 2049 peregrini,
1602 1974 1671 2023 et
1696 1960 1887 2024 servi.
1920 1958 2093 2023 Hinc
2124 1958 2287 2025 salse
2318 1958 2609 2049 tangitur

465 2064 644 2129 idem
671 2062 942 2145 Verres,
973 2062 1132 2129 ibid.
1167 2088 1224 2129 c.
1255 2086 1376 2145 ao,
1407 2079 1476 2128 et
1502 2086 1559 2129 c.
1592 2064 1713 2150 39,
1744 2064 1860 2153 qui
1888 2064 1961 2129 in
1994 2066 2189 2147 hujus
2226 2065 2425 2131 moris
2454 2088 2607 2154 par·

467 2184 602 2233 tem
633 2171 862 2253 etiam,
899 2172 1262 2259 Apronium
1299 2170 1751 2258 Veneriosque
1794 2194 2015 2237 servos
2031 2221 2050 2254 ,
2104 2194 2351 2237 novum
2398 2194 2609 2262 genus

459 2274 822 2363 publicani,
855 2275 1314 2341 constituendo
1331 2324 1352 2359 ,
1389 2278 1697 2366 peccavit.

551 2383 857 2447 Ceterum
885 2383 1022 2447 istoe
1047 2382 1386 2452 societates
1417 2382 1917 2471 publicanorum
1952 2406 2032 2448 ex
2054 2384 2383 2472 equitibus
2410 2400 2605 2451 tanta

457 2504 644 2553 erant
673 2489 744 2553 in
787 2487 1160 2577 republica*
1191 2504 1258 2554 et
1297 2488 1636 2579 dignitatis
1670 2504 1739 2557 et
1770 2490 2173 2555 auctoritatis
2193 2537 2212 2572 ‚
2246 2508 2322 2555 ut
2374 2491 2604 2557 Cicero

459 2593 626 2681 ipse,
660 2592 745 2658 ad
772 2595 900 2658 Att.
931 2595 1042 2659 lib.
1057 2596 1184 2677 VI,
1219 2619 1322 2684 ep.
1353 2620 1428 2677 2,
1473 2595 1601 2661 sibi
1634 2594 1981 2685 applaudat
2012 2594 2097 2661 de
2130 2618 2352 2661 amore
2386 2614 2453 2661 et
2482 2596 2602 2661 be·
2638 2672 2647 2681 ⁴

457 2698 806 2765 nivolentia
843 2720 974 2789 qua
1011 2702 1232 2789 ipsum
1251 2702 1593 2789 ,publicani
1626 2702 2270 2790 complectebantur-3
2318 2720 2387 2767 et
2420 2702 2603 2790 quod

455 2826 690 2869 eorum
723 2822 890 2869 esset
919 2806 1118 2869 veluti
1151 2822 1491 2894 patronus.

547 2912 898 3001 Vectigalia
917 2914 1402 3001 provinciarum
1431 2938 1513 2979 ex
1532 2916 1703 3005 agris
1720 2960 1741 2997 ,
1770 2927 1837 2979 et
1862 2915 2153 3002 pascuis,
2184 2932 2255 2979 et
2276 2913 2599 3003 portubus

453 3016 732 3106 publicis
759 3018 1198 3107 exigebantur.
1237 3021 1314 3083 In
1361 3020 1440 3083 iis
1475 3018 1921 3097 conducendis
1954 3019 2281 3107 publicani
2318 3022 2597 3086 maxime

455 3140 640 3191 erant
670 3126 986 3213 occupati.
1031 3128 1104 3191 ln
1136 3127 1308 3215 agris
1337 3128 1617 3215 publicis
1656 3127 1955 3193 homines
2002 3128 2269 3215 quidam
2304 3128 2597 3195 collocati

457 3248 668 3313 erant,
703 3230 818 3319 qui
849 3249 1132 3297 aratores
1161 3249 1360 3321 atque
1403 3230 1699 3325 agricole
1728 3232 1883 3297 dicti
1908 3280 1927 3314 ‚
1986 3256 2097 3297 eos
2144 3234 2481 3316 colebant,
2532 3252 2599 3299 et

452 3335 794 3401 decumam
825 3338 1134 3403 frumenti
1159 3340 1408 3427 populo
1440 3361 1715 3404 romano
1753 3336 1995 3402 dabant
2024 3362 2040 3402 ε
2071 3339 2141 3402 in
2174 3340 2427 3427 pascuis
2454 3342 2596 3423 alii,

451 3443 564 3531 qui
581 3458 870 3533 pastores
891 3444 1190 3533 appellati
1209 3460 1464 3509 certum
1485 3442 1883 3533 stipendium
1920 3445 2395 3533 persolvebant,
2412 3446 2595 3534 quod

450 3550 833 3639 scripturam
867 3548 1188 3615 dicebant.
1228 3552 1527 3615 Aratores
1558 3568 1778 3617 autem
1812 3567 1879 3615 et
1926 3568 2217 3640 pastores
2260 3555 2395 3619 fere
2424 3553 2596 3619 cives

453 3657 706 3721 romani
729 3670 947 3736 erant,
985 3655 1096 3743 qui
1133 3672 1200 3719 et
1229 3655 1354 3743 ipsi
1375 3673 1695 3743 quaestum
1728 3658 2029 3745 sequuti,
2074 3676 2263 3745 agros
2294 3658 2595 3745 publicos

454 3758 756 3827 colebant
775 3806 794 3841 ‚
825 3777 939 3825 aut
971 3780 1204 3849 pecora
1241 3760 1523 3828 alebant.
1551 3762 1629 3825 In
1650 3762 1835 3827 Verr.
1860 3761 1971 3826 lib.
2002 3762 2097 3843 11,
2134 3760 2191 3827 3.

497 3914 503 3923 .
542 3866 876 3931 Publicani
927 3888 1048 3953 pro
1098 3866 1274 3929 vario
1332 3865 1741 3955 vectigalium
1794 3866 2262 3955 exigendorum
2314 3888 2554 3956 genere
2574 3922 2591 3945 ‚

451 3964 696 4037 diversa
721 3972 986 4035 nomina
1009 3972 1467 4035 sortiebantur.
1489 3972 1657 4035 Nam
1682 3972 1797 4057 qui
1824 3971 2132 4039 decumas
2164 3973 2592 4049 redimebant,

449 4076 830 4157 decumani;
881 4078 994 4163 qui
1057 4092 1319 4163 portum
1341 4122 1360 4157 ,
1407 4076 1797 4163 portitores;
1843 4078 1957 4165 qui
2008 4099 2241 4168 pascua
2296 4082 2551 4168 publiea
2569 4130 2589 4163 ‚
