2984 4684
308 435 907 459 mmmm
914 439 1190 459 „ms”
1196 439 1378 459 m
1384 437 1936 462 mmmmmm
1943 442 2391 468 mmmmm
2400 451 2487 469 vs*

544 674 1195 765 PRAEFATIO
1262 676 1595 819 Novl
1655 681 2299 773 EDITORIS

708 889 833 952 DE
880 888 1407 960 CICERONIS
1454 890 2138 960 ORATIONIBUS.

1141 1142 1225 1151 ⁵...—

350 1312 853 1441 Nomwum
918 1346 1019 1437 de
1088 1356 1237 1433 hac
1302 1355 1642 1438 secunda
1694 1355 2100 1438 Ciceronis
2160 1390 2490 1469 operum

358 1504 621 1594 parte,
676 1512 836 1593 qua
888 1480 1211 1589 quidem
1274 1480 1444 1587 ejus
1503 1482 1904 1561 orationes
1957 1485 2488 1583 continentur,

365 1608 884 1717 praemissuris
935 1634 1100 1684 non
1160 1604 1245 1685 id
1294 1606 1604 1686 consilii
1653 1624 1771 1685 est
1819 1610 2357 1715 propositum,
2409 1630 2494 1687 ut

366 1751 671 1812 tantum
719 1748 1158 1828 auctorem,
1203 1728 1393 1809 dum
1440 1729 1884 1836 legentibus
1932 1732 2490 1811 commendan-

362 1857 555 1937 dum
592 1856 1099 1953 arbitramur,
1145 1852 1512 1933 eumdem
1561 1854 1860 1961 ingenii
1913 1854 2142 1963 culpa
2196 1855 2499 1935 detera-

360 2008 537 2058 mus
576 1996 657 2057 et
706 1976 1107 2056 elevemus.
1168 1977 1281 2054 Ea
1329 1976 1542 2055 enim
1589 1978 2258 2085 praestantissimis
2306 1980 2498 2057 viris

360 2130 733 2182 concessa
779 2099 949 2178 laus
994 2116 1147 2197 est,
1187 2117 1279 2178 ut
1312 2100 1452 2207 qui
1486 2125 1622 2178 eos
1664 2099 2214 2205 praedicandos
2256 2103 2498 2181 susci—

362 2230 590 2335 piant
611 2289 631 2325 ,
674 2253 838 2303 non
887 2223 1353 2303 temeritatis
1413 2223 1658 2328 magis
1703 2251 1941 2331 quam
1971 2225 2155 2302 vani
2198 2226 2498 2331 ingenii

362 2352 676 2458 culpam
728 2348 1091 2445 subeant,
1150 2365 1230 2426 et
1283 2348 1403 2427 sui
1459 2347 1690 2425 simul
1746 2365 1825 2425 et
1883 2347 2218 2426 aliorum
2270 2348 2500 2428 obliti

364 2502 527 2555 esse
558 2472 1023 2551 videantur:
1056 2472 1355 2579 quippe
1382 2472 1521 2579 qui
1563 2472 1911 2579 propriae
1940 2472 2504 2551 imbecillitatis

364 2601 861 2675 immemores
902 2594 1001 2672 de
1042 2595 1235 2673 actis
1282 2593 1520 2673 rebus
1565 2614 1644 2673 et
1685 2594 2126 2674 seculorum
2169 2597 2502 2674 auetori-

372 2738 529 2799 tate
574 2748 661 2797 ae
708 2734 1094 2827 perpetua
1138 2716 1666 2796 admiratione
1715 2717 2227 2813 consecratis,
2271 2720 2495 2825 quasi

356 2846 520 2951 jam
554 2846 645 2921 in
680 2842 1017 2923 dubium
1054 2858 1456 2938 vocentur,
1497 2841 1878 2919 disserere
1921 2840 2282 2919 audeant.

465 2970 729 3071 Quem
768 2988 955 3045 vero
1011 2992 1383 3072 umquam
1442 2965 1692 3070 magis
1745 2993 1983 3073 quam
2035 2966 2500 3044 Ciceronem

362 3095 445 3170 in
489 3090 940 3170 forensibus
982 3087 1269 3167 studiis
1296 3087 1712 3196 aequalium
1746 3088 2205 3187 admiratio,
2244 3091 2354 3169 ita
2384 3108 2500 3167 est

362 3232 885 3323 prosequuta,
942 3231 1034 3292 ut
1091 3212 1292 3291 nihil
1356 3212 1692 3319 amplius
1755 3212 1918 3319 jam
1973 3214 2312 3320 posteris
2381 3212 2498 3291 fa-

364 3340 738 3420 ciendum
784 3338 1294 3446 superfuerit,
1333 3364 1574 3445 quam
1617 3364 1716 3415 ne
1770 3325 1853 3414 in
1908 3355 2126 3416 tanto
2177 3354 2492 3415 aetatum

366 3492 751 3543 consensu
816 3462 1223 3540 novissimi
1285 3461 1646 3538 venirent
1677 3523 1696 3557 ,
1765 3479 1843 3539 et
1904 3463 1990 3538 in
2053 3462 2200 3539 hac
2259 3460 2497 3538 veluti

370 3589 824 3667 transmissa
874 3587 1399 3665 venerationis
1480 3585 1915 3664 hereditate
1979 3614 2023 3662 a
2095 3585 2500 3692 prioribus

324 3684 843 3788 ”recentiores
898 3708 1509 3815 superarentur?
1562 3706 1830 3815 Spirat
1885 3708 2096 3787 enim
2151 3709 2498 3817 vivitque

370 3833 603 3911 Tullii
658 3832 1157 3912 orationibus
1196 3832 1612 3910 commissa
1653 3832 1769 3909 vis
1807 3848 1886 3909 et
1929 3832 2180 3929 calor3
2229 3850 2309 3911 et
2352 3862 2499 3911 no-

372 3956 563 4035 biles
612 3958 759 4035 has
810 3984 1075 4053 voces,
1113 3955 1404 4065 quibus
1459 3958 1694 4036 toties
1753 3984 2170 4043 romanum
2233 3958 2501 4035 forum

374 4082 781 4185 personuit
809 4140 831 4180 ,
886 4083 1243 4189 quamvis
1302 4100 1606 4161 tacente
1670 4080 1797 4159 illa
1858 4084 2078 4189 quasi
2143 4082 2505 4189 eorporis
2549 4074 2554 4082 ’

562 4212 618 4277 I.
675 4215 903 4284 Cic-‘pars
932 4222 1147 4269 secunda.
2218 4231 2265 4274 a
