2984 4684
411 365 540 412 102
1039 346 1138 412 M.
1187 349 1266 416 T.
1317 343 1909 416 CICERONIS

397 463 895 534 emolumento
935 464 1298 538 accedere.
1335 471 1550 537 Hunc
1591 466 2049 562 quaesitorem
2091 487 2177 534 ac
2205 459 2531 557 judicem

399 570 776 668 fugiebant
803 587 1026 670 atque
1057 573 1454 648 horrebant
1483 579 1571 665 ii,
1600 572 1875 672 quibus
1906 573 2316 673 periculum
2344 595 2539 642 crea-

398 683 650 773 batur-3
671 682 838 756 ideo
871 684 1098 782 quod,
1125 690 1406 760 tametsi
1436 688 1777 785 veritatis·
1788 697 1941 756 erat
1964 688 2264 770 amicus,
2292 695 2535 752 tamen

403 809 658 866 natura
687 819 840 866 non
883 809 1030 868 tam
1067 821 1476 896 propensus
1516 797 1611 868 ad
1644 793 2213 867 misericordiam
2234 847 2255 882 ‚
2310 815 2535 889 quam

401 904 808 1003 implicatus
829 916 855 961 ⁷
911 904 1005 976 ad
1041 911 1491 978 severitatem
1514 961 1535 994 ‚
1582 904 1985 976 videbatur.
2042 907 2195 999 Ego
2216 956 2237 990 ,
2283 923 2540 997 quam-

401 1041 624 1112 quam
668 1030 927 1114 praeest
963 1015 1138 1089 huic
1167 1020 1549 1116 quaefioni
1590 1017 1725 1102 vir,
1770 1027 1845 1086 et
1876 1027 2129 1085 contra
2160 1010 2535 1084 audaciam

403 1122 872 1215 fortissimuS,
903 1140 978 1198 et
1005 1125 1098 1200 ab
1131 1121 1593 1200 innocentia⁸
1624 1125 2261 1212 clementissimus,
2292 1136 2537 1192 tamen

403 1235 612 1322 facile
645 1261 762 1308 me
791 1250 1102 1334 paterer,
1116 1238 1230 1312 vel
1249 1239 1376 1309 illo
1393 1241 1553 1335 ipso
1585 1239 1937 1308 acerrimo
1948 1232 2193 1331 judice
2218 1255 2545 1331 quaeren-

407 1359 502 1432 te,
521 1345 632 1417 vel
655 1345 856 1443 apud
879 1350 1255 1420 Cassianos
1285 1346 1571 1445 judices
1588 1402 1609 1436 ‚
1640 1370 1959 1444 quorum
1981 1348 2197 1416 etiam
2220 1367 2421 1414 nunc
2452 1345 2502 1411 ii
2522 1395 2544 1430 ‚

404 1454 678 1553 quibus
711 1479 924 1528 causa
953 1455 1263 1531 dicenda
1287 1473 1431 1547 est,
1464 1481 1734 1529 nomen
1758 1459 2001 1555 ipsum
2030 1450 2543 1542 reformidant,

403 1591 540 1664 pro
567 1570 724 1638 sex.
747 1569 1010 1639 Roscio
1038 1564 1300 1642 dicere.

501 1680 760 1748 XXXI.
799 1681 885 1747 In
915 1677 1050 1748 hac
1075 1680 1275 1748 enim
1301 1702 1516 1749 causa
1547 1699 1778 1776 quum
1802 1672 2173 1759 viderent,
2204 1669 2364 1742 illos
2392 1692 2547 1756 am·

403 1784 797 1882 plissimam
819 1789 1205 1883 pecuniam
1232 1786 1604 1884 possidere
1626 1841 1646 1876 ‚
1674 1785 1876 1856 hunc
1907 1786 1985 1854 in
2012 1805 2297 1854 summa
2340 1805 2549 1851 men-

405 1893 696 1966 dicitate
731 1919 928 1984 esse3
969 1895 1152 1967 illud
1187 1894 1486 1994 quidem
1518 1922 1670 1968 non
1704 1905 2115 1993 quaererent
2132 1946 2153 1981 ‚
2185 1893 2305 1963 cui
2338 1889 2543 1960 bono

405 2002 708 2076 fuisset:
746 2003 874 2076 sed
917 2030 1008 2077 eo
1038 2011 1509 2105 perspicuum
1536 2019 1556 2051 ¹
1596 2009 1906 2093 crimen,
1938 2016 2012 2075 et
2054 2004 2547 2100 suspicionem

405 2116 653 2212 potius
692 2113 788 2186 ad
831 2115 1148 2213 praedam
1179 2115 1661 2214 adjungerent
1686 2169 1705 2204 ,
1740 2139 1961 2212 quam
1993 2110 2087 2183 ad
2128 2124 2541 2208 egestatem.

405 2222 605 2315 Quid
639 2227 700 2296 si
743 2224 1023 2297 accedit
1065 2223 1358 2314 eodem,
1401 2241 1487 2297 ut
1520 2230 1758 2298 tenuis
1796 2239 2008 2296 antea
2048 2220 2314 2294 fueris?
2364 2217 2545 2317 quid

407 2337 494 2422 si,
521 2349 604 2406 ut
632 2335 930 2408 avarus?
955 2335 1137 2434 quid
1163 2340 1256 2425 si,
1281 2352 1365 2414 ut
1391 2335 1675 2408 audax?
1702 2333 1885 2433 quid
1917 2337 2011 2420 si,
2047 2346 2133 2402 ut
2172 2331 2390 2418 illius,
2413 2329 2545 2425 qui

405 2447 685 2516 occisus
707 2461 850 2534 est,
881 2449 1468 2520 inimicissimus?
1500 2472 1682 2518 num
1704 2441 2096 2543 quaerenda
2122 2464 2359 2530 causa,
2380 2464 2549 2560 quat

408 2569 480 2627 te
517 2554 611 2626 ad
643 2569 926 2628 tantum
959 2555 1238 2629 facinus
1271 2557 1704 2664 adduxerit?

501 2666 702 2759 Quid
731 2691 904 2765 ergo
939 2667 1206 2738 horum
1238 2671 1484 2766 negari
1516 2665 1806 2766 potest?
1843 2665 2188 2737 Tenuitas
2224 2659 2549 2732 hominis

404 2776 763 2873 ejusmodi
781 2793 915 2867 est,
939 2793 1022 2849 ut
1047 2778 1484 2850 dissimulari
1512 2803 1665 2850 non
1686 2790 1932 2875 queat,
1951 2789 2173 2872 atque
2200 2797 2291 2844 eo
2316 2773 2553 2869 magis

405 2885 708 2972 eluceat,
739 2910 890 2983 quo
923 2893 1150 2984 magis
1181 2889 1611 2961 occultatur.
1646 2887 2034 2960 Avaritiam
2058 2879 2351 2981 praefers
2366 2935 2385 2970 ‚
2416 2884 2551 2979 qui

1520 3131 1599 3168 tue
1640 3136 1670 3169 a
1707 3117 2007 3168 militibus».
2038 3117 2099 3165 Τ.
2123 3115 2308 3175 Liv.V,
2341 3115 2435 3174 45,
2474 3129 2541 3161 «a

1518 3197 1747 3248 secundis
1768 3196 1914 3246 rebus
1940 3194 2185 3244 incauti..

1590 3277 1789 3326 1111.
1819 3291 1863 3326 1.
1900 3275 1971 3322 Eo
1996 3273 2331 3338 perspicuum.
2355 3272 2553 3320 vocula

479 3135 528 3180 7.
553 3117 858 3182 lmplscatus.
896 3118 1160 3167 Severitate
1185 3120 1431 3187 prepedi-

407 3207 506 3248 tus.
542 3197 624 3246 Sic
659 3194 902 3260 implicari
937 3195 1140 3257 morbo,
1172 3199 1258 3261 qui
1299 3211 1431 3246 arete

407 3292 500 3326 noe
538 3275 687 3324 habet
702 3309 717 3335 ,
753 3274 1051 3340 interimque
1086 3275 1324 3341 pervadit.
1349 3277 1430 3326 Sic

403 3354 587 3404 dicitur
605 3355 791 3404 amicus
819 3376 842 3398 ι
859 3351 1190 3404 benivolentia
1209 3354 1432 3420 impliee-

405 3444 538 3494 ωσι,
556 3435 644 3500 qui
661 3450 770 3483 enm
791 3450 894 3483 non
913 3433 1056 3484 facile
1076 3433 1324 3496 abjecerit.
1350 3435 1434 3482 Ad

402 3514 619 3574 Div.v1‚
644 3531 724 3564 η.
749 3513 1130 3578 Quodammodo
1150 3513 1221 3562 ita
1245 3529 1330 3562 sua
1352 3529 1434 3563 na·

405 3601 513 3640 tura
537 3594 732 3642 Canius
755 3593 998 3642 severitati
1025 3592 1276 3640 immixtus
1299 3601 1431 3653 erat,

405 3680 484 3727 ut,
505 3679 596 3718 etc.
615 3677 812 3720 Frustra
835 3673 1057 3722 Graevius
1083 3672 1284 3736 reponit
1304 3673 1433 3721 «im-

407 3747 630 3812 placatus
648 3771 674 3791 a·
688 3784 704 3809 ‚
726 3752 1002 3818 probatque
1019 3753 1268 3801 Erue-tim
1293 3752 1434 3816 qnasi

407 3828 476 3874 ite
503 3827 644 3892 loqui
669 3828 816 3878 latine
842 3831 932 3892 sit,
960 3847 1051 3882 nee
1079 3831 1272 3895 vulgata
1305 3831 1431 3895 opti-

405 3921 482 3954 me
509 3907 669 3971 possit
699 3908 950 3972 explicari.

479 3987 535 4036 8.
559 3986 640 4034 Ab
659 3985 967 4038 innocentia.
997 3991 1202 4053 Propter
1223 3988 1338 4036 vitae
1358 3990 1434 4037 in-

402 4065 695 4134 tegritatem.
714 4065 794 4116 Sic
809 4067 913 4116 Διὶ.
937 4069 1054 4132 vu,
1077 4070 1158 4131 15,
1186 4089 1212 4111 u
1229 4067 1436 4134 impara-

1519 3372 1578 3404 eo
1608 3355 1859 3420 negotium
1894 3351 2057 3402 doctis
2088 3352 2300 3401 necuit.
2332 3348 2555 3414 Refingti

1520 3437 1725 3484 Hotom.
1742 3435 1799 3482 in
1824 3445 1889 3483 et.
1918 3432 1997 3482 c1.
2032 3433 2255 3480 ratam
2292 3440 2341 3478 et
2375 3431 2551 3482 anb.

1520 3514 1682 3579 placet
1705 3535 1731 3556 ιι
1748 3511 1860 3572 ned,
1886 3528 1947 3560 eo
1974 3510 2261 3575 perspicuo,
2286 3509 2469 3557 crimen
2496 3522 2555 3568 ος

1520 3593 1658 3656 quod
1700 3593 1846 3640 unice
1879 3607 2053 3640 verum
2090 3588 2301 3638 affirmat
2349 3584 2555 3636 Schiitz.

1519 3673 1618 3721 Sed
1641 3689 1795 3736 quum
1818 3682 1917 3720 tem
1940 3671 2066 3719 Mss
2096 3685 2244 3734 qnam
2279 3667 2405 3716 editi
2430 3666 2557 3714 libri

1519 3751 1653 3799 nulla
1673 3751 1917 3801 varietatis
1936 3749 2123 3798 indicia
2155 3763 2259 3813 prae
2290 3763 2343 3794 ee
2368 3746 2555 3806 ferant,

1519 3845 1625 3878 non
1646 3830 1975 3879 recedendum
1998 3845 2027 3877 a
2056 3827 2251 3892 vulgate
2284 3825 2559 3890 scriptur-⁸3

1520 3919 1665 3974 etque
1697 3927 1754 3958 eo
1788 3911 1871 3960 hie
1910 3919 1983 3958 eut
2008 3924 2102 3973 pro
2132 3905 2288 3963 adeo,
2330 3916 2389 3952 ut
2416 3903 2559 3969 apud

1522 3985 1752 4037 Plautum
1796 3999 1849 4037 et
1882 3988 2045 4053 ipsum
2086 3985 2407 4040 Cicer-oneum
2464 3994 2559 4031 aut

1522 4068 1690 4133 potins
1725 4084 1819 4135 pro
1856 4083 1956 4118 «ee
1990 4083 2078 4127 re,
2104 4080 2195 4130 per
2231 4079 2337 4114 eam
2376 4079 2481 4112 rem
2506 4085 2555 4110 υ.
