2984 4684
801 339 908 411 IN
956 340 1390 411 VERREM
1439 342 1657 413 ACT.
1712 343 1823 428 11,
1872 340 2054 409 LIB.
2105 342 2160 409 Ι.
2415 338 2555 435 373

414 458 790 534 Rabonius
839 487 856 530 ε
911 475 996 532 ut
1039 459 1178 532 sibi
1218 460 1551 534 videatur
1566 459 1621 551 ³,
1662 465 1833 534 satis
1872 459 2269 558 grandem‘*
2329 485 2557 559 pecu-

413 577 609 644 niam
630 625 651 660 ,
689 587 764 643 et
795 573 964 644 satis
1005 570 1509 671 impudentem
1552 597 1729 644 esse.
1775 577 1923 644 Iste
1950 627 1970 662 ,
2006 574 2137 668 qui
2182 571 2556 669 aliquanto

411 682 582 780 plus
612 683 1028 780 cogitasset,
1064 682 1252 755 male
1285 687 1543 782 accipit
1574 682 1817 755 verbis
1856 682 2306 773 Rabonium3
2341 697 2559 780 negat

412 816 586 864 eum
623 788 763 863 sibi
815 792 940 864 illa
984 791 1350 864 decisione
1404 791 1813 866 satisfacere
1853 797 2114 892 posse,
2154 797 2246 866 ne
2289 795 2519 866 multa
2539 848 2559 880 ‚

413 901 866 976 locaturum⁵
895 927 972 976 se
1005 928 1161 976 esse
1198 903 1607 976 confirmat.
1644 907 1953 976 Tutores
1994 903 2151 974 haec
2184 905 2557 989 nesciunt3

413 1011 616 1111 quod
651 1027 894 1086 actum
931 1028 1087 1086 erat
1116 1038 1286 1086 cum
1322 1013 1697 1103 RaboniO,
1732 1027 1995 1112 putant
2027 1013 2101 1083 id
2128 1037 2282 1084 esse
2320 1013 2562 1085 certis-

413 1125 702 1212 simum3
722 1125 996 1197 nullam
1022 1124 1376 1220 majorem
1390 1113 1674 1224 pupillo
1701 1135 2041 1196 metuunt
2060 1124 2560 1196 calamitatem.

410 1239 555 1306 Iste
595 1259 768 1306 vero
796 1259 950 1307 non
981 1237 1506 1333 procrastinat·
1543 1233 1833 1309 locare⁶
1870 1237 2167 1334 incipit,
2204 1259 2360 1306 non
2396 1257 2562 1333 pro-

413 1345 680 1444 scripta
721 1368 966 1442 neque
1009 1345 1243 1418 edicta
1285 1344 1403 1417 die
1429 1401 1450 1434 ‚
1491 1345 1933 1418 alienissimo
1962 1360 2291 1444 tempore
2310 1399 2330 1434 ,
2370 1343 2563 1415 ludis

411 1454 589 1552 ipsis
623 1451 978 1541 romanis,
1027 1452 1188 1526 foro
1225 1470 1507 1527 ornato.
1560 1461 1818 1555 Itaque
1860 1459 2270 1528 renuntiat⁷
2314 1455 2559 1526 Rabo-

411 1567 580 1636 nius
614 1563 814 1646 illam
850 1563 1291 1638 decisionem
1329 1564 1715 1663 tutoribus.
1752 1571 2160 1638 Accurrunt
2190 1579 2435 1636 tamen
2470 1564 2563 1635 ad

417 1689 706 1773 tempus
755 1689 1083 1746 tutores:
1124 1675 1432 1772 digitum
1475 1671 1711 1748 tollitss
1748 1679 2007 1748 Junius
2058 1691 2402 1774 patruus:
2442 1678 2559 1746 isti

415 1785 616 1858 color
662 1785 1086 1858 immutatus
1137 1799 1288 1876 est;
1322 1786 1607 1878 vultus,
1652 1790 1885 1859 oratio
1907 1842 1928 1877 ,
1975 1811 2185 1858 mens
2239 1786 2560 1885 denique

415 1894 698 1972 excidit.
738 1895 936 1987 Quid
971 1911 1250 1994 ageret,
1290 1899 1517 1996 coepit
1548 1900 1867 1994 cogitare
1902 1925 1918 1967 ε
1955 1900 2017 1967 si
2054 1921 2241 1994 opus
2276 1897 2559 1996 pupillo

414 2006 915 2095 redimeretur,
945 2008 1004 2078 si
1037 2031 1155 2080 res
1185 2004 1420 2078 abiret
1449 2005 1543 2078 ab
1580 2031 1671 2079 eo
1706 2007 2035 2106 mancipe
2051 2018 2108 2095 ⁹,
2147 2031 2369 2106 quem
2406 2011 2561 2106 ipse

417 2118 893 2216 apposuisset,
913 2115 1052 2189 sibi
1067 2115 1342 2188 nullam
1358 2115 1675 2215 praedam
1700 2140 1875 2190 esse.
1897 2119 2155 2215 Itaque
2172 2120 2561 2213 excogitat:

417 2226 640 2326 quid?
693 2227 880 2299 nihil
918 2231 1338 2326 ingeniose3
1393 2227 1575 2299 nihil
1594 2283 1614 2317 ,
1656 2225 1861 2325 quod
1903 2230 2293 2326 quisquam
2336 2229 2565 2325 possit

417 2339 658 2411 dicere
675 2393 696 2428 ,
724 2336 1060 2442 improbe
1077 2393 1096 2427 ,
1113 2363 1367 2411 verum
1388 2337 1645 2410 callide
1664 2348 1728 2382 ¹⁰
1746 2363 1765 2426 3
1785 2336 1969 2407 nihil
1992 2329 2085 2407 ab
2104 2337 2243 2408 isto
2264 2349 2560 2424 tectum,

417 2450 602 2522 nihil
633 2449 1144 2526 veteratorium
1169 2447 1751 2547 exspectaveritis
1773 2473 1789 2516 ε
1811 2449 2059 2526 omnia
2085 2460 2333 2543 aperta
2354 2499 2376 2534 ,
2398 2472 2559 2517 om-

357 2573 366 2579 ·
418 2561 539 2630 nia
579 2560 963 2658 perspicua
997 2557 1474 2655 reperientur,
1510 2553 1992 2654 impudentia,
2040 2556 2384 2642 amentia,
2428 2579 2559 2627 au-

420 2667 640 2740 dacia.
683 2669 752 2752 Si
794 2665 1075 2766 pupillo
1105 2690 1302 2768 ,opus
1339 2664 1744 2752 redimitur,
1780 2662 1964 2734 mihi
2000 2664 2245 2762 praeda
2287 2664 2377 2737 de
2413 2692 2563 2738 ma-

419 2779 640 2852 nibus
675 2779 1022 2876 eripitur:
1057 2775 1260 2874 quod
1297 2791 1406 2848 est
1440 2775 1665 2874 igitur
1702 2772 2159 2847 remedium?
2185 2774 2433 2873 quod?
2464 2802 2585 2849 ne·

421 2891 635 2965 liceat
650 2889 934 2990 pupillo
959 2886 1338 2961 redimere.
1359 2885 1501 2960 Ubi
1527 2886 1711 2974 illa11
1744 2885 2199 2958 consuetudo
2233 2887 2308 2957 in
2344 2885 2559 2960 bonis

491 3135 546 3184 3.
586 3131 841 3185 Videatur.
863 3131 1045 3184 Schiitz
1060 3133 1240 3200 probat
1251 3134 1440 3184 Ernest.
1606 3134 1658 3182 8.
1700 3133 1918 3199 Digitum
1948 3131 2092 3182 tollit.
2121 3133 2235 3180 Mos
2262 3141 2363 3178 erat
2390 3129 2445 3178 in
2470 3145 2558 3178 au-

419 3211 810 3262 mend-tionem
834 3213 1113 3263 vilebatur.
1140 3215 1174 3262 J
1180 3249 1195 3262 .
1207 3215 1271 3263 V.
1291 3217 1346 3264 L.
1532 3211 1802 3274 etionibus,
1825 3211 1983 3276 utqui
2002 3209 2138 3258 liceri
2154 3220 2325 3258 contra
2346 3209 2557 3274 aliquem
2650 3217 2655 3220 '

494 3301 543 3349 4.
577 3291 707 3342 Satis
738 3293 996 3358 grandem.
1021 3295 1136 3342 Hoc
1174 3309 1203 3341 a
1238 3307 1448 3358 persona
1532 3289 1709 3351 vellet,
1734 3290 1789 3339 id
1812 3289 2007 3339 sublato
2032 3287 2191 3354 digito
2212 3285 2521 3353 significaret.

421 3368 634 3419 monii
667 3369 872 3428 diuitum
906 3381 956 3420 et
993 3372 1168 3422 Cicero
1205 3370 1346 3420 addit
1381 3387 1444 3419 ex
1606 3385 1657 3434 9.
1686 3369 1930 3434 Hancipe.
1959 3367 2159 3432 Eo,qui
2180 3367 2366 3430 ailquid
2386 3367 2559 3415 facien-

421 3464 510 3498 ·ua
532 3459 672 3513 parte
696 3469 724 3490 α
739 3449 854 3496 satis
871 3450 1208 3514 impudentem
1222 3473 1264 3499 n.
1533 3448 1653 3498 dum
1678 3449 1947 3497 redemerat
1968 3447 2104 3514 (gall.
2120 3445 2529 3512 affudit-atain).

495 3528 545 3577 5.
577 3529 895 3577 Locaturum.
932 3528 1126 3589 Alieni,
1154 3529 1242 3592 qni
1267 3528 1441 3596 majori
1606 3543 1691 3579 xo.
1712 3529 2013 3578 wicmanni
2028 3525 2295 3574 auctoritas
2310 3524 2558 3573 invexerat

420 3606 582 3672 pretio
604 3603 879 3654 redimeret·
1530 3607 1709 3673 passim
1724 3639 1741 3664 ,
1763 3605 1877 3654 «vel
1902 3603 2077 3653 callide
2096 3625 2138 3653 ι.
2165 3601 2331 3650 Multo
2357 3615 2557 3668 prestat

492 3687 546 3734 6.
569 3687 778 3742 Locum.
802 3683 1096 3734 Auedonem
1136 3684 1246 3736 fieri
1274 3685 1441 3749 jubet,
1530 3697 1673 3736 vetus
1710 3685 1879 3734 lectio.
1918 3681 2079 3732 Codd.
2119 3682 2461 3746 suffragantur.
2498 3684 2532 3731 J
2538 3719 2553 3734 .

323 3761 332 3768 '
419 3779 522 3814 non
551 3774 665 3813 ante
700 3763 941 3812 declarata
971 3763 1051 3813 die
1085 3763 1254 3813 libello
1278 3765 1439 3830 pai-m
1527 3768 1593 3815 V.
1621 3768 1678 3815 L.

418 3843 586 3894 affixo.
607 3871 678 3881 —-
697 3845 832 3892 Loco
856 3841 1018 3891 eda'cea
1033 3877 1048 3900 ,
1089 3843 1307 3894 Lambin.
1321 3845 1442 3910 legit
1612 3859 1633 3891 1
1649 3859 1692 3892 1.
1722 3842 1816 3890 Ubi
1833 3841 1938 3892 illa.
1959 3842 2062 3892 Cur
2088 3841 2171 3888 hic
2206 3857 2307 3888 non
2334 3839 2559 3889 observa-

413 3923 662 3989 proauita.
687 3927 721 3974 J
723 3957 738 3970 .
756 3925 820 3972 V.
843 3927 899 3974 L.
1535 3937 1615 3973 tur
1647 3921 1981 3980 consuetudo,
2006 3935 2155 3985 quam
2186 3920 2444 3969 observare
2478 3937 2559 3968 so·

495 4002 847 4064 mmmmm.
863 4002 1054 4052 Iri-itam
1081 4002 1296 4052 declarat
1317 4004 1446 4069 prio-
1533 4002 1639 4053 lent
1667 3999 1914 4063 consules,
1954 4013 2049 4050 etc.
2084 4016 2233 4065 quum
2276 4001 2409 4049 bona
2442 4017 2559 4049 ven·

425 4096 634 4132 remnse
653 4099 766 4132 cnm
783 4082 904 4148 ipsis
923 4082 1100 4132 sactum
1129 4081 1442 4134 decisionem.
1535 4082 1658 4133 dunt
1712 4098 1910 4143 eorum,
1955 4081 2039 4147 qui
2056 4115 2071 4141 ,
2122 4080 2295 4131 locatis
2347 4080 2561 4148 publicis
