2984 4684
509 363 650 436 290
1153 336 1251 403 M.
1301 335 1376 402 T.
1431 335 1995 408 clcERoms

497 462 728 546 dices,
775 462 852 530 in
903 456 1038 530 hac
1069 477 1288 527 causa
1337 477 1424 527 ea
1465 479 1583 526 res
1604 467 1631 510 ⁷
1680 459 1757 526 in
1800 455 2193 531 discrimen
2234 457 2643 532 adducitur.

499 580 694 644 Reus
727 583 840 642 est
887 569 1080 640 enim
1125 569 1685 638 nocentissimus
1722 594 1741 638 ε
1798 569 1929 666 qui
1978 571 2037 640 si
2086 568 2645 656 condemnatur,

499 681 834 766 desinent
869 678 1200 750 homines
1217 670 1251 720 ⁸
1289 676 1531 748 dicere
1548 731 1570 766 ,
1602 675 1716 748 his
1746 677 2039 774 judiciis
2066 685 2451 780 pecuniam
2484 683 2645 781 plu·

501 797 770 864 rimum
803 811 1055 888 posse;
1081 788 1193 858 sin
1229 783 1656 876 absolvitur,
1684 786 2103 862 desinemus
2137 816 2277 864 nos
2318 791 2411 864 de
2442 793 2643 888 judi-

501 904 632 974 ciis
683 897 1198 974 transferendis
1249 921 1605 970 recusare.
1675 903 1985 974 Tametsi
2036 900 2131 975 de
2182 883 2647 978 absolutidne

502 1017 712 1086 istius
755 1035 998 1110 neque
1041 1015 1196 1110 ipse
1229 1009 1384 1105 jam
1425 1023 1711 1108 sperat,
1754 1035 1895 1084 nec
1936 1011 2257 1110 populus
2296 1037 2647 1086 romanus

501 1127 783 1194 metuit.
829 1127 940 1194 De
983 1118 1434 1220 impudentia
1490 1120 1835 1217 singulari
1850 1175 1873 1210 ,
1910 1119 2115 1220 quod
2152 1121 2355 1195 adest
2374 1177 2399 1211 ,
2440 1123 2647 1223 quod

499 1233 933 1332 respondet,
969 1246 1142 1304 sunt
1174 1234 1304 1329 qui
1339 1234 1703 1302 mirentur
1732 1259 1751 1303 τ
1790 1231 2009 1320 mihi,
2038 1257 2179 1331 pro
2216 1247 2455 1307 cetera
2486 1233 2647 1331 ejus

497 1345 798 1418 audacia
853 1358 1074 1442 atque
1127 1341 1472 1432 amentia,
1528 1365 1623 1414 ne
1680 1341 1825 1414 hoc
1864 1341 2167 1441 quidem
2222 1343 2645 1416 mirandum

497 1455 808 1528 videtur.
850 1454 1082 1526 Multa
1123 1455 1322 1525 enim
1358 1468 1434 1526 et
1477 1454 1559 1524 in
1598 1452 1775 1526 deos
1810 1469 1886 1527 et
1926 1457 2005 1526 in
2043 1453 2381 1528 homines
2420 1459 2647 1556 impie

497 1566 922 1666 nefarieque
957 1567 1352 1652 commisit;
1399 1587 1721 1662 quorum
1754 1566 2111 1638 scelerum
2156 1571 2449 1666 poenis⁹
2494 1571 2647 1666 agi·
2752 1617 2772 1644 f

501 1691 720 1767 tatur,
753 1692 826 1748 et
855 1701 900 1748 a
932 1689 1178 1748 mente
1215 1676 1669 1772 consilioque
1706 1674 2113 1754 deducitur.

597 1792 719 1859 III.
751 1792 1000 1886 Agunt
1040 1809 1210 1857 eum
1245 1789 1689 1884 praecipitem
1720 1811 1955 1885 poenae
1988 1792 2261 1862 civium
2300 1813 2645 1860 romano-

500 1921 708 1986 rum;
745 1919 934 1996 quos
978 1897 1282 1994 partim¹
1323 1898 1561 1968 securi
1598 1901 1986 1996 percussit,
2040 1902 2304 1998 partim
2350 1905 2429 1972 in
2482 1903 2645 1970 vin-

501 2009 684 2080 culis
733 2008 1054 2096 necavit,
1095 2009 1360 2106 partim
1415 2007 1887 2107 implorantes
1936 2011 2100 2106 jura
2152 2011 2506 2084 libertatis
2574 2027 2649 2084 et

499 2121 804 2191 civitatis
821 2122 900 2190 in
919 2141 1210 2191 crucem
1229 2117 1541 2190 sustulit.
1563 2121 1884 2218 Rapiunt
1904 2147 2073 2193 eum
2088 2120 2181 2193 ad
2204 2123 2646 2221 supplicium

503 2228 605 2301 dii
632 2231 888 2328 patrii:
919 2226 1122 2326 quod
1155 2231 1294 2302 iste
1329 2229 1669 2302 inventus
1696 2245 1806 2304 est
1824 2284 1845 2320 ,
1882 2235 2009 2329 qui
2033 2257 2076 2304 e
2108 2233 2497 2330 complexu
2524 2257 2651 2331 pa-

501 2356 796 2414 rentum
833 2339 1181 2438 abreptos
1205 2337 1395 2411 filios
1425 2339 1521 2412 ad
1548 2363 1805 2414 necem
1841 2340 2142 2416 duceret
2156 2395 2176 2430 ‚
2209 2357 2282 2418 et
2312 2357 2649 2442 parentes

502 2455 816 2552 pretium
866 2475 1002 2549 pro
1045 2449 1420 2549 sepultura
1461 2450 1775 2524 liberum
1817 2467 2167 2552 posceret.
2232 2454 2650 2551 Religiones

498 2587 674 2636 vero
717 2561 1294 2658 caerimoniaeque
1349 2563 1679 2634 omnium
1732 2587 2109 2636 sacrorum
2159 2560 2650 2660 fanorumque

499 2674 778 2745 violatae
793 2727 812 2760 ,
843 2669 1369 2768 simulacraque
1393 2669 1701 2742 deorum
1720 2726 1741 2762 ,
1761 2696 1923 2769 quae
1954 2696 2103 2743 non
2132 2669 2357 2743 modo
2384 2696 2473 2743 ex
2500 2673 2649 2742 suis

503 2782 798 2884 templis
831 2780 1070 2854 ablata
1120 2795 1329 2870 sunt,
1377 2781 1505 2854 sed
1544 2785 1759 2854 etiam
1790 2783 2036 2877 jacent
2065 2786 2151 2852 in
2190 2779 2509 2853 tenebris
2550 2779 2649 2852 ab

503 2899 646 2968 isto
699 2903 1018 2966 retrusa²
1074 2905 1296 2991 atque
1337 2891 1585 2964 abdita
1604 2948 1625 2982 ,
1672 2898 2069 2966 consistere
2117 2893 2275 2989 ejus
2319 2893 2649 2962 animum

501 3125 632 3191 parit
658 3133 714 3172 ue
731 3133 870 3180 essee,
885 3121 1000 3186 quin
1025 3120 1264 3185 particula
1289 3131 1344 3168 uc
1365 3121 1533 3184 paullo
1695 3123 1746 3170 8.
1770 3123 1851 3172 Sic
1869 3131 1987 3171 vett.
2018 3121 2133 3172 edd.
2164 3132 2214 3171 et
2246 3123 2375 3172 MSS
2406 3122 2652 3172 nonnulli.

505 3215 648 3266 ante,
681 3213 734 3250 et
769 3201 932 3250 atatim
969 3199 1069 3248 alio
1119 3215 1266 3248 sensu
1305 3201 1531 3263 ponitur.
1620 3202 1779 3266 Apud
1821 3202 2045 3252 Lambin.
2091 3213 2146 3252 ct
2191 3205 2391 3252 Gruter.
2432 3223 2461 3244 ι
2480 3218 2651 3252 omnes

501 3287 684 3334 Sensus
717 3292 826 3329 est:
857 3279 1105 3342 Denique,
1139 3289 1406 3350 utcumque
1431 3279 1529 3327 hoc
1622 3281 1784 3329 dicere
1800 3301 1847 3328 ιο.

501 3365 566 3413 sit
606 3362 902 3424 judicatum,
940 3355 1088 3406 finem
1121 3356 1364 3418 judicium
1405 3357 1531 3406 illud
1690 3377 1741 3423 9.
1778 3345 1957 3408 Poen'is.
2006 3361 2165 3408 Fui-Hs
2222 3361 2501 3412 ultricibus.
2566 3361 2650 3412 Sic

503 3441 848 3490 controversia
881 3438 942 3486 do
977 3436 1180 3498 judiciis
1226 3437 1527 3486 constituet:
1618 3439 1787 3503 paullo
1813 3451 1955 3506 pont:
1988 3457 2188 3505 npoenae
2212 3442 2395 3490 civium
2422 3455 2651 3492 romano-

503 3537 616 3570 nam
645 3521 688 3568 si
723 3519 981 3567 &mutatur
1006 3518 1216 3577 venen,
1247 3517 1533 3565 reconcilia·
1618 3535 1802 3581 mmn,
1834 3532 1885 3568 et
1927 3521 1985 3568 in
2016 3521 2185 3570 Pison.
2216 3523 2303 3582 37,
2328 3536 2389 3568 ac
2422 3521 2649 3584 Dom.9.

505 3601 638 3653 bitur
659 3597 964 3648 uenator-ibus
999 3597 1170 3646 amisa
1203 3597 1532 3656 existimatio;
1622 3599 1695 3648 De
1714 3599 2053 3662 pulcherrimo
2084 3598 2182 3646 hoc
2214 3608 2325 3646 toto
2357 3598 2473 3648 loco
2490 3634 2507 3658 ,
2534 3615 2657 3650 oon-

505 3681 586 3728 sin
608 3690 772 3728 antem
795 3677 1090 3736 absolvimur,
1127 3691 1271 3726 nano
1309 3691 1533 3725 mcum
1620 3677 1746 3724 sene
1792 3693 1957 3742 opera
1996 3679 2210 3742 pretium
2252 3688 2381 3726 essct
2420 3679 2651 3743 scriptam

501 3759 706 3808 honeste
729 3759 930 3823 poterit,
947 3771 1050 3822 quo
1071 3756 1232 3806 minus
1253 3755 1317 3805 ad
1341 3756 1533 3820 equites
1619 3756 1893 3806 elatissimis
1904 3757 2126 3806 sensibus
2137 3759 2201 3806 D.
2209 3760 2242 3807 J
2244 3773 2390 3806 aven.
2399 3761 2653 3808 Sat-1111.

499 3837 688 3900 judicia
705 3837 1074 3888 transferantur.
1689 3837 1783 3884 m.
1817 3851 1861 3884 ι.
1888 3837 2021 3900 Quos
2038 3837 2243 3901 partim.
2270 3839 2391 3886 line
2418 3837 2525 3886 fuse
2552 3849 2651 3888 tn·

581 3933 632 3977 7.
659 3917 743 3964 Ea
769 3931 862 3968 m.
893 3917 974 3966 An
996 3915 1184 3980 judicia
1209 3930 1362 3980 penes
1391 3915 1529 3964 ordi-
1618 3925 1815 3966 ctantnr
1832 3917 2041 3971 Veri-ina
2058 3915 2231 3966 ultima
2248 3917 2313 3966 de
2328 3917 2493 3982 suppl.
2512 3935 2559 3966 c.
2580 3918 2648 3966 28

505 4012 620 4044 nem
673 3995 970 4046 mator-inm
1025 4011 1220 4045 manere
1283 3994 1499 4046 debeant
1518 4029 1533 4054 ,
1620 4005 1670 4044 et
1684 4011 1793 4060 sqq.

499 4091 673 4126 necne.
863 4125 872 4140 „
1693 4091 1743 4124 a.
1762 4076 1987 4126 neuma.
2014 4077 2093 4127 Ne
2114 4075 2420 4141 sacrilegium
2444 4085 2647 4141 pateret.
