2984 4684
774 395 907 461 DE
956 394 1413 462 sumens
1462 395 1976 464 Punmcls.
2219 369 2224 376 ’
2301 393 2432 463 6η

396 515 605 576 Cama
645 513 842 576 semel
858 559 881 593 ,
929 526 1043 578 aut
1084 512 1186 576 bis
1236 513 1565 600 utrimque
1603 529 1856 601 peracta
1879 561 1900 595 ,
1929 537 2136 602 quum
2167 529 2441 602 uterque

308 634 537 684 orator
556 641 624 682 se
644 618 877 682 dixisse
896 615 1279 710 significavit
1295 667 1314 700 ,
1338 635 1451 684 aut
1472 641 1684 708 praeco
1703 620 2180 707 pronuntiavit5
2203 619 2444 702 dixere,

310 739 553 812 phetor
582 740 797 790 ternas
828 723 1161 806 judicibus
1198 725 1459 794 tabellas
1488 723 1702 806 dedit,
1744 748 1945 794 unam
1981 725 2442 808 abaolutionis3

306 829 578 896 alteram
596 830 1179 914 condemnationis3
1197 833 1452 898 tertiam
1468 832 1926 921 ampiiationi23
1943 855 2224 919 quarum
2241 855 2442 898 unam

311 937 385 1000 in
412 959 643 1002 urnam
668 937 1018 1003 mitterent.
1050 940 1243 1002 Urnoe
1263 955 1483 1003 autem
1511 953 1612 1004 tot
1633 941 1932 1019 fuerunt,
1961 953 2127 1026 quot
2143 938 2442 1018 judicum

307 1040 600 1125 ordines,
618 1045 735 1132 qui
756 1043 1121 1124 judicarent
1144 1067 1163 1109 t
1196 1058 1433 1133 nempe
1456 1061 1608 1127 tres,
1629 1067 1834 1132 quum
1863 1061 1992 1108 tres
2020 1043 2312 1125 ordines3
2339 1062 2442 1110 se-

312 1147 605 1218 natorius
621 1197 641 1231 ,
673 1151 993 1238 equestris
1010 1199 1034 1232 ,
1056 1167 1124 1214 et
1144 1150 1562 1221 tribunorum
1594 1139 1797 1216 erarii
1812 1198 1833 1231 ‚
1851 1149 2091 1230 judicia
2119 1149 2444 1215 obierunt.

310 1255 399 1320 At
437 1276 645 1342 quum
664 1257 884 1320 Verris
922 1255 1243 1338 judicium
1278 1275 1612 1346 peractum
1645 1274 1769 1338 est,
1802 1257 1923 1322 soli
1955 1273 2114 1322 tune
2144 1257 2228 1322 ab
2259 1257 2446 1320 annis

312 1357 547 1425 dacem
573 1361 953 1442 judicabant
984 1378 1331 1428 senatores.

402 1466 679 1533 Tubeuis
700 1467 863 1534 datis
880 1515 899 1551 ,
926 1467 1175 1548 judices
1198 1485 1437 1558 praetor
1462 1469 1532 1532 in
1557 1469 1900 1533 eonsilium
1920 1469 2128 1548 misit,
2155 1468 2284 1532 hoc
2309 1485 2406 1532 est
2425 1515 2446 1548 ,

308 1569 501 1658 jussit
528 1573 673 1638 illos
708 1576 1007 1640 conferre
1036 1575 1273 1663 capita,
1320 1597 1396 1639 ac
1425 1573 1782 1638 deliberare
1811 1574 1983 1638 inter
2009 1597 2084 1638 se
2121 1572 2230 1659 (m
2257 1572 2440 1638 Verr.

310 1677 426 1743 lib.
448 1679 587 1761 ΠΙ,
620 1703 757 1770 cap.
790 1681 941 1767 ια),
978 1699 1047 1761 et
1068 1681 1159 1746 ad
1186 1703 1383 1746 urnas
1413 1680 1753 1764 accedere,
1787 1694 1984 1770 atque
2015 1682 2082 1744 in
2109 1702 2214 1746 eas
2235 1681 2442 1746 tabel-

311 1785 439 1848 lam
456 1833 476 1867 ,
503 1808 632 1873 qua
658 1788 977 1874 cujusque
998 1787 1235 1868 judicis
1257 1787 1576 1852 sententia
1607 1787 2072 1867 contineretur,
2100 1786 2440 1866 conjicere.

309 1889 622 1957 Solebam
672 1893 803 1974 rei,
852 1891 1015 1958 dum
1056 1892 1305 1974 judices
1340 1894 1724 1958 sententiam
1781 1895 2030 1958 ferrent
2049 1941 2069 1973 ,
2113 1892 2198 1956 ad
2244 1891 2444 1981 pedes

307 2017 545 2060 eorum
581 2013 651 2062 se
680 1998 1011 2088 projicere.
1067 2001 1385 2064 Confecto
1416 1997 1662 2080 judicio
1683 2045 1702 2080 ,
1747 2001 2022 2088 latisque
2067 1997 2404 2064 sententiis
2427 2044 2448 2078 ‚

308 2098 561 2165 tabella}
592 2125 735 2190 quae
761 2121 875 2169 aut
896 2104 1429 2181 condemnarent,
1456 2121 1568 2170 aut
1597 2105 2025 2188 absolverent,
2040 2121 2152 2170 aut
2173 2104 2440 2195 amplia-

312 2220 460 2292 rent
476 2253 496 2287 ,
529 2203 998 2291 diribebantur‚
1027 2208 1095 2274 id
1124 2227 1254 2288 est,
1282 2212 1765 2298 separabantur.

400 2311 754 2399 Postquam
792 2339 872 2380 ex
906 2315 1311 2379 diribitarum
1340 2317 1718 2380 tabellarum
1749 2341 2026 2381 nurnero
2060 2319 2443 2381 sententiam

306 2415 605 2496 judicum
632 2421 943 2508 cognovit
974 2438 1229 2508 praetor,
1256 2438 1399 2485 tum
1432 2445 1574 2485 eam
1605 2423 2065 2510 pronuntiavit.
2098 2423 2242 2485 Mos
2276 2439 2443 2500 erat,

314 2523 369 2588 si
404 2523 913 2590 condemnatum
944 2527 1486 2624 pronuntiaturus
1515 2543 1702 2609 esset,
1734 2543 1812 2590 ut
1841 2541 2211 2617 praetextam
2237 2549 2443 2614 pone-

314 2645 435 2698 ret,
482 2629 787 2696 Formula
822 2632 1317 2751 pronuntiandae
1349 2617 1909 2698 condemnationis
1945 2632 2071 2695 fuit
2091 2681 2109 2713 ,
2149 2631 2446 2696 «videtur

316 2734 570 2819 fecisse,
598 2753 751 2820 aut,
781 2761 917 2802 non
945 2739 1093 2818 jure
1128 2737 1421 2804 fecisse.»
1453 2738 1901 2804 Absolutionis
1920 2787 1938 2820 ‚
1972 2759 2161 2802 «non
2193 2736 2448 2802 videtur

316 2841 539 2910 fecisse
554 2890 574 2924 ,
609 2860 722 2908 aut
740 2893 758 2926 ,
789 2845 935 2924 jure
970 2844 1199 2910 fecisse
1217 2876 1262 2910 υ.

404 2947 769 3035 Aliquando
798 2949 869 3012 in
903 2950 1183 3014 formula
1202 2948 1760 3015 condemnationis
1784 2951 2026 3014 factum
2059 2966 2178 3030 est,
2201 2964 2296 3030 ut,
2311 2971 2446 3012 non

316 3049 531 3114 solum
565 3054 811 3118 crimen
848 3055 1269 3119 commissum
1292 3101 1311 3135 ,
1366 3053 1481 3119 sed
1525 3056 1717 3120 etiam
1761 3078 2018 3142 poenam
2065 3054 2446 3120 sumendam

318 3172 555 3244 praetor
600 3162 1072 3247 pronuntiaret.
1119 3160 1320 3244 Quod
1358 3177 1580 3226 autem
1621 3158 1704 3224 de
1753 3161 2009 3242 majoris
2056 3162 2254 3250 partis
2299 3183 2449 3226 sen-

320 3262 521 3326 tentia
554 3285 673 3351 per
702 3279 1043 3353 praetorem
1078 3264 1574 3352 pronuntiatum
1626 3281 1721 3330 est
1741 3315 1761 3348 ,
1803 3264 1871 3330 id
1910 3266 2048 3347 jus,
2105 3282 2450 3353 ratumque

318 3367 463 3432 fuit.

406 3473 613 3536 Reum
646 3489 883 3561 praetor
904 3491 1016 3539 aut
1046 3476 1449 3557 absolutum,
1487 3493 1602 3540 aut
1626 3477 2134 3543 condemnatum
2167 3479 2450 3541 referen-

317 3575 477 3641 dum
508 3578 778 3641 curabat
809 3579 875 3642 in
914 3578 1185 3644 tabulas.
1222 3579 1750 3647 condemnatum
1786 3581 1929 3646 duae
1963 3605 2063 3646 res
2097 3581 2452 3672 sequeban-

316 3699 455 3764 tur3
482 3685 819 3749 aestimatio
850 3685 1009 3768 litis,
1046 3700 1111 3749 et
1140 3685 1631 3750 animadversiO.

405 3785 771 3856 AEstimatio
804 3791 933 3855 litis
957 3792 1277 3880 praecipue
1314 3807 1449 3855 erat
1479 3792 1548 3854 in
1589 3817 1778 3858 causa
1810 3794 2352 3882 repetundarum,
2388 3811 2451 3858 et

315 3893 667 3983 peculatus.
703 3897 855 3960 Erat
887 3914 1103 3962 autem
1126 3897 1445 3977 judicium
1472 3898 1746 3964 alterum
1766 3948 1784 3981 ,
1809 3923 1942 3987 quo
1971 3901 2135 3964 ratio
2165 3901 2452 3964 inibatur

314 4001 641 4064 furtorum
676 4000 759 4065 de
793 4003 1031 4091 quibus
1080 4003 1153 4068 lis
1202 4019 1341 4068 orta
1378 4006 1619 4083 fuerat,
1653 4019 1728 4069 ut
1761 4029 1838 4070 ex
1871 4005 2218 4071 divenditis
2259 4006 2448 4072 bonis

314 4103 453 4183 ejus
484 4106 593 4191 qui
629 4109 837 4172 fuerat
865 4109 1357 4190 condemnatus,
1392 4111 1682 4201 pecunia·
1712 4111 2137 4178 redderentur
2165 4115 2276 4194 iis,
2302 4112 2448 4200 qui-
2507 4133 2510 4136 ’
2577 4133 2582 4137 ·
