2984 4684
805 391 916 462 IN
964 393 1396 488 VERREM
1445 390 1756 460 ACTIO
1805 389 2155 459 PRIMA.
2404 351 2541 481 267'

410 516 616 614 perio
651 527 726 584 et
757 525 1149 610 potestate3
1192 536 1328 609 ego
1359 525 1607 583 autem
1643 511 1905 600 aedilis,
1944 511 2089 581 hoc
2124 524 2265 596 est,
2300 508 2547 606 paullo

407 623 749 722 amplius¹
774 647 994 719 quam
1012 626 1336 721 privatus
1355 649 1372 693 ε
1393 637 1635 694 tamen
1662 621 1817 694 haec
1834 619 2249 718 hujusmodi
2279 645 2393 692 res
2416 634 2548 706 est,

410 757 634 832 quarn
671 758 790 804 me
825 747 1157 804 acturum
1197 757 1350 804 esse
1388 733 1765 830 polliceor,
1800 737 1902 805 ita
1933 732 2213 830 populo
2245 753 2551 800 romano

412 858 612 940 grata
641 857 858 940 atque
887 841 1245 939 jucunda,
1277 858 1361 912 ut
1390 845 1547 941 ipse
1584 842 1840 914 consul
1873 846 1951 913 in
1987 842 2123 913 hac
2156 865 2370 912 causa
2407 864 2555 939 prae

412 979 532 1026 me
574 957 816 1026 minus
865 959 1115 1057 etiarn,
1153 956 1214 1026 si
1253 952 1414 1026 fieri
1455 957 1723 1053 possit,
1757 978 1981 1052 quam
2034 955 2357 1052 privatus
2400 975 2555 1023 esse

412 1063 762 1138 videatur.
821 1070 1084 1139 Omnia
1125 1091 1278 1138 non
1328 1063 1551 1138 modo
1594 1063 2389 1150 commemorabuntur,
2430 1060 2557 1132 sed

414 1178 634 1249 etiam
655 1231 674 1264 ,
710 1180 1053 1276 expositis
1090 1181 1306 1249 certis
1337 1175 1590 1264 rebus,
1634 1189 1967 1273 agentur,
2004 1199 2167 1272 quae
2204 1176 2398 1244 inter
2432 1169 2557 1242 de-

415 1311 578 1359 cem
611 1311 843 1360 annos
863 1344 884 1378 ‚
919 1303 1390 1388 posteaquam
1419 1286 1693 1384 judicia
1720 1286 1814 1358 ad
1854 1301 2183 1358 senatum
2221 1284 2558 1355 translata

416 1411 626 1482 sunt,
675 1399 753 1468 in
793 1397 1016 1470 rebus
1054 1397 1468 1494 judicandis
1518 1396 1791 1470 nefarie
1830 1395 2330 1494 flagitioseque
2382 1393 2567 1465 facta

418 1522 610 1580 sunt.
653 1511 1064 1606 Cognoscet
1108 1534 1200 1581 ex
1251 1535 1370 1580 me
1409 1509 1729 1607 populus
1779 1532 2161 1596 romanuS,
2204 1505 2385 1605 quid
2430 1507 2562 1591 sit,

419 1615 938 1714 quamobrem,
992 1644 1226 1716 quum
1277 1633 1617 1716 equester
1664 1617 1847 1690 ordo
1888 1619 2279 1714 judicaret,
2336 1639 2567 1687 annos

419 1751 650 1825 prope
677 1731 1260 1827 quinquaginta²
1301 1731 1729 1818 continuos»,
1770 1727 1971 1800 nulla
1996 1727 2284 1827 [judice
2323 1726 2569 1823 equite

422 1839 728 1910 romano
775 1837 1192 1938 judicante]
1220 1865 1316 1911 ne
1371 1837 1836 1912 tenuissima³
1892 1841 2193 1938 quidem
2250 1835 2567 1936 suspicio
2658 1925 2661 1930 Ι

421 1963 731 2048 acceptae
749 1953 1076 2048 pecuniae
1089 1950 1190 2023 ob
1207 1975 1358 2022 rem
1368 1950 1837 2046 judicandam
1848 1954 2241 2023 constituta
2260 1944 2567 2046 sit3quid

425 2061 551 2148 sit,
587 2059 791 2156 quod
828 2061 1120 2158 judiciis
1166 2061 1254 2132 ad
1305 2065 1753 2132 senatorium
1794 2061 2127 2134 ordinem
2175 2060 2572 2142 translatiS‚

424 2167 888 2268 sublataque⁴
914 2172 1171 2270 populi
1193 2175 1478 2242 romani
1503 2174 1582 2241 in
1611 2196 2218 2270 unumquemque
2240 2184 2575 2242 nostrum
2676 2213 2683 2222 ·

425 2294 784 2379 potestate
800 2336 819 2370 ,
846 2285 933 2374 Q.
957 2282 1277 2353 Calidius
1293 2278 1324 2324 ⁵
1357 2280 1741 2352 damnatus
1770 2283 2055 2372 dixerit,
2080 2283 2384 2353 minoris
2405 2281 2570 2351 H·S.

425 2393 667 2463 tricies
697 2396 1120 2490 praetorium
1156 2389 1535 2462 hominem
1569 2390 1877 2476 honeste
1912 2417 2063 2463 non
2111 2417 2323 2490 posse
2370 2389 2576 2461 dam-

429 2504 631 2589 nari3
662 2502 844 2600 quid
877 2504 1004 2592 sit,
1037 2501 1282 2599 quod,
1307 2505 1384 2572 P.
1413 2499 1799 2598 Septimio6
1820 2517 2155 2575 senatore
2192 2503 2536 2573 damnato
2556 2555 2575 2588 ‚

497 2687 640 2736 xm.
667 2657 914 2735 „ranno
941 2686 1168 2751 campum.
1189 2685 1314 2735 nam
1343 2682 1462 2732 aedi-

429 2765 542 2814 lim
565 2781 628 2814 ex
645 2766 918 2816 minoribus
945 2776 1047 2816 erat
1067 2764 1430 2829 magistratibus
1443 2797 1460 2823 ‚

1548 2685 1663 2749 quin
1684 2686 1925 2747 judicium
1955 2689 2189 2752 pecunia,
2226 2701 2377 2750 esque
2398 2701 2574 2750 parra,

1550 2777 1840 2830 corruptum
1868 2767 2053 2826 suerat,
2080 2767 2195 2815 satis
2224 2767 2375 2814 facete
2394 2781 2574 2829 expro-

431 2844 468 2892 i.
494 2860 539 2893 e.
563 2861 625 2894 ex
673 2844 732 2892 iis
777 2847 866 2909 qui
905 2844 1182 2894 minoribus
1228 2843 1461 2908 auspiciis

431 2923 740 2974 creabantur.

507 3017 559 3052 a.
582 3005 744 3068 Prope
769 3003 1148 3068 quinquaginta.
1171 3003 1331 3051 Annis
1357 3012 1464 3050 tnn-

435 3093 540 3132 tum
561 3097 695 3132 xmx
715 3097 942 3148 equester
967 3083 1096 3132 ordo
1115 3082 1372 3144 judicavit.

509 3163 560 3212 3.
601 3164 682 3211 Ne
717 3164 1018 3213 tenuissima.
1053 3163 1282 3211 omorio
1315 3173 1366 3210 et
1396 3161 1464 3209 nd

435 3251 646 3305 tempus.
659 3243 839 3292 Scribit
854 3245 984 3292 enim
997 3244 1256 3307 Appianas
1265 3240 1463 3290 denen.

437 3322 533 3368 civ.
559 3323 608 3381 1,
636 3323 824 3384 equites
847 3339 952 3370 non
977 3325 1140 3370 minus
1175 3321 1386 3386 turpiter
1415 3331 1467 3369 et

436 3399 701 3464 flagitiose,
721 3417 866 3464 quam
885 3412 1160 3462 senatores,
1178 3400 1364 3463 judicia
1379 3400 1468 3449 sd·-

513 3569 566 3618 4,
583 3557 906 3622 sanataque.
933 3557 1149 3607 Sublatis
1169 3576 1258 3624 pet·
1285 3559 1468 3608 Sullnm

444 3637 654 3687 tribunis
675 3637 862 3701 plebis,
899 3636 965 3685 ad
997 3652 1124 3700 quos
1150 3649 1256 3687 erat
1285 3653 1468 3702 provo·

443 3717 590 3776 cutio,
612 3718 654 3765 si
677 3717 790 3781 quis
809 3715 996 3776 injusto
1007 3715 1196 3777 jndicio
1215 3733 1266 3764 se
1285 3717 1468 3765 conde·

443 3807 664 3846 nuatum
693 3805 906 3860 putaret.
935 3796 1052 3857 Quo
1076 3805 1210 3843 metu
1235 3795 1470 3862 dempto,

445 3881 656 3946 turpiter
672 3877 852 3928 deinde
871 3889 1116 3926 senatores
1124 3877 1424 3938 judiees-unt.

519 3960 570 4010 5.
600 3962 663 4024 Q.
702 3957 937 4007 Calidius.
963 3961 1042 4006 Ex
1065 3969 1270 4022 [πωπω-ι
1299 3957 1474 4022 Hispe-

449 4039 610 4088 uiensi
635 4038 891 4088 damnatus
929 4035 1306 4102 repetundarum
1343 4053 1474 4089 euno

451 4117 581 4180 1377,
599 4133 748 4182 quum
770 4120 996 4166 audent
1020 4116 1076 4166 id
1091 4117 1276 4166 sactum
1303 4117 1474 4177 fuisse,

1549 2845 1713 2894 brevit
1726 2845 1937 2894 sordidis
1956 2846 2228 2908 judicibus,
2252 2844 2390 2911 quod
2412 2863 2463 2894 se
2482 2857 2579 2894 tam

1548 2943 1705 2992 parvo
1738 2929 1900 2992 pretio
1938 2927 2277 2976 demnassent:
2314 2927 2437 2974 «vel
2464 2925 2580 2974 ido·

1549 3023 1717 3064 nam.
1736 3007 1924 3070 inquit,
1946 3006 2219 3056 mercedem
2238 3023 2329 3072 pro
2358 3021 2471 3054 meo
2501 3023 2579 3054 ca-

1548 3089 1651 3152 pite
1676 3087 1861 3151 pacisci
1883 3087 2150 3150 debuistis3
2176 3087 2276 3135 hoc
2294 3087 2463 3135 saltem
2488 3087 2581 3134 ho-

1548 3167 1749 3215 nestatis
1787 3177 1913 3216 esset
1955 3167 2009 3214 in
2052 3166 2195 3216 vobis
2232 3177 2287 3214 ut
2330 3165 2579 3213 hominem

1550 3245 1836 3310 pretorium
1860 3261 1961 3295 non
1981 3246 2069 3295 vili
2092 3247 2255 3310 pretio
2272 3243 2584 3292 vendex-etis-

1553 3323 1763 3390 (nempe
1788 3343 1889 3374 nou
1926 3327 2117 3374 minore
2144 3326 2307 3389 pretio
2334 3339 2483 3387 quam
2509 3339 2583 3371 se·

1554 3407 1775 3454 statium
1793 3407 2021 3454 trecentis
2038 3405 2271 3463 millibus,
2290 3405 2321 3452 6
2333 3403 2482 3459 1500
2500 3403 2586 3469 fr.)

1555 3513 1631 3525 —-
1654 3489 1791 3534 Loco
1829 3471 1991 3534 tricies
2005 3521 2021 3543 ,
2061 3485 2200 3550 quod
2236 3484 2373 3542 dedit
2394 3485 2581 3532 Ascom

1557 3565 1671 3614 edd.
1690 3576 1815 3615 vett.
1836 3581 1951 3614 xxx.
1980 3567 2205 3612 Pessime.

1628 3639 1683 3686 6.
1706 3641 1763 3685 P.
1784 3636 2031 3701 Septimio.
2062 3638 2119 3684 P.
2137 3635 2421 3700 Septimius,
2445 3646 2495 3684 et
2512 3651 2586 3684 se·

1558 3728 1761 3780 quentes
1792 3717 1848 3764 C.
1878 3715 2180 3773 Herennius,
2224 3716 2283 3765 C.
2316 3715 2588 3780 Popillius,

1562 3799 1639 3845 M.
1684 3795 1887 3844 Attilius
1914 3793 2293 3858 postulabantur
2326 3795 2585 3843 criminum

1563 3891 1674 3940 quae
1702 3873 1826 3922 nihil
1847 3873 2045 3937 quidem
2070 3873 2135 3920 ad
2154 3873 2397 3935 iudicium
2420 3891 2587 3922 corru-

1566 3965 1703 4018 ptum
1748 3953 2009 4018 pertinent.
2054 3953 2151 4002 Sed
2194 3955 2309 4018 quia
2351 3953 2589 4018 flagitiose

1560 4033 1683 4082 olim
1707 4033 2045 4094 judicaverunt
2058 4069 2074 4096 ,
2096 4051 2267 4082 eorum
2286 4033 2589 4082 damnationi

1566 4115 1663 4162 hoc
1688 4112 1834 4162 etiam
1860 4127 2009 4179 eaput
2034 4113 2258 4166 additum
2284 4125 2389 4176 est,
2424 4125 2479 4162 ut
2506 4129 2593 4179 pe-
