2984 4684
715 396 826 466 IN
877 394 1308 464 VERREM
1361 393 1577 461 ACT.
1628 390 1735 475 11,
1785 390 1969 458 LIB.
2025 393 2125 460 11.
2285 394 2488 488 .493

359 525 760 594 amicorum
781 519 1038 590 animis
1069 515 1466 586 inusserint
1486 513 1693 582 istius
1718 511 2031 606 injur-im
2063 535 2293 609 quum
2320 514 2493 584 Cen·

359 631 850 728 turipinorum
908 625 1336 698 amicissima
1385 637 1460 694 et
1510 609 1923 692 fidelissima
1981 623 2225 694 civitas
2242 677 2261 711 ‚
2328 648 2492 721 quae

279 785 286 792 -
356 741 570 811 tantis
616 734 872 809 officiis
909 759 1076 806 cum
1119 734 1398 833 populo
1437 755 1743 804 romano
1782 732 2173 826 conjuncta
2212 748 2353 823 est,
2408 749 2495 807 ut

357 874 508 920 non
529 846 767 920 solum
791 844 1317 946 rempublicam
1336 857 1659 916 nostram
1683 897 1704 930 ‚
1728 842 1853 914 sed
1875 845 2089 917 etiam
2122 846 2197 914 in
2234 848 2495 943 quovis

355 959 655 1032 homine
679 959 958 1058 privato
989 981 1258 1030 nomen
1293 959 1535 1056 ipsum
1562 958 2061 1028 Romanorum
2080 981 2371 1055 semper
2392 959 2497 1030 di-

357 1069 645 1155 lexerit,
671 1093 755 1140 ea
780 1067 1082 1168 publico
1107 1067 1412 1140 consilio
1437 1081 1657 1164 atque
1684 1067 2115 1139 auctoritate
2134 1068 2496 1163 judicarit,

358 1180 435 1249 C.
457 1181 702 1252 Verris
733 1192 1000 1252 statuas
1035 1201 1190 1250 esse
1217 1179 1294 1248 in
1327 1175 1513 1248 urbe
1542 1201 1672 1248 sua
1706 1201 1859 1246 non
1888 1191 2250 1275 oportere.
2297 1183 2497 1250 Reci-

357 1301 589 1360 tarem
624 1287 912 1362 decreta
949 1288 1599 1386 Centuripinorum
1632 1314 1648 1357 :
1688 1285 2061 1359 laudarem
2096 1288 2291 1361 illam
2330 1291 2499 1361 civi·

359 1411 622 1485 tatem3
675 1397 753 1468 id
787 1397 994 1496 quod
1024 1398 1386 1470 verissime
1422 1421 1756 1494 possem:
1808 1421 2457 1474 commemorarem
2478 1455 2499 1490 ‚

359 1503 612 1578 decem
637 1506 892 1578 millia¹
911 1507 1176 1580 civium
1203 1509 1851 1606 Centuripinomm
1872 1562 1893 1596 ‚
1934 1506 2501 1583 fortissimorum

356 1615 1092 1717 fidelissimorumque
1163 1624 1529 1690 sociorum
1548 1671 1569 1705 ,
1644 1641 1769 1690 eos
1824 1643 2079 1692 omnes
2137 1623 2502 1708 statuisse,

359 1732 894 1800 Monetam-tm
947 1751 1166 1800 isrms
1225 1753 1302 1800 m
1381 1753 1514 1799 stu
1578 1753 1908 1800 civim-1¹1⁵:
1978 1753 2279 1802 numum
2346 1755 2502 1804 Esse

362 1862 750 1910 oron-nrm.
789 1846 956 1910 Haec
992 1854 1152 1910 tum
1189 1839 1509 1912 dicerem
1526 1893 1547 1927 ‚
1584 1841 1645 1910 si
1676 1853 1945 1910 statuas
1976 1841 2311 1912 Metellus
2348 1867 2501 1914 uon

363 1950 818 2046 reposuisset.
873 1950 1108 2024 Velim
1170 1972 1492 2048 quaerere
1552 1973 1751 2020 nunc
1804 1973 1895 2020 ex
1938 1950 2103 2047 ipso
2169 1951 2503 2038 Metello,

364 2059 710 2157 quidnam
747 2085 876 2134 sua
915 2066 1027 2134 vi’
1066 2075 1140 2134 et
1179 2062 1610 2132 auctoritate
1651 2058 1827 2130 mihi
1870 2083 1957 2132 ex
1998 2059 2133 2132 hac
2176 2061 2503 2134 ora-tione

363 2169 764 2267 praeciderit
813 2197 830 2241 ε
889 2169 1139 2246 eadem
1186 2173 1453 2270 opinor
1493 2173 1750 2242 omnia·
1776 2173 2189 2244 convenire.
2246 2172 2505 2271 Neque

361 2283 596 2366 enim,
623 2283 683 2352 si
712 2285 1020 2352 maxime
1047 2295 1296 2354 statuae
1329 2281 1627 2375 dejecta
1654 2296 1932 2369 essent,
1970 2307 2091 2354 eas
2118 2307 2257 2380 ego
2290 2283 2502 2356 vobis
2550 2327 2555 2332 ·

364 2413 648 2488 possem
687 2390 1006 2484 jacentes
1039 2388 1509 2478 ostendere-³3
1553 2390 1695 2462 hoc
1732 2417 1884 2462 uno
1920 2405 2169 2464 uterer
2198 2421 2215 2462 ε
2254 2395 2504 2468 civim·-

235 2591 240 2598 ‚
337 2513 514 2594 „tem
569 2512 714 2570 tam
752 2522 1045 2596 gravem
1107 2515 1373 2572 statuas
1421 2497 1778 2593 judicasse
1826 2504 1905 2572 C.
1948 2503 2195 2572 Verris
2248 2501 2502 2574 demo·

363 2609 663 2684 liendas.
720 2615 874 2682 Hoc
921 2610 1103 2680 mihi
1145 2610 1480 2682 Metellus
1530 2633 1683 2680 non
1726 2613 1999 2707 eripuit
2034 2639 2049 2681 :
2096 2611 2239 2683 hoc
2280 2616 2501 2684 etiam

365 2720 640 2797 addidit
666 2775 687 2810 ‚
719 2735 807 2794 ut
846 2743 1232 2818 quererer,
1267 2722 1326 2792 si
1369 2718 1547 2791 mihi
1592 2718 1995 2808 videretur,
2044 2735 2193 2794 tam
2242 2723 2501 2822 iniquo

359 2833 526 2926 jure
570 2835 796 2909 sociis
830 2847 1050 2929 atque
1083 2835 1332 2904 amicis
1369 2833 1708 2929 imperari
1735 2886 1755 2920 ,
1820 2846 1905 2903 ut
1956 2833 2041 2904 iis
2094 2859 2189 2906 ne
2230 2836 2303 2906 in
2352 2840 2502 2910 suis

366 2941 666 3040 quidem
724 2940 1096 3016 beneficiis
1147 2940 1378 3036 libero
1415 2938 1693 3036 judicio
1742 2945 1849 3014 uti
1912 2942 2196 3032 liceret;
2240 2959 2327 3016 ut
2371 2973 2501 3020 vos

365 3077 698 3150 rogarem
720 3056 774 3141 4,
811 3067 896 3126 ut
929 3052 1418 3149 conjecturam
1451 3050 1803 3135 facerem,
1820 3053 2109 3149 qualem
2138 3055 2215 3126 in
2246 3053 2361 3128 his
2394 3081 2505 3128 re-

370 3161 508 3237 bus
555 3167 634 3236 in
680 3189 796 3236 me
846 3169 924 3236 L.
960 3165 1334 3236 Metellum
1389 3162 1611 3236 fuisse
1664 3168 2052 3262 putaretis,
2107 3169 2184 3235 in
2231 3165 2501 3264 quibus

367 3271 590 3346 rebus
623 3272 878 3347 obesse
913 3274 1092 3346 mihi
1120 3288 1402 3373 posset,
1433 3297 1665 3371 quum
1692 3275 1767 3344 in
1797 3273 1933 3346 hac
1962 3299 2045 3346 re
2074 3289 2221 3345 tam
2252 3292 2503 3374 aperta

369 3382 762 3482 cupiditate
797 3382 1020 3458 fuerit
1035 3440 1058 3473 ‚
1093 3389 1172 3458 in
1197 3410 1343 3484 qua
1374 3385 1558 3461 nihil
1596 3383 1854 3457 obfuit.
1878 3383 2021 3457 Sed
2046 3409 2181 3483 ego
2206 3386 2502 3458 Metello

439 3582 669 3628 vam.
716 3595 763 3630 1.
810 3583 985 3629 Decem
1032 3581 1206 3631 millia.
1251 3584 1388 3646 Quot
1550 3591 1601 3638 4.
1636 3585 1729 3628 Vos
1750 3597 1997 3646 rogarem.
2024 3580 2141 3628 Nou
2162 3581 2313 3630 modo
2331 3582 2506 3631 Metel·

369 3659 500 3708 eim
527 3660 834 3724 Centuripini
859 3670 993 3709 eunt.-
1473 3661 1553 3708 lus
1576 3660 1829 3708 meliorem
1843 3663 2010 3708 ‘Verris
2027 3675 2215 3708 cauum
2239 3677 2339 3709 non
2362 3663 2502 3728 fecit,
2611 3682 2621 3691 ·

445 3755 494 3788 a.
533 3739 634 3788 Sua
675 3738 750 3787 vu'.
797 3741 894 3788 Ista
939 3755 1036 3787 sua·
1063 3739 1296 3787 violentia
1337 3749 1388 3787 ee
1473 3739 1563 3788 ted
1614 3739 1760 3788 etiam
1809 3739 1905 3788 sibi
1952 3740 2060 3804 ipse
2106 3742 2301 3800 nocuit,
2347 3757 2502 3806 quum

368 3819 594 3884 pretoria
638 3819 927 3866 auctoritate
975 3833 1071 3881 que
1123 3829 1305 3867 emunt
1357 3835 1384 3868 a
1475 3835 1607 3868 nunc
1630 3831 1720 3866 vos
1750 3835 1813 3866 ex
1848 3820 1945 3866 isto
1972 3819 2193 3879 Metelli,
2234 3819 2284 3868 in
2323 3837 2377 3870 re
2404 3833 2502 3872 tam

370 3897 704 3961 Centuripinis
718 3907 804 3944 aut
819 3913 1036 3957 aenas,
1057 3909 1142 3946 aut
1169 3911 1386 3946 everten-
1472 3900 1613 3964 parvi
1664 3899 1933 3956 momenti,
1985 3897 2150 3946 studio
2198 3915 2254 3947 ac
2312 3901 2501 3962 favore,

372 3977 658 4042 dni-epoti
679 3976 909 4026 decrevit.
1473 3978 1718 4037 conjicere
1764 3978 1993 4041 possitis,
2036 3978 2157 4041 quid
2208 3993 2377 4030 contra
2398 3997 2503 4031 rme

441 4059 494 4106 3.
535 4056 810 4105 omnam.
838 4057 1128 4119 Quum-illm
1149 4069 1309 4107 essem
1334 4059 1387 4106 in
1475 4055 1673 4114 feeerit,
1700 4071 1853 4120 quum
1886 4071 1998 4104 vere
2040 4066 2091 4104 et
2128 4069 2293 4123 aperte
2325 4077 2503 4111 nocere

371 4135 558 4196 Sicilia,
585 4139 1038 4186 votvm-onoma.
1475 4137 1706 4199 potnerit.
