2984 4684
527 333 662 429 178
1253 324 1821 404 Excunsus
1872 338 1927 405 1.

519 464 678 530 lius:
711 463 838 527 «In
857 460 1108 552 AEsopo
1135 484 1306 552 saepe
1339 465 1472 529 vidi
1502 482 1757 531 tantum
1788 464 2091 531 ardorem
2120 467 2425 534 vultuum
2456 486 2655 559 atque

517 586 861 653 motuum,
901 586 980 635 ut
1017 592 1170 635 eum
1202 572 1298 635 vis
1333 572 1629 661 quasdam
1672 574 2057 639 abstraxisse
2095 598 2133 639 a
2176 596 2371 641 sensu
2414 581 2654 644 mentis

519 683 919 767 videretur»,
971 682 1056 749 de
1101 676 1379 747 Divinat.
1430 681 1501 762 1,
1546 680 1653 745 80.
1694 678 1783 742 Ut
1837 680 2075 744 Roscio
2112 677 2475 747 doctrinam
2496 732 2516 766 ,
2560 684 2657 749 sic

519 790 770 881 lFAopo
817 791 1194 882 gravitatem
1233 786 1465 852 tribuit
1506 787 1841 867 Horatius,
1898 786 2014 850 ubi
2060 809 2276 877 supra.
2314 790 2511 855 Hunc
2548 792 2655 855 Ci-

514 918 666 961 cero
699 913 768 960 et
805 918 999 961 suum
1035 913 1102 961 et
1133 894 1372 980 Quinti
1404 893 1620 957 statiis
1652 893 1783 977 sui,
1822 890 2202 957 familiarem
2250 896 2528 985 appellat
2572 897 2655 961 ad

511 1002 596 1084 Q.
629 1003 733 1067 Fr.
763 1002 966 1090 Epist.
987 1003 1053 1083 Ι,
1091 1023 1168 1084 2,
1211 1004 1274 1079 4.
1333 998 1529 1063 lstius
1566 998 2009 1063 familiaritatis
2052 1000 2351 1066 meminit
2394 1002 2655 1067 Macro-

510 1105 660 1171 bius
699 1106 814 1173 ubi
853 1130 1086 1196 supra3
1139 1122 1207 1170 et
1245 1103 1427 1169 addit
1443 1151 1461 1185 ,
1506 1102 1829 1194 AEsopum
1882 1126 1961 1168 ex
2003 1103 2346 1171 histrionia
2392 1124 2655 1196 partum

509 1212 846 1279 ducenties
877 1214 1246 1279 sestertium
1264 1260 1283 1293 ,
1329 1210 1476 1301 gall.
1501 1215 1859 1295 4,ιο0,000
1880 1213 1959 1276 fr.
1988 1208 2121 1277 filio
2146 1234 2269 1277 suo
2296 1211 2653 1302 reliquisse.

2010 1318 2433 1385 Dnsunmns.

507 1542 786 1563 mmsfl
795 1538 1446 1565 mmmm
1451 1538 2657 1563 mmmmm

1030 1726 1938 1851 EXCURSUS
2027 1728 2155 1847 ΙΙ

905 1960 1044 2028 DE
1105 1957 1420 2031 NOTIS
1483 1961 2257 2033 NUMERALIBUS.

1185 2166 1314 2177 -ο

600 2306 798 2373 Nom:
848 2308 1212 2373 numerales
1256 2308 1707 2374 Romanorum
1762 2324 1949 2372 erant
1994 2307 2267 2371 omnino
2308 2304 2651 2391 undecim,

513 2436 792 2502 quarum
829 2414 1122 2503 quinque
1157 2432 1312 2479 sunt
1350 2413 1705 2505 simplices,
1740 2437 1853 2478 sex
1884 2430 2039 2477 sunt
2080 2414 2481 2495 conjunctae:
2518 2438 2654 2479 om-

513 2542 663 2604 nes,
697 2520 896 2585 literae
933 2509 1120 2603 sunt,'
1150 2544 1296 2610 quae
1323 2543 1402 2586 ex
1434 2521 1779 2587 hominum
1814 2521 2113 2585 instituto
2146 2520 2415 2610 singulas
2437 2544 2559 2610 per
2584 2544 2651 2585 se

512 2644 766 2693 certum
826 2650 1174 2693 numerum
1226 2645 1723 2718 repraesentant:
1768 2628 1883 2717 qui
1938 2650 2252 2693 numerus
2305 2650 2428 2716 pro
2479 2629 2651 2693 varia

512 2742 845 2807 literarum
875 2743 1045 2807 inter
1080 2761 1150 2802 se
1182 2732 1608 2800 collocatione
1638 2735 1738 2799 vel
1764 2735 2014 2817 crescit,
2040 2732 2142 2798 vel
2175 2734 2517 2800 minuitur.

609 2851 970 2918 Literarum
1002 2840 1391 2932 simplicium
1431 2856 1716 2929 potestas
1738 2856 1805 2904 et
1831 2838 2069 2929 figura,
2114 2838 2255 2904 haec
2290 2855 2389 2904 est
2407 2888 2426 2924 ‚

691 2994 724 3057 1
2348 3003 2375 3043 1

689 3096 750 3160 V
2343 3084 2379 3149 5

675 3204 757 3267 ,X
1417 3192 1586 3257 valet
1772 3222 1783 3231 ·
2304 3213 2383 3255 xo

695 3310 748 3375 Ι,
2300 3294 2384 3360 50

697 3418 750 3482 C
2266 3426 2387 3467 1oo

609 3568 810 3660 Quod
844 3568 900 3636 si
947 3566 1117 3633 ultra
1154 3578 1418 3629 centum
1460 3556 2012 3652 progrediendum
2059 3558 2171 3640 sit,
2211 3558 2390 3624 hisce
2427 3558 2648 3649 figuris

517 3706 638 3773 pro
668 3678 917 3743 ratione
947 3692 1216 3739 summae
1243 3666 1638 3749 conjunctis,
1666 3686 1878 3753 usque
1910 3662 1991 3728 ad
2024 3684 2375 3727 numerum
2412 3662 2543 3729 500
2576 3662 2649 3728 fit

521 3780 903 3875 progressio.
947 3780 1035 3842 At
1074 3794 1350 3839 numero
1389 3770 1580 3853 huic,
1638 3784 1717 3833 ut
1748 3786 1815 3833 et
1844 3766 2203 3832 millenario
2223 3816 2242 3852 ‚
2286 3782 2353 3831 et
2384 3768 2648 3857 reliquis

521 3890 823 3977 deinceps
845 3916 888 3968 ,·
918 3882 1069 3950 solae
1101 3878 1465 3946 inserviunt
1508 3874 1871 3955 conjunctae
1908 3872 2055 3939 duae
2086 3870 2343 3963 figurae,
2379 3875 2409 3938 Ι
2454 3891 2522 3938 et
2560 3877 2645 3957 ῦς

519 3999 609 4061 ita
641 4010 856 4059 tamen
897 4006 973 4054 ut
1007 3988 1214 4079 figura
1262 3988 1314 4050 C
1344 4004 1601 4073 semper
1644 3980 1727 4047 ad
1770 3980 2040 4071 figuram
2087 3982 2117 4045 Ι
2168 3980 2252 4045 sit
2295 4002 2641 4046 conversa:

385 4172 395 4185 ,
517 4120 586 4170 et
612 4126 692 4168 ex
722 4098 890 4165 illius
935 4096 1319 4185 repetitione
1353 4106 1599 4157 crescat
1631 4111 1941 4155 numerus
1988 4112 2027 4154 a
2063 4087 2302 4155 dextris
2342 4086 2605 4179 quidem
2621 4136 2639 4169 ,
