2984 4684
804 387 1188 459 ORATIO
1235 389 1438 459 PRO
1480 391 1553 458 P.
1600 386 2096 476 QUINTIO.
2422 410 2509 482 ²7

367 509 696 609 ponere?
716 515 876 582 Imo
893 565 913 598 ‚
942 513 1186 608 inquit
1201 565 1220 600 ,
1244 510 1374 582 abs
1397 525 1468 582 te
1497 512 1667 582 satis
1692 512 2037 608 accipiam
2056 537 2075 599 ;
2100 529 2237 606 ego
2260 521 2503 582 autem

377 619 512 691 tibi
541 645 695 692 non
729 618 1114 692 satisdabO.

471 733 664 800 XIV.
701 732 886 822 Quis
929 729 1221 802 tandem
1271 729 1487 802 nobis
1532 733 1668 802 ista
1704 732 1867 827 jura
1914 745 2058 802 tam
2100 753 2309 827 aequa
2328 739 2349 772 ¹
2384 728 2513 802 de-

376 839 676 911 scribit?
701 844 868 938 quis
892 840 1034 912 hoc
1059 843 1306 912 statuit
1322 895 1342 929 ,
1360 841 1565 939 quod
1585 865 1875 938 aequum
1896 844 2083 913 sitin
2100 843 2514 933 Quintium,

379 951 458 1022 id
479 954 820 1048 iniquum
851 976 1004 1024 esse
1035 955 1114 1024 in
1141 955 1464 1024 Naevium
1489 954 1521 1023 ἓ
1550 955 1833 1044 Quintii
1860 952 2056 1024 bona
2077 1008 2097 1042 ‚
2121 955 2403 1052 inquit,
2424 977 2515 1024 ex

377 1059 620 1132 edicto
651 1064 978 1160 praetoris
1013 1085 1340 1160 possessa
1372 1078 1563 1134 sunt.
1616 1066 1809 1159 Ergo
1831 1117 1851 1150 ,
1900 1062 1975 1133 id
2016 1078 2101 1134 ut
2147 1061 2517 1150 confitear,

375 1171 734 1268 postulas3
767 1186 892 1260 ut,
922 1170 1127 1269 quod
1159 1197 1563 1270 numquam
1595 1170 1867 1242 factum
1900 1197 2055 1242 esse
2084 1169 2359 1268 judicio
2384 1170 2515 1242 de·

379 1279 780 1369 sendimu5‚
829 1281 936 1369 id,
981 1282 1334 1380 proinde,
1383 1286 1591 1381 quasi
1639 1281 1911 1353 factum
1944 1285 2070 1369 sit,
2110 1295 2360 1351 nostro
2391 1282 2512 1375 ju-

378 1388 570 1462 dicio
628 1390 1164 1463 confirmemus
1228 1395 1595 1465 Inveniri²
1632 1395 1853 1480 ratim
1900 1396 1979 1464 C.
2016 1391 2320 1488 Aquini,
2356 1413 2506 1459 non

377 1514 641 1599 potest,
671 1518 756 1574 ut
783 1501 875 1573 ad
907 1527 1122 1574 suum
1148 1506 1463 1600 quisque
1491 1526 1712 1601 quam
1737 1505 2057 1601 primum
2085 1504 2239 1572 sine
2278 1501 2391 1595 cuj
2402 1524 2517 1568 us-

379 1635 600 1709 quam
633 1611 1013 1702 dedecore,
1043 1612 1361 1701 infamia,
1392 1616 1862 1712 pernicieque
1890 1609 2309 1710 perveniat?
2341 1612 2515 1679 Pro-

376 1717 598 1810 fecto,
626 1726 685 1792 si
708 1722 890 1819 quid
915 1721 1344 1811 deberetur,
1377 1738 1702 1822 peteret:
1739 1747 1891 1793 non
1924 1717 2202 1793 omnia³
2238 1716 2514 1817 judicia

377 1827 536 1901 fieri
570 1832 853 1921 mallet,
889 1858 1109 1930 quam
1143 1859 1376 1905 unum
1409 1833 1629 1924 illud,
1663 1832 1859 1906 unde
1893 1832 2045 1904 haec
2093 1835 2341 1903 omnia
2384 1853 2514 1900 na-

377 1955 704 2011 scuntur.
757 1943 904 2030 Qui
951 1945 1142 2014 inter
1188 1957 1298 2014 tot
1342 1947 1605 2014 annos⁴
1660 1963 1754 2015 ne
1802 1944 2182 2041 appellarit
2216 1939 2515 2039 quidem

376 2051 763 2139 Quintium
782 2107 802 2140 ‚
833 2077 1064 2148 quum
1091 2067 1405 2151 potestas
1434 2067 1621 2125 esset
1648 2053 1910 2151 agendi
1938 2051 2267 2152 quotidie
2290 2078 2309 2138 ;
2344 2052 2473 2147 qui
2498 2103 2519 2136 ,

375 2183 528 2257 quo
568 2175 893 2260 tempore
925 2167 1248 2262 primum
1287 2165 1472 2236 male
1504 2161 1751 2260 agere⁵
1785 2167 2042 2262 coepit,
2084 2168 2163 2234 in
2197 2161 2517 2232 vadimo-

375 2273 516 2342 niis
542 2269 966 2344 differendis
990 2288 1280 2372 tempus
1312 2298 1532 2345 omne
1560 2278 2128 2373 consumpserit3
2152 2277 2277 2371 qui
2308 2285 2515 2370 post-

373 2377 502 2452 ea⁶
541 2381 1038 2454 vadimonium
1087 2408 1388 2482 quoque
1433 2388 1737 2456 missum
1792 2384 2085 2473 fecerit,
2133 2385 2334 2454 hunc
2382 2406 2515 2479 per

373 2490 674 2564 insidias
703 2495 772 2562 vi
797 2491 888 2565 de
911 2517 1086 2591 agro
1120 2501 1494 2566 communi
1522 2495 1902 2592 dejecerit3
1934 2499 2100 2594 qui,
2144 2517 2377 2592 quum
2418 2490 2510 2561 de

374 2624 452 2670 re
485 2599 787 2697 agendi,
813 2602 1018 2673 nullo
1057 2619 1435 2676 recusante
1453 2659 1472 2692 ,
1513 2619 1829 2704 potestas
1859 2603 2146 2691 fuisset,
2188 2604 2517 2700 sponsio-

373 2733 544 2781 nem
575 2709 676 2782 de
702 2711 974 2808 probro
1006 2711 1240 2786 facere
1275 2715 1645 2802 maluerit3
1678 2718 1836 2811 qui,
1862 2738 2096 2811 quum
2133 2724 2515 2781 revocetur

370 2819 464 2890 ad
494 2820 571 2892 id
597 2820 998 2917 judicium,
1035 2824 1232 2894 unde
1261 2823 1418 2894 haec
1445 2839 1615 2895 nata
1644 2838 1819 2894 sunt
1844 2825 2124 2910 omnia,
2158 2818 2515 2891 conditio-

373 2955 545 3001 nem
589 2935 1072 3029 aequissimam
1095 2946 1121 2991 ⁷
1159 2933 1545 3032 repudiet3
1594 2932 1925 3018 fateatur,
1968 2959 2043 3004 se
2090 2956 2240 3003 non
2286 2955 2512 3030 pecu-

373 3043 570 3112 niam
593 3095 614 3128 ,
645 3040 773 3112 sed
807 3045 1024 3114 vitam
1056 3059 1131 3114 et
1160 3048 1591 3141 sanguinem
1628 3059 1897 3143 petere.
1928 3049 1998 3116 Is
2032 3069 2183 3114 non
2218 3042 2359 3113 hoc
2389 3065 2515 3140 pa-

371 3149 516 3220 lam
539 3149 757 3222 dicit?
784 3152 962 3223 mihi
989 3156 1048 3224 si
1073 3154 1254 3251 quid
1279 3153 1692 3243 deberetur,
1714 3170 2063 3254 peterem,
2084 3167 2305 3250 atque
2327 3151 2511 3222 adeo

441 3337 584 3386 ΧΠ.
618 3353 663 3388 ι.
687 3339 812 3386 Iura
825 3349 949 3386 ’tam
981 3355 1146 3403 aequa.
1187 3340 1395 3390 Ironice.
1483 3352 1624 3407 cepta
1649 3341 1741 3391 uti.
1777 3342 1977 3391 Navius
1995 3374 2009 3400 ‚
2036 3339 2125 3389 ubi
2154 3337 2421 3397 intellexit,
2457 3353 2510 3386 ne

441 3431 494 3464 ο.
533 3416 764 3467 Inveniri.
807 3417 974 3466 Lmb.
1009 3420 1216 3480 conjicit
1252 3420 1394 3468 lais-i.
1483 3437 1625 3470 causa
1647 3420 1782 3486 apud
1809 3432 2067 3486 praetorem
2094 3433 2343 3477 casurum,
2374 3416 2418 3464 εἰ
2440 3418 2509 3464 ita

369 3497 490 3546 Jov·
510 3497 565 3544 1..
1482 3509 1661 3564 ageret,
1680 3500 2009 3549 vadimonium
2026 3498 2233 3546 distulit.
2246 3496 2379 3545 Male
2394 3496 2511 3560 agit,

437 3577 492 3624 3.
533 3577 712 3624 Omnia
744 3576 956 3640 judicia.
998 3579 1074 3626 Do
1107 3575 1391 3627 vadimonio
1480 3578 1643 3643 inquit
1664 3579 1841 3628 Cicero
1871 3579 1925 3626 in
1960 3579 2131 3626 Partit.
2170 3577 2257 3641 qni
2282 3575 2392 3640 plus
2418 3591 2509 3639 pe-

372 3652 586 3718 doeerto,
613 3656 674 3704 de
702 3655 1037 3706 utisdatione.
1057 3683 1128 3694 —-
1149 3657 1300 3707 Illud.
1319 3659 1394 3721 Dq
1481 3657 1568 3717 tit,
1592 3657 1677 3722 qui
1704 3673 1813 3707 sero
1835 3657 1985 3722 petit,
2027 3657 2115 3719 qui
2138 3671 2243 3704 non
2264 3654 2357 3703 hac
2376 3653 2510 3719 lege,
2574 3673 2577 3677 ·

372 3747 424 3780 re
446 3735 744 3797 pecuniaria.
1479 3736 1577 3786 hoc
1596 3737 1786 3798 judicio
1808 3771 1825 3798 ,
1856 3736 1935 3784 his
1954 3734 2114 3784 verbis
2138 3735 2319 3799 quibus
2340 3745 2509 3800 petere

440 3821 493 3868 4.
515 3815 786 3864 Face-ioht.
821 3816 952 3877 conj.
983 3815 1147 3865 «inter
1170 3814 1273 3865 dno
1303 3832 1394 3865 an·
1480 3827 1704 3881 oportet,
1726 3818 1878 3880 petit,
1900 3826 1997 3865 etc.
2036 3815 2113 3864 Cf.
2143 3815 2256 3865 infr.
2276 3815 2336 3864 31
2350 3850 2364 3863 .

371 3904 519 3951 nou,
546 3893 626 3942 vel
655 3893 893 3958 «integro
917 3892 1050 3943 anno
1067 3918 1112 3943 ιι.
1157 3895 1254 3944 Sed
1285 3895 1390 3944 fm-
1548 3895 1597 3943 6.
1640 3899 1701 3944 In
1744 3893 1859 3942 cod.
1895 3896 2059 3944 Oxou.
2095 3894 2297 3944 additur
2332 3909 2499 3958 quam.

373 3977 466 4017 sm
485 3969 682 4020 turbare
701 3983 872 4021 monet
897 3975 1126 4024 Get-cuz.
1143 3974 1207 4024 ad
1234 3974 1388 4026 And.
1479 3975 1621 4024 Idem
1642 3972 1876 4024 suadebat
1896 3973 2089 4023 Manut.
2110 3986 2161 4023 et
2180 3974 2353 4024 Lamb.

373 4049 416 4106 1,
435 4064 480 4109 7.
501 4051 613 4100 LV.
633 4054 692 4100 L.
1558 4073 1603 4116 7.
1642 4051 2007 4119 Equi-ssimum.
2048 4055 2120 4102 Ut
2154 4062 2241 4101 aut
2276 4061 2507 4116 uterque,

442 4127 489 4174 ⁵.
527 4130 666 4178 Male
687 4145 849 4194 agere.
873 4132 1096 4180 Fomula
1125 4133 1250 4180 male
1281 4149 1396 4181 con·
1481 4145 1569 4182 ant
1594 4142 1767 4181 neuter
1790 4131 2013 4184 satiadet.
