2984 4684
684 457 690 464 .
760 393 866 462 IN
915 392 1338 494 VERREM
1389 397 1755 480 ACT.11‚
1804 397 1987 469 Lm.
2033 398 2129 463 11.
2364 393 2504 480 455

391 515 584 610 cipio
627 513 1030 586 simillimus
1085 515 1521 612 reperiretur
1560 543 1575 585 :
1622 539 1843 612 quem
1886 499 2279 600 absentem,
2306 537 2511 588 reum

391 621 694 711 fecerat,
727 647 930 710 eum,
960 622 1255 704 'absente
1291 640 1739 712 accusatore,
1773 624 2225 700 condemnat.

483 737 666 806 XLI.
707 733 1192 806 Nuntiabatur
1237 735 1340 806 illi
1386 738 1635 834 primis
1686 735 1827 808 illis
1870 736 2359 834 temporibus¹
2400 737 2515 822 id,

387 843 592 941 quod
625 857 828 941 pater
869 869 1166 942 quoque
1215 844 1308 916 ad
1347 871 1518 918 eum
1555 843 1887 944 pluribus
1927 844 2167 918 verbis
2209 847 2512 942 scripse-

389 967 501 1024 rat
521 1005 542 1040 ,
585 953 916 1050 agitatam
955 977 1110 1026 rem
1147 979 1304 1028 esse
1345 957 1422 1028 in
1463 971 1753 1044 senatu;
1786 957 2003 1030 etiam
2040 957 2117 1027 in
2156 959 2513 1030 concione

389 1062 767 1135 tribunum
803 1063 1034 1162 plebis
1067 1064 1158 1138 de
1189 1089 1402 1140 causa
1435 1067 1713 1138 Sthenii
1748 1069 1846 1138 M.
1877 1064 2335 1139 Palicanum²
2362 1090 2517 1136 esse

391 1187 776 1271 questum;
837 1161 1210 1272 postremo
1260 1199 1376 1248 me
1417 1178 1653 1274 ipsum
1708 1175 1905 1274 apud
1942 1173 2325 1272 collegium
2376 1174 2519 1246 hoc

389 1283 856 1358 tribunorum
911 1284 1182 1383 plebis,
1237 1311 1470 1383 quum
1526 1311 1779 1361 eorum
1822 1285 2169 1356 omnium
2190 1280 2219 1328 ³
2280 1282 2519 1356 edicto

387 1419 542 1466 non
577 1395 824 1468 liceret
857 1419 1296 1493 quemquam
1350 1403 1597 1468 Romae
1634 1415 1819 1494 esse,
1864 1397 1991 1493 qui
2038 1397 2141 1466 rei
2196 1393 2521 1492 capitalis

387 1501 909 1578 condemnatus
943 1521 1166 1594 esset,
1189 1509 1411 1604 egisse
1439 1531 1729 1582 causam
1760 1506 2081 1590 Sthenii;
2110 1527 2339 1600 quum
2366 1528 2517 1576 rem

389 1619 486 1686 ita
521 1617 1014 1714 exposuissem
1033 1671 1055 1704 ,
1083 1616 1701 1714 quemadmodum
1730 1641 1929 1688 nunc
1964 1613 2159 1711 apud
2192 1637 2359 1700 v05,
2394 1612 2523 1683 do-

390 1725 842 1822 cuissemque
880 1724 1070 1797 hanc
1115 1725 1651 1800 damnationem
1690 1726 1907 1800 duci‘*
1952 1748 2103 1796 non
2148 1737 2484 1820 oportere
2502 1775 2521 1806 ,

389 1831 726 1906 tribunos
763 1833 994 1931 plebis
1027 1834 1168 1906 hoc
1207 1837 1535 1910 statuisse
1554 1889 1573 1920 ,
1612 1835 1837 1933 idque
1868 1832 1961 1906 de
1996 1835 2327 1906 omnium
2362 1857 2521 1904 sen-

389 1945 612 2028 tentia
650 1945 1202 2040 pronuntiatum
1237 1969 1430 2031 esse,
1489 1970 1638 2018 non
1687 1967 1926 2016 mmm
1974 1947 2358 2016 Srflnnmu
2398 1967 2521 2014 m-

388 2075 628 2124 Penuu
651 2078 910 2127 Eme-ro
932 2107 951 2142 ,
979 2077 1126 2138 Quo
1153 2079 1376 2128 mnus
1397 2081 1464 2126 m
1483 2075 1777 2126 mecum·
1806 2060 2043 2126 Boua:
2066 2077 2241 2124 esst.
2274 2055 2521 2143 Quum

389 2161 542 2234 haec
575 2163 667 2234 ad
703 2165 920 2239 istum
961 2163 1416 2250 afferrentur,
1455 2169 1695 2246 timuit
1738 2162 2173 2261 aliquandO,
2217 2175 2290 2232 et
2320 2183 2517 2232 com·

390 2287 632 2346 motus
671 2289 810 2362 est3
853 2275 1066 2347 vertit
1092 2271 1409 2370 stylum⁵
1457 2277 1533 2359 in
1578 2273 1841 2346 tabulis
1892 2275 2089 2345 suis:
2132 2295 2305 2370 quo·
2332 2269 2523 2342 facto

389 2405 674 2456 causam
709 2407 1004 2456 omnem
1041 2387 1296 2462 evertit
1329 2405 1581 2457 suam:
1626 2383 1809 2454 nihil
1850 2383 2045 2454 enim
2089 2379 2229 2452 sibi
2261 2380 2523 2475 reliqui

389 2488 594 2576 fecit,
639 2490 841 2588 quod
873 2490 1168 2564 defendi
1203 2492 1442 2588 aliqua
1471 2496 1751 2566 ratione
1790 2505 2055 2588 posset.
2099 2493 2282 2560 Nam
2328 2490 2387 2558 si
2423 2492 2519 2558 ita

324 2623 346 2636 ·
389 2597 806 2672 defenderet
835 2627 850 2670 ε
887 2603 1108 2698 recipi
1149 2621 1422 2673 nomen
1465 2599 1783 2673 absentis
1820 2600 2028 2686 licet3
2068 2598 2212 2670 hoc
2252 2595 2519 2686 fieri-in

389 2713 758 2806 provincia
787 2709 988 2782 nulla
1013 2709 1130 2782 lex
1147 2723 1382 2783 vetat:
1415 2709 1601 2782 mala
1616 2724 1693 2790 et
1718 2705 2051 2806 improba
2074 2697 2519 2790 defensione,

391 2844 644 2900 verum
673 2820 911 2917 aliqua
947 2835 1188 2892 tamen
1225 2823 1334 2894 uti
1371 2820 2185 2904 videraut-Postremo
2222 2816 2347 2886 illo
2392 2815 2519 2888 de-

391 2933 872 3028 speratissimo
909 2929 1240 3028 perfugio
1269 2929 1378 3002 uti
1413 2943 1691 3028 posset,
1730 2953 1807 3000 se
1840 2926 2376 3026 imprudentem
2413 2923 2519 2998 fe-

393 3043 608 3130 cisse,
647 3045 1090 3120 existimasse
1121 3041 1193 3114 id
1225 3040 1438 3115 licere
1467 3069 1484 3110 z
1519 3064 1965 3137 quamquam
1998 3034 2517 3152 perditissima⁶

460 3244 591 3292 m.
644 3259 688 3292 t.
733 3241 839 3292 luis
887 3241 1192 3306 temporibus.
1240 3209 1412 3290 baucis
1498 3241 1635 3290 nium
1666 3239 1879 3289 umimi
1912 3253 2179 3294 consensu,
2223 3238 2437 3285 edictum
2463 3253 2519 3283 ae

391 3330 507 3386 poet
559 3321 918 3370 damnationem
973 3321 1178 3384 diebus,
1230 3320 1412 3386 quibu,
1499 3321 1737 3368 sancitum
1760 3319 1883 3366 illud
1909 3318 2054 3364 fuisse
2080 3315 2281 3364 indicat.

393 3401 600 3450 Romam
622 3415 678 3448 en
705 3415 782 3450 πω
805 3398 987 3463 perlata
1009 3410 1139 3460 etet,
1155 3400 1412 3464 nuntiique
1574 3407 1625 3456 4.
1653 3397 1795 3446 Duc-i.
1818 3396 1997 3446 Habea-i
2022 3407 2262 3458 tamquam
2290 3395 2519 3442 condem-

387 3482 547 3528 λοιπε
568 3478 622 3526 in
645 3478 946 3541 provinciam
967 3478 1162 3528 reversi.
1498 3478 1761 3526 nationem.

459 3575 510 3608 α.
551 3559 626 3608 M.
661 3557 972 3606 Palicanum.
1017 3557 1188 3604 Louiae
1223 3557 1379 3622 gentis
1395 3593 1410 3617 ,
1572 3558 1623 3606 5.
1650 3555 1803 3604 Vertit
1816 3557 2008 3618 sesiam.
2032 3553 2223 3600 Delevit
2244 3568 2353 3616 qnae
2381 3563 2519 3598 antea

387 3653 492 3702 quo
516 3637 718 3688 tribuno
735 3637 894 3700 plebis
907 3634 1106 3692 auctori
1121 3672 1136 3697 ,
1157 3636 1408 3684 tribunitia
1497 3637 1769 3704 scripserat.
1788 3634 1913 3700 styli
1938 3649 2053 3698 pam
2074 3631 2221 3678 altera
2238 3665 2253 3690 ,
2278 3647 2375 3694 qua
2404 3633 2521 3677 scri-

386 3727 626 3780 pum,
661 3734 690 3767 ι
715 3715 848 3766 Sulla
882 3715 1144 3780 adempta,
1184 3732 1276 3782 pes
1309 3717 1404 3766 Cn.
1494 3716 1719 3774 bebatur,
1754 3715 1803 3762 in
1830 3728 2036 3762 acumen
2063 3709 2332 3768 desinebat3
2370 3709 2517 3756 altera

385 3797 672 3861 Pomp-iun
687 3794 938 3844 consulem
953 3806 1026 3843 est
1043 3793 1408 3845 restituta.Vid.
1496 3805 1599 3843 ent
1630 3795 1774 3860 plant
1790 3828 1803 3854 ,
1832 3805 1881 3842 et
1906 3803 2019 3858 apta
2053 3791 2118 3840 nd
2148 3789 2407 3838 delendum
2438 3789 2487 3836 id
2504 3825 2517 3846 ,

387 3875 524 3924 Brut.
547 3891 595 3924 c.
625 3876 723 3932 623
761 3874 824 3922 td
855 3877 960 3922 Att.
983 3877 1022 3929 1,
1055 3890 1100 3922 ι.
1125 3873 1239 3921 val.
1261 3873 1399 3922 Max.
1496 3875 1633 3938 quod
1674 3874 1907 3941 scriptum
1952 3873 2124 3920 fuerat.
2174 3871 2303 3917 Hinc
2342 3873 2515 3921 Horat.

384 3955 483 4012 111,
510 3956 539 4002 8
556 3989 571 4011 ,
607 3955 656 4002 3.
893 3963 902 3972 ⁴
1497 3955 1596 4002 Sat.
1620 3957 1673 4010 1,
1704 3969 1788 4010 xo,
1812 3968 1896 4012 72,
1926 3967 2085 4015 «aaepe
2104 3949 2285 4014 stylum
2307 3959 2517 3996 vertas».

457 4033 506 4080 3.
529 4033 770 4082 Omnium.
791 4033 904 4080 Non
925 4035 1082 4080 otiosa
1105 4032 1188 4080 liic
1207 4043 1278 4078 est
1305 4048 1404 4080 vox
1567 4035 1621 4080 6.
1648 4031 1853 4080 Addunt
1882 4029 1984 4078 lioec
2006 4029 2149 4077 multi
2176 4029 2387 4076 editores
2405 4063 2417 4085 ,
2445 4027 2516 4072 in-

385 4101 492 4159 illa3
511 4105 686 4152 etenim
705 4103 837 4152 nulla
855 4103 1213 4162 intercessione,
1232 4119 1287 4150 ac
1305 4119 1404 4150 om-
1493 4121 1567 4160 te,-
1592 4128 1715 4176 quo„
1740 4111 1935 4160 Lunna,
1963 4111 2009 4158 J,
2026 4111 2087 4158 v,
2113 4111 2163 4156 L,
