2984 4684
507 323 648 398 520
1282 327 1854 398 EXCURSUS

502 448 857 514 ducerent:
890 462 957 511 et
992 448 1105 536 qui
1140 447 1542 536 magistratui
1574 449 1910 538 proximus
1945 463 2141 530 esset,
2171 446 2506 538 proximus
2539 471 2654 538 ap·

500 555 871 643 pellat-etur.
897 553 1030 618 Cic.
1058 553 1127 616 in
1153 554 1433 637 Verr.V,
1466 577 1607 642 αφ.
1641 554 1746 634 54.
1783 555 2113 643 Populum
2147 554 2653 620 summovebant

497 659 787 726 venienti
814 659 1237 748 magistratui.
1276 659 1507 724 Sontes
1539 661 1737 750 virgis
1773 659 2147 743 caedebant,
2197 675 2265 724 et
2304 660 2519 728 securi
2551 661 2650 722 fe·

498 765 775 830 riebant.
808 765 1141 831 Cia-ibid,
1182 765 1319 830 Liv.
1356 765 1468 831 lib.
1509 769 1561 832 I.

584 874 981 963 Interpretes
1048 873 1531 939 adhibebantur
1595 873 1680 940 ad
1753 874 2308 964 interpretandam
2389 876 2654 962 praetori

494 982 895 1070 populorum
926 996 1349 1046 externorum
1374 981 1764 1065 orationem,
1795 998 1912 1046 aut
1940 980 2024 1045 ad
2057 981 2354 1070 praetoris
2387 979 2650 1045 decreta

497 1087 805 1177 gentibus
842 1087 1073 1153 exteris
1108 1086 1505 1176 explicanda.
1535 1089 1751 1153 Fuere
1778 1110 1857 1152 ex
1888 1087 2336 1177 apparitorum
2367 1103 2434 1151 et
2463 1086 2656 1150 liber-

500 1209 795 1258 unorum
835 1215 1135 1259 numero.
1649 1199 1658 1209 '

590 1299 935 1364 Tabellarii
986 1315 1171 1366 erant
1194 1347 1213 1381 ,
1265 1298 1381 1387 qui
1434 1298 1738 1388 epistolas
1789 1299 1968 1364 ultro
2031 1299 2333 1386 citroque
2387 1298 2654 1362 ferrent.

502 1405 772 1476 Hieron.
802 1405 888 1470 ad
920 1405 1189 1472 Niceam
1212 1453 1231 1488 ,
1266 1405 1377 1470 lib.
1398 1407 1429 1470 1
1449 1453 1469 1488 ,
1494 1406 1683 1493 epist.
1712 1429 1738 1470 1
1763 1427 1780 1468 ε
1814 1408 2024 1469 «Ante
2053 1404 2322 1486 chartae,
2357 1419 2424 1469 et
2444 1426 2656 1468 mem-

502 1510 855 1576 branarum
877 1533 1109 1594 usum,
1138 1511 1393 1598 inquit,
1428 1527 1543 1574 aut
1567 1512 1638 1576 in
1672 1509 1986 1574 dedolatis
2019 1533 2056 1573 e
2093 1511 2274 1600 ligno
2304 1506 2656 1589 codicillis,

502 1631 619 1680 aut
673 1617 743 1680 in
800 1616 1153 1680 corticibus
1208 1615 1524 1683 arborum
1544 1663 1562 1696 ,
1612 1628 1844 1679 mutua
1891 1615 2316 1702 epistolarum
2375 1613 2658 1702 alloquia

502 1721 943 1804 missitabant;
976 1719 1157 1785 unde
1202 1737 1269 1784 et
1310 1719 1664 1808 portitores
1692 1743 1917 1787 earum
1947 1720 2316 1784 tabellarios
2335 1767 2356 1802 ,
2401 1736 2470 1784 et
2495 1721 2659 1784 scri-

503 1845 726 1918 ptores
746 1876 766 1910 ,
810 1852 847 1892 a
876 1829 1056 1893 libris
1088 1827 1401 1898 arborum
1420 1875 1439 1909 ,
1481 1826 1780 1892 librarios
1803 1849 2117 1892 vocavere
2135 1857 2183 1890 υ.

592 1935 939 2023 Aruspices
970 1949 1271 1998 extorum
1292 1933 1628 1997 scientiam
1650 1932 1985 1997 tenebant.
2013 1933 2177 1996 Exta
2203 1931 2656 2021 inspiciebant,

510 2057 578 2105 et
614 2039 775 2128 quid
806 2037 1276 2128 portenderent
1294 2087 1312 2121 ,
1332 2039 1710 2128 imperatori
1741 2039 2130 2108 referebant.
2169 2037 2477 2120 Ostenta,
2502 2062 2658 2128 pro·

512 2145 685 2236 digia
706 2146 1320 2234 interpretabantur.

599 2251 1187 2317 Contubernalium
1221 2252 1491 2322 nomine
1523 2251 1975 2341 significantur
2004 2250 2256 2317 nobiles
2283 2248 2661 2316 adolescen-

512 2375 644 2440 tes,
678 2357 793 2445 qui
817 2358 911 2422 rei
942 2359 1231 2424 militaris
1269 2357 1698 2447 percipiendae
1729 2375 1795 2424 et
1811 2357 2164 2448 provinciae
2185 2354 2662 2445 cognoscendae

512 2464 740 2554 gratia,
773 2464 1183 2557 magistratus
1216 2465 1285 2530 in
1323 2465 1722 2552 provinciam
1756 2463 2231 2552 sequebantur-3
2262 2479 2342 2526 ut
2373 2462 2662 2526 militari-

514 2570 643 2635 bus
676 2571 1120 2654 sermonibus,
1164 2587 1229 2636 et
1264 2567 1599 2634 interdum
1639 2571 1920 2636 consiliis
1961 2570 2351 2634 interessent
2373 2615 2392 2650 ,
2435 2584 2501 2631 et
2537 2591 2664 2632 usu

514 2700 737 2741 rerum
758 2678 1095 2766 peritiores
1128 2677 1496 2742 evaderent.
1529 2677 1698 2741 Nam
1727 2675 2238 2742 contubernium
2261 2690 2360 2739 est
2375 2673 2663 2738 vocabu·

519 2783 660 2848 lum
683 2799 1035 2860 castrense,
1058 2787 1359 2874 usurpari
1379 2785 1644 2850 solitum
1668 2783 1751 2850 de
1780 2782 2094 2849 militibus
2123 2782 2348 2848 decem
2375 2779 2501 2845 sub
2526 2803 2662 2862 uno

520 2889 876 2978 papilione,
916 2913 1032 2953 seu
1066 2891 1352 2955 tentorio
1389 2890 1800 2980 degentibus.
1851 2888 2016 2966 Inde
2047 2890 2296 2954 factum
2331 2904 2408 2951 ut
2439 2885 2660 2951 adole·-

520 3010 773 3059 scentes
808 2995 899 3059 illi
924 3043 943 3078 ,
978 3011 1321 3084 propterea
1354 2995 1538 3084 quod
1569 2995 1967 3060 familiariter
1997 3017 2152 3059 cum
2185 2992 2660 3083 magistratibus

519 3101 860 3177 vixerunt,
896 3124 1113 3188 neque
1140 3101 1221 3164 ab
1246 3125 1478 3166 eorum
1506 3101 1815 3174 lateribus
1843 3099 2316 3180 discesserunt,
2341 3084 2660 3162 incorum

520 3228 713 3296 agere
758 3207 1228 3289 contubernio,
1281 3223 1347 3271 et
1399 3205 1901 3276 contubernales
1937 3229 2076 3271 esse
2123 3204 2516 3270 dicerentur.
2561 3203 2664 3266 Sic

524 3311 619 3378 M.
634 3311 863 3378 Caelius
884 3361 901 3394 ,
924 3313 1032 3376 ille
1054 3334 1253 3400 quem
1283 3314 1514 3378 Cicero
1541 3311 1836 3380 defendit
1853 3361 1869 3394 ,
1901 3313 1970 3376 in
1991 3310 2206 3376 Africa
2233 3313 2316 3394 Q.
2332 3307 2668 3398 Pompeio;

524 3419 619 3483 sic
652 3422 724 3484 L.
746 3419 993 3484 Gellius
1020 3423 1091 3484 C.
1122 3420 1443 3503 Carboni3
1474 3419 1568 3483 sic
1589 3419 1660 3483 L.
1683 3419 2056 3507 Torquatus
2087 3417 2391 3482 Ciceroni
2417 3413 2664 3482 consuli

524 3529 1009 3594 contubernalis
1037 3529 1184 3593 fuit.
2597 3532 2605 3542 '

616 3635 733 3702 His
764 3635 1107 3716 omnibus,
1156 3657 1322 3723 quos
1352 3635 1670 3700 hactenus
1705 3635 2040 3717 recensui,
2075 3631 2390 3697 ministris
2417 3637 2533 3694 aut
2557 3627 2671 3694 ad-

529 3741 894 3824 jutoribus,
926 3740 1323 3832 adjungendi
1372 3757 1529 3806 sunt
1577 3741 1969 3830 jurisperiti,
2021 3761 2306 3828 quorum
2370 3736 2672 3815 consilio;

532 3849 693 3912 servi
721 3848 965 3938 publici
984 3897 1003 3930 ,
1033 3873 1315 3938 quorum
1345 3851 1539 3914 etiam
1571 3849 1936 3914 ministerio
1972 3846 2383 3936 magistratus
2415 3844 2676 3934 provin-

533 3953 721 4018 ciales
754 3971 1115 4021 uterentur.
1141 3957 1295 4020 Illos
1317 3980 1395 4021 ex
1426 3956 1603 4020 Urbe
1637 3979 1859 4020 secum
1893 3953 2243 4018 ducebant.
2267 3950 2351 4014 Hi
2383 3947 2678 4039 perpetui

535 4076 717 4123 erant
754 4068 817 4126 in
849 4062 1201 4148 provincia.
1228 4061 1569 4142 Ejusmodi
1602 4063 1873 4125 fuerunt
1894 4059 2158 4124 Venerii
2181 4058 2306 4138 illi,
2337 4055 2417 4120 de
2441 4054 2682 4144 quibus
