2984 4684
681 435 814 504 'IN
864 434 1302 505 VERREM
1349 435 1563 504 ACT.
1619 436 1972 528 II,·LIB.
2025 438 2129 506 ΙΙ.
2338 439 2479 524 483
2544 473 2553 478 ·

359 577 576 653 egero
595 565 646 642 ⁷,
680 556 958 652 inquit3
989 549 1362 652 negabunt
1397 557 1589 628 enim
1626 549 1877 628 omnes
1915 581 1990 629 se
2023 560 2337 656 coegisse
2375 587 2389 630 ε
2430 564 2487 633 si

361 689 478 736 me
515 664 789 736 salvum
825 689 977 737 esse
1007 667 1150 752 vis,
1191 665 1371 736 mihi
1413 667 1711 764 impone
1748 667 1957 736 istam
1996 671 2141 738 vim
2164 724 2183 753 ,
2220 684 2305 740 ut
2338 667 2491 741 otn-

361 778 542 847 nino
566 775 742 845 mihi
776 799 926 846 non
963 774 1175 847 liceat
1191 775 1537 874 polliceri.
1568 781 1673 848 Ex
1695 790 1820 870 tua
1849 791 2155 873 praetura
2173 781 2489 877 primum

359 900 532 958 nata
558 901 666 957 est
693 885 842 956 haec
861 887 1254 984 postulatio
1278 912 1294 955 τ
1318 910 1464 983 qua
1491 911 1721 983 quum
1748 899 2078 966 utuntur,
2100 886 2243 959 hoc
2276 889 2493 985 signi-

361 993 613 1082 ficant,
651 1007 868 1091 atque
904 993 1086 1065 ade'o
1125 1009 1372 1092 aperte
1413 993 1844 1084 ostendunt,
1895 1017 2050 1068 sese
2086 995 2177 1066 ad
2220 1012 2487 1070 statuas

362 1121 520 1176 tuas
563 1107 982 1203 pecuniam,
1027 1118 1230 1176 metu
1276 1129 1358 1175 ac
1393 1104 1585 1175 malo
1636 1119 1965 1193 coactoS,
2022 1105 2486 1178 invitissimos

362 1215 774 1286 contulisse.
815 1212 1045 1306 Quid,
1073 1216 1130 1284 si
1157 1214 1302 1285 hoc
1333 1239 1483 1284 non
1522 1213 1809 1286 dicant?
1845 1215 1971 1285 tibi
2008 1239 2159 1286 non
2195 1241 2487 1288 necesse

361 1325 453 1396 sit
473 1325 611 1422 ipsi
633 1323 706 1395 id
737 1321 1118 1395 confiteri?
1144 1323 1326 1396 Vide
1349 1379 1368 1413 ,
1398 1338 1469 1396 et
1499 1329 1862 1422 perspice,
1898 1350 2045 1421 qua
2068 1323 2490 1399 defensione

361 1434 454 1504 sis
485 1457 750 1505 usurus
789 1461 804 1503 ε
857 1457 1026 1521 nam
1063 1432 1414 1531 intelliges
1428 1428 1485 1522 ⁸,
1538 1433 1682 1506 hoc
1719 1434 1851 1505 tibi
1890 1434 1983 1506 de
2019 1439 2273 1508 statuis
2308 1461 2487 1510 con·-

363 1541 720 1616 fitendum
759 1565 934 1615 esse.

457 1657 638 1724 LXI.
705 1651 886 1722 Mihi
943 1655 1137 1724 enim
1191 1658 1683 1743 renuntiatur,
1726 1656 1823 1748 ita
1866 1659 2209 1728 constitui
2254 1683 2295 1726 a
2345 1661 2489 1730 tuis

366 1763 728 1862 patroniS,
756 1760 1174 1834 hominibus
1203 1763 1591 1860 ingeniosis
1612 1775 1663 1851 ¹,
1692 1789 1975 1835 causam
2013 1779 2241 1854 tuam,
2281 1780 2356 1836 et
2395 1768 2495 1838 ita

366 1897 490 1945 eos
526 1871 654 1945 abs
693 1887 763 1945 te
799 1875 1081 1946 institui
1115 1889 1188 1946 et
1224 1874 1467 1946 doceri
1496 1903 1513 1945 :
1547 1891 1630 1946 ut
1654 1877 1963 1973 quisque
2001 1901 2089 1948 ex
2120 1878 2494 1974 provincia

368 1984 605 2055 Sicilia
642 1987 926 2082 gravior
947 1982 1176 2055 homo
1209 1991 1430 2081 atque
1463 1977 1841 2057 honestior
1865 1985 2356 2058 testimonium
2382 2011 2497 2058 ve-
2581 2013 2591 2024 ·

367 2091 776 2164 hementius
830 2093 1128 2181 dixerit,
1183 2094 1390 2164 sicuti
1442 2095 1659 2167 Siculi
1718 2095 1927 2166 multi
1990 2095 2310 2194 primarii
2358 2097 2497 2166 viri

365 2201 594 2274 multa
633 2202 1004 2288 dixerunt,
1063 2216 1135 2273 te
1169 2206 1407 2275 statim
1444 2204 1587 2276 hoc
1622 2206 1773 2276 istis
1808 2206 1953 2276 tuis
1994 2203 2497 2277 defensoribus

367 2311 607 2384 dicere
654 2339 669 2382 ε
723 2343 756 2377 α
780 2314 1124 2383 inimicus
1168 2327 1276 2384 est
1312 2319 1730 2411 propterea,
1785 2313 1986 2411 quod
2035 2329 2277 2387 arator
2308 2330 2436 2388 est.
2463 2347 2499 2382 n

366 2425 619 2519 Itaque
647 2445 799 2492 uno
823 2445 1085 2516 genere
1105 2431 1161 2508 ²,
1188 2423 1474 2519 opinor,
1501 2422 2085 2495 circumscribere
2108 2423 2391 2496 habetis
2417 2427 2496 2497 in

369 2531 612 2602 animo
646 2553 874 2626 genus
904 2528 1048 2600 hoc
1078 2543 1442 2601 aratorum
1470 2583 1490 2618 ,
1528 2530 1729 2632 quod
1764 2555 1888 2601 eos
1929 2529 2211 2602 infenso
2256 2535 2499 2604 animo

339 2643 591 2738 'atque
617 2639 910 2709 inimico
946 2639 1223 2709 venisse
1253 2637 1535 2726 dicatiS,
1562 2641 1730 2736 quia
1766 2637 1982 2710 fuerit
2014 2643 2093 2710 in
2116 2639 2144 2684 ³
2176 2639 2499 2713 decumis

373 2751 506 2822 iste
525 2749 1038 2824 vehementior.
1060 2751 1252 2845 Ergo
1267 2763 1605 2836 aratores,
1624 2749 1899 2820 inimici
1916 2753 2228 2840 omnes4,
2248 2773 2502 2823 omnes

375 2861 756 2932 adversarii
789 2873 1002 2930 sunt:
1042 2881 1259 2930 nemo
1301 2850 1732 2964 eorumest',
1758 2861 1937 2958 quin
1964 2863 2233 2960 perisse
2260 2875 2333 2932 te
2366 2885 2498 2934 cu·

375 3116 804 3166 vehementissima
843 3113 1116 3179 dialogismi
1159 3115 1309 3161 sonna
1324 3148 1339 3172 ,
1365 3129 1394 3162 a
1554 3129 1603 3163 α.
1638 3115 1746 3164 Uno
1779 3128 1975 3181 genere.
2010 3117 2123 3164 Hoc
2155 3121 2259 3166 u'no
2294 3133 2502 3182 respon·

377 3197 554 3244 nostris
570 3197 717 3244 sacris
730 3193 1395 3258 ontoribns,praesertimque
1483 3191 1631 3242 dendi
1658 3192 1834 3257 modo,
1862 3195 2085 3260 cogitatis
2107 3196 2170 3244 ab
2196 3197 2504 3245 accusatione

377 3291 405 3322 a
423 3275 705 3324 Massiliam
729 3275 932 3322 feliciter
948 3275 1126 3339 πρίω
1142 3282 1390 3337 usurpata.
1481 3283 1693 3321 aratores
1731 3289 1995 3324 removere.
2034 3277 2144 3324 Hoc
2186 3275 2317 3324 enim
2356 3291 2501 3324 sensu

453 3371 500 3415 7.
527 3351 670 3401 Nihil
695 3368 853 3420 egem.
881 3351 1019 3401 Nihil
1049 3353 1393 3416 profecero.—
1481 3362 1556 3400 est
1578 3351 1989 3410 circumscribere,
2024 3353 2135 3402 Mil.
2160 3354 2247 3402 33.
2288 3354 2505 3422 Philipp.

380 3433 462 3481 Sic
515 3431 697 3498 optime
745 3425 889 3481 codd.
932 3433 1097 3482 Ursin.
1144 3443 1194 3480 et
1237 3433 1387 3481 Paris.
1480 3431 1632 3494 1111,
1650 3447 1697 3494 9.

379 3511 510 3561 Olim
526 3545 541 3568 ‚
571 3505 750 3566 «Nihil
771 3525 888 3573 ergo
907 3530 952 3559 ι.
979 3511 1012 3557 J
1017 3511 1109 3558 .V.
1133 3511 1193 3558 1..
1558 3511 1606 3556 3.
1630 3512 1692 3556 In
1727 3509 1957 3560 decumis.
1992 3510 2270 3576 Exigendis.
2308 3513 2383 3560 Ex
2408 3513 2505 3562 hoc

453 3591 504 3639 8.
550 3589 684 3638 Nam
731 3585 984 3652 intelliges.
1037 3585 1233 3635 Habent
1279 3587 1394 3638 edd.
1483 3599 1727 3637 aratorum
1752 3589 1870 3638 odio
1900 3590 2089 3638 laudem
2117 3600 2168 3640 et
2191 3591 2392 3654 gratiam
2412 3608 2505 3657 po-

380 3669 514 3718 Oliv.
541 3669 707 3716 Oxou.
729 3665 924 3715 Lallem.
949 3664 1076 3726 «jem
1099 3666 1336 3732 intelliges
1355 3661 1404 3714 »ξ
1482 3667 1592 3730 puli
1630 3683 1758 3719 rom.
1785 3667 1880 3715 eibi
1918 3679 2310 3733 comparaturum
2343 3687 2504 3735 spern-

381 3751 507 3799 J.V.
535 3749 589 3795 L.
1483 3744 1569 3793 bat
1587 3746 1793 3804 Verres,
1822 3745 1961 3810 quod
1977 3745 2156 3811 pluris,
2183 3763 2327 3812 quam
2356 3753 2503 3800 ceteri

449 3829 583 3875 Lxl.
613 3841 658 3872 ι.
685 3824 798 3873 Tuis
821 3823 1062 3890 patronis.
1105 3825 1396 3885 Hortensio,
1486 3823 1712 3873 decumas
1751 3825 2047 3875 vendidisset
2085 3835 2135 3875 et
2177 3843 2331 3893 remp.
2376 3829 2501 3879 adeo

384 3907 618 3964 Curione,
662 3914 710 3952 et
754 3904 951 3952 Sisenna
966 3939 981 3964 ,
1016 3915 1065 3952 ct
1102 3903 1236 3965 aliis,
1273 3920 1398 3969 quos
1485 3903 1701 3952 ditasset.
1731 3906 1800 3953 At
1837 3906 2026 3970 egregie
2049 3905 2175 3954 hane
2202 3906 2307 3968 ejus
2334 3908 2507 3959 defen-

384 3997 472 4050 μοι·
515 3983 876 4051 oppositionem
917 3992 1060 4032 vocnt
1102 3984 1398 4048 ingeniosos.
1486 3984 1673 4033 sionem
1692 3985 1867 4032 refutat
1885 3985 2057 4034 Cicero
2072 3989 2217 4036 Verr-
2242 3988 2341 4048 111,
2367 3988 2427 4037 de
2453 4005 2505 4036 re

384 4063 522 4114 Nihil
545 4066 673 4116 enim
696 4065 827 4112 acuti
846 4062 994 4112 habet
1009 4063 1118 4124 ina,
1140 4079 1286 4130 quam
1311 4079 1399 4114 ex-
1489 4063 1813 4112 frumentaria.
1832 4050 1839 4058 ⁶

386 4143 738 4208 cogitaverant,
763 4142 995 4193 defensio.
1564 4149 1612 4198 4.
1650 4139 1729 4191 Sic
1768 4139 2033 4202 edidimus,
2070 4154 2183 4206 post
2225 4137 2438 4196 hucin„
2463 4153 2513 4192 et

2157 4223 2271 4298 31.
