2984 4684
413 341 420 348 ’
499 369 638 457 524
1283 371 1845 441 ExcURsUs

582 495 876 560 Potestas
911 493 1354 582 cognitionem
1373 541 1392 573 ,
1428 508 1496 557 et
1526 491 1935 556 curationem
1970 489 2309 577 complexa
2340 506 2461 554 est.

579 601 887 690 Cognitio
927 617 1042 666 aut
1076 599 1430 666 domestica
1472 601 1630 678 fuit,
1662 614 1775 664 aut
1821 596 2175 688 popularis.
2232 599 2642 680 Domestica,

489 709 660 772 intra
688 707 1064 795 praetorium
1083 755 1102 790 ,
1134 723 1199 770 et
1227 707 1294 770 in
1331 705 1670 787 cubiculo,
1696 706 1975 794 querelis
2006 702 2501 791 provincialium
2530 727 2647 768 au-

489 812 776 894 diendis,
802 812 1190 878 admittente
1223 813 1623 878 cubiculario
1644 861 1663 894 ,
1688 827 1785 876 est
1812 824 2197 898 consumpta
2226 832 2242 872 τ
2278 809 2642 898 popularia,

487 919 556 982 in
577 919 834 982 basilica
851 967 870 1001 ,
896 935 1091 1007 atque
1112 919 1176 982 in
1203 917 1547 995 tribunali,
1582 917 1809 982 scribis
1828 965 1846 999 ,
1878 915 2198 997 accensis,
2224 915 2645 1003 praeconibus

489 1040 556 1088 et
583 1025 922 1088 lictoribus
964 1025 1444 1115 apparentibus·
1498 1024 1857 1111 Utriusque
1900 1021 2201 1085 meminit
2242 1020 2507 1100 Cicero,
2554 1022 2643 1084 ad

488 1131 573 1214 Q.
599 1130 706 1193 Fr.
741 1131 774 1194 1
796 1179 817 1212 ,
865 1131 1051 1219 epist.
1090 1155 1146 1196 1.
1197 1133 1561 1220 Utramque
1596 1147 1817 1194 autem
1850 1145 2239 1218 potestatem
2274 1149 2407 1192 nou
2446 1143 2599 1191 ante
2620 1177 2641 1210 ,

491 1261 684 1325 quam
722 1238 1124 1326 provinciam
1176 1261 1360 1302 suam
1407 1239 1802 1327 attigissent,
1856 1257 2073 1323 neque
2106 1233 2299 1314 alibi,
2336 1255 2533 1320 quam
2569 1235 2639 1298 in

487 1345 820 1431 provincia
865 1368 980 1410 sua
1013 1368 1309 1410 exercere
1341 1361 1667 1434 poterant.
1699 1342 1957 1431 Ulpian.
1996 1341 2243 1430 Digest.
2282 1338 2393 1403 lib.
2427 1339 2459 1402 1
2480 1389 2499 1421 ,
2534 1341 2637 1405 tit.

497 1450 575 1514 16
593 1499 610 1531 ‚
647 1451 691 1514 l.
727 1474 774 1513 1.

575 1555 664 1619 Ut
696 1572 916 1620 autem
957 1571 1240 1646 potestas
1276 1581 1350 1622 ea
1391 1554 1741 1622 commode
1786 1568 2215 1633 exerceretur,
2258 1553 2637 1616 institutum

483 1676 622 1726 erat
650 1677 725 1724 ut
755 1678 958 1726 certas
989 1663 1057 1726 in
1086 1679 1298 1750 partes
1316 1710 1335 1744 ,
1369 1685 1488 1726 seu
1523 1661 1827 1726 dioeceses
1858 1658 1881 1746 [
1908 1660 2053 1749 gall.
2078 1673 2309 1722 resson
2326 1705 2347 1738 ,
2368 1656 2641 1721 §tendite

484 1767 569 1830 de
583 1768 1034 1856 junii-diction]
1066 1769 1414 1858 provinciae
1431 1766 1897 1847 dividerentur,
1916 1781 2111 1852 atque
2139 1764 2209 1828 in
2234 1764 2311 1827 iis
2338 1764 2637 1851 partibus

485 1889 706 1938 essent
735 1873 1009 1962 oppida,
1043 1875 1109 1937 in
1151 1875 1392 1963 quibus
1421 1875 1531 1954 jus
1564 1873 1807 1936 diceret
1840 1871 2249 1960 magistratus
2281 1891 2593 1933 romanus
2614 1917 2633 1950 ‚

490 1979 772 2043 evocatis
821 2003 903 2044 eo
959 1981 1274 2044 nimirum
1331 1978 1867 2068 provincialibus,
1928 1977 2044 2065 qui
2090 1978 2229 2057 ejus
2282 1973 2637 2040 dioeceseos

487 2101 724 2148 essent.
755 2085 938 2171 [Gall.
961 2093 1073 2174 qui
1091 2085 1328 2150 etaient
1363 2086 1442 2149 de
1471 2110 1541 2149 ce
1570 2085 1837 2172 renota]
1864 2082 2121 2172 Oppida
2152 2083 2245 2146 sic
2276 2082 2633 2146 constituta

478 2190 615 2270 juri
649 2189 939 2256 dicundo
961 2193 1030 2255 in
1063 2193 1414 2280 provinciis
1435 2243 1452 2274 ,
1482 2193 1621 2255 sora
1641 2239 1659 2272 ,
1684 2214 1803 2255 seu
1834 2207 2197 2254 conventus
2226 2187 2631 2254 dicebantur.

486 2295 652 2361 Plin.
685 2296 813 2378 111,
866 2321 924 2380 1,
965 2297 1314 2378 «juridicos
1363 2314 1805 2378 conventus»,
1842 2312 1910 2361 et
1929 2296 2010 2376 V,
2051 2297 2169 2376 28,
2200 2295 2637 2375 «jurisdictio-

484 2423 667 2483 nes»,
701 2419 767 2466 et
795 2425 934 2492 cap.
965 2425 1098 2491 seq.
1127 2420 1528 2468 «conventus
1552 2433 1608 2486 n,
1644 2402 1941 2492 appellat.
1975 2402 2257 2480 Forum,
2306 2423 2423 2464 seu
2468 2422 2633 2464 con-

481 2521 753 2572 ventum
793 2531 983 2598 agere
1028 2531 1262 2598 praeses
1308 2509 1681 2591 dicebatur,
1728 2529 1935 2596 quum
1990 2507 2059 2570 in
2107 2529 2245 2571 uno
2292 2507 2509 2593 aliquo
2552 2529 2635 2570 ex

483 2612 584 2676 his
625 2615 882 2704 oppidis
913 2617 1020 2697 jus
1053 2614 1327 2680 dicebat.

574 2719 678 2784 Ad
723 2737 1124 2786 conventum
1169 2722 1593 2811 provinciales
1640 2723 2081 2788 evocabantur
2126 2719 2343 2784 edicto
2370 2768 2389 2803 ,
2448 2720 2631 2807 quod

482 2847 717 2912 praeses
758 2850 876 2914 per
919 2829 1140 2893 omnia
1192 2829 1428 2918 oppida
1449 2875 1468 2911 ,
1513 2852 1659 2917 quae
1695 2830 1819 2892 illis
1851 2827 2283 2892 conventibus
2316 2826 2629 2890 attributa

480 2946 666 2994 erant
694 2979 711 3012 ‚
766 2949 880 2996 aut
931 2935 1126 2997 etiam
1182 2957 1300 3023 per
1335 2950 1542 3000 totam
1598 2933 1997 3024 provinciam
2022 2981 2040 3013 ,
2098 2933 2203 2996 die
2254 2949 2429 2996 certa
2476 2933 2627 2996 foro

479 3036 736 3124 agendo
766 3041 1118 3104 constituta
1137 3089 1157 3122 ,
1191 3043 1621 3130 proponebat.
1654 3043 1863 3105 Caesar
1895 3037 1977 3103 de
1998 3043 2068 3104 B.
2103 3040 2243 3104 Civ.
2268 3041 2331 3103 11
2356 3087 2375 3122 ,
2414 3060 2513 3124 19.

573 3143 689 3206 His
723 3143 812 3207 ita
843 3147 1252 3228 constitutis,
1284 3163 1400 3210 aut
1429 3170 1565 3210 uno
1598 3149 1668 3210 in
1690 3146 1936 3235 oppido
1972 3146 2191 3234 plures
2226 3161 2626 3224 conventus»,

483 3264 598 3311 aut
625 3248 692 3311 in
731 3251 1002 3339 singulis
1037 3253 1328 3341 singulos
1373 3254 1639 3341 agebat,
1684 3268 1883 3340 atque
1920 3273 2149 3316 omnes
2184 3249 2625 3339 percurrebat.

481 3353 945 3419 Verumtamen
979 3357 1272 3446 singulos
1305 3375 1665 3422 conventus
1694 3357 1895 3447 vulgo
1919 3381 1955 3421 a
1980 3373 2256 3445 praetore
2288 3356 2633 3445 perlustra-

483 3475 584 3544 tos
620 3460 821 3526 fuisse
853 3464 1152 3529 existimo
1171 3513 1188 3546 ‚
1226 3463 1406 3552 quod
1433 3465 1501 3530 id
1537 3465 1662 3529 fuit
1688 3464 1771 3529 ad
1804 3463 2155 3554 provinciae
2202 3463 2483 3527 rationes
2516 3485 2628 3526 ac·

481 3567 980 3632 commodatius.
1005 3570 1232 3651 Quum
1265 3585 1486 3633 autem
1515 3569 1949 3634 conventibus
1980 3567 2265 3648 indictis,
2296 3582 2363 3631 et
2394 3589 2633 3631 convo·-

481 3672 640 3734 catis
663 3719 680 3754 ,
713 3691 1023 3762 praetores
1059 3675 1178 3739 alia
1214 3674 1426 3758 domi,
1469 3677 1591 3740 alia
1622 3678 1692 3740 in
1728 3678 1874 3740 foro
1922 3689 2423 3762 cognoscerent3
2485 3695 2633 3760 quae

485 3775 668 3841 domi
703 3783 1264 3871 transigebantur,
1315 3805 1389 3846 ea
1441 3783 1577 3847 fere
1613 3805 1732 3870 per
1766 3782 2119 3870 diplomata
2156 3779 2403 3843 annulo
2450 3778 2630 3843 obsi-

485 3899 680 3971 gnata
714 3885 1234 3974 perficiebantur.
1261 3890 1396 3954 Cic.
1429 3890 1498 3952 in
1536 3889 1664 3952 Pis.
1694 3889 1951 3976 passim.
1990 3887 2153 3968 Quae
2188 3907 2343 3949 vero
2382 3885 2449 3947 in
2482 3885 2631 3948 foro

485 3991 744 4086 cognita
773 4009 972 4074 sunt,
1002 4017 1076 4058 ea
1107 4011 1312 4060 totam
1348 3993 1871 4082 jurisdictionem
1908 3994 2244 4081 complexa
2289 4006 2464 4054 sunt.
2514 3991 2631 4052 Ju-

490 4095 778 4161 risdictio
809 4115 1030 4164 autem
1075 4103 1238 4166 nihil
1273 4101 1448 4167 aliud
1487 4101 1656 4184 fuit,
1713 4124 1911 4189 quam
1954 4114 2238 4189 potestas
2282 4096 2447 4178 juris
2491 4096 2630 4176 ejus
