2984 4684
430 373 571 445 308
1068 372 1165 439 Μ.
1216 370 1295 437 Τ.
1352 368 1914 440 CICERONIS

429 494 606 563 titus
642 513 719 561 es
750 517 767 559 ε
806 486 1067 587 obtigit
1104 486 1239 558 tibi
1268 488 1739 579 consularis²,
1771 504 1859 561 ut
1893 513 2062 561 cum
2098 490 2398 563 consule
2432 496 2566 563 Cn.

434 600 773 674 Carbone
818 621 1046 685 esseS‚
1102 622 1410 695 eamque
1460 601 1906 697 provinciam
1957 600 2350 674 obtinereS.
2399 608 2574 675 Erat

433 727 595 807 tum
629 709 979 782 dissensio
1004 704 1033 751 ³
1072 712 1379 795 civium3
1432 708 1524 781 de
1565 734 1712 808 qua
1757 709 1940 781 nihil
1994 736 2156 781 sum
2207 711 2577 800 dicturus,

434 821 615 922 quid
646 819 913 894 sentire
946 817 1331 891 debueris:
1376 844 1610 891 unum
1660 820 1803 892 hoc
1851 820 2056 908 dico,
2091 821 2168 891 in
2215 822 2578 920 ejusmodi

435 950 766 1031 tempore
793 955 877 1003 ac
908 945 1104 1002 sorte
1122 932 1152 981 '⁴
1188 942 1506 1003 statuere
1536 946 1608 1004 te
1641 931 2016 1020 debuisse,
2047 946 2296 1004 utrum
2329 932 2581 1005 malles

436 1046 702 1117 sentire
736 1057 955 1140 atque
989 1038 1383 1113 defendere
1400 1039 1451 1113 ⁵.
1476 1042 1715 1115 Carbo
1747 1044 2053 1141 graviter
2091 1042 2402 1132 ferebat,
2439 1042 2581 1116 sibi

434 1168 867 1253 quaestorem
906 1150 1249 1249 obtigisse
1269 1207 1290 1240 ‚
1348 1152 1722 1226 hominem
1766 1154 2109 1253 singulari
2143 1155 2432 1227 luxuria
2471 1168 2581 1226 at·

346 1265 356 1278 “
438 1290 583 1365 que
647 1265 909 1336 inertia
959 1290 975 1333 ε
1030 1277 1532 1335 verumtamen
1575 1263 1886 1335 ornabat
1941 1288 2114 1335 eum
2163 1260 2584 1335 beneficiis⁶

436 1372 799 1447 omnibus.
834 1376 943 1445 Ne
976 1372 1250 1445 diutius
1278 1388 1564 1445 teneam
1586 1429 1607 1464 ‚
1647 1374 1956 1474 pecunia
1999 1374 2348 1447 attributa
2361 1386 2415 1461 ⁷,
2449 1399 2586 1445 nu-

434 1500 709 1557 merata
730 1497 838 1556 est
858 1511 877 1572 ;
908 1479 1279 1582 profectus
1303 1498 1413 1556 est
1436 1499 1753 1581 quaestor
1779 1485 1858 1555 in
1879 1475 2362 1583 provinciam3
2389 1485 2590 1555 venit

436 1599 511 1669 in
548 1596 857 1671 Galliam
884 1608 1338 1693 exspectatus
1374 1594 1465 1666 ad
1496 1597 1896 1667 exereitum
1926 1596 2385 1668 consularem
2417 1619 2588 1667 cum

435 1706 763 1805 pecunia.
796 1703 1023 1776 Simul
1052 1728 1137 1775 ac
1172 1706 1491 1802 primum
1520 1707 1586 1777 ei
1620 1708 1906 1778 occasio
1944 1710 2096 1777 visa
2133 1719 2242 1778 est
2267 1705 2586 1804 (cogno-

442 1819 618 1889 scite
670 1814 991 1887 hominis
1035 1816 1477 1913 principium
1517 1817 2062 1915 magistratuum
2099 1815 2586 1913 gerendorum

444 1940 518 1997 et
536 1923 951 2023 reipublicae
977 1924 1613 2023 administrandae),
1631 1952 1878 1999 aversa
1901 1922 2248 2027 ⁸pecunia
2273 1926 2592 2025 publica,

446 2050 767 2136 quaestor
794 2034 1171 2107 consulem
1192 2090 1211 2123 ‚
1236 2039 1674 2127 exercitum,
1701 2052 1972 2110 sortem
1998 2039 2597 2136 provinciamque

444 2146 784 2219 deseruit.
812 2143 1045 2217 Video
1066 2144 1245 2243 quid
1271 2148 1546 2245 egerim
1580 2174 1596 2217 τ
1630 2150 1842 2247 erigit
1867 2174 1972 2237 se;
2007 2163 2284 2247 sperat,
2313 2147 2450 2219 sibi
2475 2172 2598 2219 au-

444 2282 599 2331 ram
618 2269 649 2317 9
680 2280 897 2355 posse
915 2254 1231 2353 aliquam
1256 2254 1522 2345 afflari,
1548 2260 1626 2328 in
1663 2259 1808 2331 hoc
1839 2260 2142 2331 crimine
2160 2312 2180 2346 ‚
2202 2258 2598 2330 voluntatis

450 2369 1033 2464 assensionisque
1054 2378 1116 2411 ¹⁰
1144 2390 1440 2456 eorum,
1468 2366 1740 2465 quibus
1773 2372 1906 2440 Cn.
1937 2366 2290 2440 Carbonis
2325 2366 2599 2438 mortui

519 2584 571 2619 2.
591 2566 884 2617 Consularis.
900 2568 971 2616 Ea
988 2578 1089 2616 erat
1113 2584 1225 2631 que
1247 2582 1275 2615 a
1303 2584 1477 2617 conan-

448 2648 539 2697 lari
560 2650 701 2708 vix-03
719 2646 963 2711 pret-toria
977 2662 1095 2695 vero
1115 2662 1224 2711 quae
1248 2664 1277 2694 a
1303 2660 1482 2713 praeto-

1569 2586 1681 2634 qnae
1705 2570 1946 2634 assignata
1971 2580 2103 2619 erat:
2120 2568 2253 2617 unde
2277 2556 2464 2632 tribuni
2481 2580 2600 2615 era·

1569 2650 1631 2697 rii
1653 2648 1792 2707 dicti,
1806 2648 1988 2713 quibus
2003 2647 2237 2697 attributa
2253 2657 2358 2695 erat
2373 2646 2602 2711 pecunia,

451 2730 531 2776 rio
568 2726 838 2791 regebatur.
858 2726 986 2775 Vide
1020 2726 1164 2791 plura
1186 2725 1250 2774 ad
1272 2738 1396 2775 orat.
1418 2726 1483 2775 de

452 2806 715 2857 vat'nciis
744 2804 1099 2855 consularibus.

524 2890 553 2935 3
564 2922 577 2935 .
607 2883 873 2934 Dissensio.
893 2884 1173 2933 Verborum
1192 2886 1393 2935 lenitate
1412 2886 1483 2933 rei

456 2966 705 3016 tristitiam
732 2964 941 3028 mitigat.
979 2964 1169 3013 Bellum
1201 2976 1303 3012 erat
1337 2965 1482 3015 civile

433 3062 439 3070 ·
456 3046 729 3095 Marianum
747 3078 761 3102 ,
787 3043 926 3109 quod
946 3045 1181 3092 atrociter
1204 3055 1390 3109 gestum
1410 3056 1484 3095 eet

458 3127 521 3175 ab
546 3140 677 3175 anno
702 3124 803 3173 663
830 3122 896 3172 ad
920 3124 1043 3186 671.
1067 3123 1199 3175 Flor.
1218 3126 1319 3185 111,
1348 3142 1432 3173 αι.

532 3216 582 3261 4.
608 3206 764 3253 Sorte.
790 3198 1088 3251 Provinciali
1112 3202 1489 3253 administratio-

458 3301 551 3347 ne;
578 3299 691 3348 qua
718 3282 810 3330 tibi
836 3292 964 3330 sorte
992 3282 1250 3346 obtigerat.

534 3364 583 3413 5.
622 3362 797 3410 Malles
829 3358 1108 3425 defendere.
1150 3364 1223 3411 Ut
1268 3362 1374 3427 lege
1406 3362 1491 3411 ina

459 3441 619 3493 nobili
662 3440 857 3490 Solonis
892 3439 1206 3490 Atheniensis
1222 3476 1237 3501 ,
1275 3458 1387 3507 quae
1420 3458 1493 3491 ee-

459 3523 563 3588 pite
578 3520 835 3588 puniebat,
855 3520 897 3567 ai
915 3520 1025 3583 quis
1039 3520 1093 3567 in
1114 3521 1374 3581 seditione,
1389 3538 1493 3570 non

462 3601 739 3651 alterutrius
755 3601 909 3666 partis
926 3599 1115 3649 fuisset.

536 3683 587 3729 6.
605 3681 770 3745 Vulgo
794 3680 909 3728 inde
932 3679 1201 3729 aVictorio
1226 3679 1498 3729 addebatur

468 3784 493 3803 ιι
511 3758 785 3824 officiieque
803 3781 846 3807 a».
886 3760 1084 3809 Delevit
1108 3761 1297 3809 Ernest.
1325 3771 1496 3808 aucto-

466 3840 609 3888 ritate
634 3838 784 3886 codd.
800 3850 850 3887 et
872 3839 987 3888 edd.
1006 3850 1133 3889 vett.
1155 3838 1389 3893 Defendit
1414 3854 1498 3887 au-

469 3930 567 3967 tem
594 3918 827 3965 Gai-aton.

545 4016 592 4060 7.
608 3997 876 4045 Ater-ibam.
894 3998 971 4045 Ex
988 3997 1119 4047 scio
1138 3996 1394 4061 assignata.
1418 3997 1498 4045 Sic

469 4078 662 4127 Varro:
699 4098 724 4119 ‹-
740 4074 973 4126 attributa
998 4078 1205 4139 pecunia
1245 4076 1500 4127 dicebatur

1570 2744 1681 2792 quae
1702 2728 1940 2776 militibus
1963 2726 2247 2776 redderetur
2257 2748 2303 2774 ι.

1645 2808 1693 2856 8.
1721 2810 1925 2856 Aversa.
1952 2808 2070 2856 Alio
2091 2824 2246 2856 versa.
2271 2808 2464 2856 Notum
2481 2805 2604 2867 juris

1571 2884 1776 2935 verbum
1796 2923 1813 2948 ,
1849 2885 1912 2935 de
1937 2902 2040 2950 quo
2064 2886 2198 2935 conf.
2227 2886 2278 2935 J.
2299 2890 2355 2935 F.
2378 2886 2604 2935 Gronov.

1571 2965 1778 3015 Observ.
1799 2968 1888 3027 w,
1913 2967 1964 3013 5.

1643 3062 1694 3109 9.
1733 3048 1941 3093 Auram.
1979 3041 2268 3109 Meta-phora
2313 3060 2343 3091 a
2391 3044 2608 3109 zephyro

1575 3124 1746 3184 ducta,
1773 3140 1876 3189 quo
1899 3121 2047 3172 afflati
2067 3140 2340 3172 recreamur
2361 3132 2482 3171 aestu
2503 3123 2604 3170 lan-

1576 3216 1794 3267 guentes.
1823 3206 2002 3253 Sensus
2029 3216 2137 3253 est:
2169 3202 2344 3269 Sperat
2367 3202 2482 3250 illos
2513 3200 2612 3248 sibi

1577 3282 1941 3349 quodammodo
1971 3286 2220 3344 fauturos,
2247 3283 2334 3347 qui
2369 3282 2463 3331 Cn.
2491 3280 2614 3329 Car-

1579 3363 1762 3411 bonem
1787 3374 2088 3413 aversantur.
2111 3366 2270 3411 Porro
2303 3364 2394 3413 Cu.
2421 3360 2612 3420 Carbo,

1581 3442 1816 3492 Cinnanae
1842 3440 2069 3491 factionis
2095 3442 2200 3491 dux
2215 3476 2232 3500 ,
2266 3441 2466 3491 tertium
2498 3455 2617 3487 con-

1581 3518 1689 3582 sul,
1715 3518 1907 3570 occisus
1939 3532 2012 3570 eat
2041 3538 2070 3570 a
2107 3522 2348 3585 Pompeio
2367 3521 2423 3568 in
2449 3518 2616 3567 Sicilia

1583 3604 1651 3651 A.
1669 3600 1734 3652 U.
1755 3600 1813 3650 C.
1834 3604 1900 3664 67
1913 3619 1955 3650 1.

1663 3698 1684 3729 1
1692 3699 1744 3731 ο.
1761 3682 2182 3746 Assensionisque.
2193 3680 2274 3731 Sic
2287 3681 2472 3746 optime
2480 3681 2622 3728 Man.

1585 3760 1778 3811 Ern.At
1791 3760 2199 3826 dissensionisque
2211 3765 2379 3809 Frane.
2399 3776 2420 3808 1
2431 3794 2444 3807 .
2453 3756 2624 3809 Guelf-

1585 3838 1756 3902 Cujac.
1789 3840 1906 3890 edd.
1939 3840 2098 3907 princ.
2127 3842 2288 3889 Graev.
2319 3836 2469 3887 Male.
2494 3838 2622 3887 Nam

1585 3918 1858 3970 voluntatis
1879 3933 1929 3970 et
1953 3920 2245 3969 assensionis
2271 3930 2384 3967 sunt
2401 3934 2625 3984 synony-

1585 4014 1692 4058 ma,
1728 4011 1778 4048 et
1811 4010 2074 4064 utrumque
2103 3982 2311 4047 refertur
2337 3998 2401 4047 ad
2429 4012 2624 4045 auram.

1589 4080 1838 4129 Sententia
1864 4080 1992 4129 euim
2018 4090 2118 4141 est,
2143 4094 2339 4145 sperare
2355 4081 2555 4128 Verrem
2573 4090 2626 4123 se
