<?xml version="1.0" encoding="UTF-8"?>
<!DOCTYPE html PUBLIC "-//W3C//DTD XHTML 1.0 Transitional//EN"
    "http://www.w3.org/TR/xhtml1/DTD/xhtml1-transitional.dtd">
<html xmlns="http://www.w3.org/1999/xhtml" xml:lang="en" lang="en">
 <head>
  <title>
</title>
<meta http-equiv="Content-Type" content="text/html;charset=utf-8" />
  <meta name='ocr-system' content='tesseract 3.04.00' />
  <meta name='ocr-capabilities' content='ocr_page ocr_carea ocr_par ocr_line ocrx_word'/>
</head>
<body>
  <div class='ocr_page' id='page_1' title='image "./mtciceronisquae03lemagoog_0246.png"; bbox 0 0 2984 4684; ppageno 0'>
   <div class='ocr_carea' id='block_1_1' title="bbox 405 350 1899 438">
    <p class='ocr_par' dir='ltr' id='par_1_1' title="bbox 405 350 1899 438">
     <span class='ocr_line' id='line_1_1' title="bbox 405 350 1899 438; baseline -0.013 -2"><span class='ocrx_word' id='word_1_1' title='bbox 405 362 550 438; x_wconf 81' lang='lat'>206</span> <span class='ocrx_word' id='word_1_2' title='bbox 1031 354 1128 423; x_wconf 88' lang='lat' dir='ltr'>M.</span> <span class='ocrx_word' id='word_1_3' title='bbox 1179 352 1260 418; x_wconf 95' lang='lat' dir='ltr'>T.</span> <span class='ocrx_word' id='word_1_4' title='bbox 1311 350 1899 421; x_wconf 86' lang='lat' dir='ltr'>CICERONIS</span> 
     </span>
    </p>
   </div>
   <div class='ocr_carea' id='block_1_2' title="bbox 395 468 2577 3327">
    <p class='ocr_par' dir='ltr' id='par_1_2' title="bbox 395 468 2539 910">
     <span class='ocr_line' id='line_1_2' title="bbox 395 468 2539 568; baseline -0.008 -6"><span class='ocrx_word' id='word_1_5' title='bbox 395 490 608 561; x_wconf 84' lang='lat' dir='ltr'>Verri</span> <span class='ocrx_word' id='word_1_6' title='bbox 635 478 918 555; x_wconf 85' lang='lat' dir='ltr'>crimini</span> <span class='ocrx_word' id='word_1_7' title='bbox 947 472 1254 545; x_wconf 88' lang='lat' dir='ltr'>daturus</span> <span class='ocrx_word' id='word_1_8' title='bbox 1285 493 1444 541; x_wconf 89' lang='lat' dir='ltr'>sum</span> <span class='ocrx_word' id='word_1_9' title='bbox 1471 522 1492 553; x_wconf 81' lang='grc'><em>,</em></span> <span class='ocrx_word' id='word_1_10' title='bbox 1516 468 1719 566; x_wconf 89' lang='lat' dir='ltr'>quod</span> <span class='ocrx_word' id='word_1_11' title='bbox 1752 483 1825 541; x_wconf 90' lang='lat' dir='ltr'>te</span> <span class='ocrx_word' id='word_1_12' title='bbox 1854 494 2005 541; x_wconf 88' lang='lat' dir='ltr'>non</span> <span class='ocrx_word' id='word_1_13' title='bbox 2045 468 2539 568; x_wconf 83' lang='lat' dir='ltr'><strong>prohibuerit,</strong></span> 
     </span>
     <span class='ocr_line' id='line_1_3' title="bbox 400 579 2538 697; baseline -0.007 -27"><span class='ocrx_word' id='word_1_14' title='bbox 400 619 632 697; x_wconf 88' lang='lat' dir='ltr'>quum</span> <span class='ocrx_word' id='word_1_15' title='bbox 677 609 1034 663; x_wconf 87' lang='lat' dir='ltr'>summam</span> <span class='ocrx_word' id='word_1_16' title='bbox 1075 584 1230 680; x_wconf 89' lang='lat' dir='ltr'>ipse</span> <span class='ocrx_word' id='word_1_17' title='bbox 1270 579 1575 652; x_wconf 83' lang='lat' dir='ltr'>haberet</span> <span class='ocrx_word' id='word_1_18' title='bbox 1620 593 2053 677; x_wconf 85' lang='lat' dir='ltr'>potestatem</span> <span class='ocrx_word' id='word_1_19' title='bbox 2092 606 2109 649; x_wconf 73' lang='grc' dir='ltr'><strong><em>ε</em></strong></span> <span class='ocrx_word' id='word_1_20' title='bbox 2158 595 2241 651; x_wconf 85' lang='lat' dir='ltr'>tu</span> <span class='ocrx_word' id='word_1_21' title='bbox 2284 600 2538 656; x_wconf 87' lang='lat' dir='ltr'>contra</span> 
     </span>
     <span class='ocr_line' id='line_1_4' title="bbox 403 688 2537 802; baseline -0.004 -27"><span class='ocrx_word' id='word_1_22' title='bbox 403 734 498 781; x_wconf 87' lang='lat' dir='ltr'>ne</span> <span class='ocrx_word' id='word_1_23' title='bbox 554 728 716 802; x_wconf 84' lang='lat' dir='ltr'>quae</span> <span class='ocrx_word' id='word_1_24' title='bbox 755 699 874 770; x_wconf 83' lang='lat' dir='ltr'>ille</span> <span class='ocrx_word' id='word_1_25' title='bbox 913 692 1214 794; x_wconf 86' lang='lat' dir='ltr'>quidem</span> <span class='ocrx_word' id='word_1_26' title='bbox 1262 689 1433 763; x_wconf 88' lang='lat' dir='ltr'>fecit</span> <span class='ocrx_word' id='word_1_27' title='bbox 1471 688 1815 785; x_wconf 87' lang='lat' dir='ltr'>objicies,</span> <span class='ocrx_word' id='word_1_28' title='bbox 1858 716 1953 763; x_wconf 88' lang='lat' dir='ltr'>ne</span> <span class='ocrx_word' id='word_1_29' title='bbox 2001 716 2148 789; x_wconf 89' lang='lat' dir='ltr'>qua</span> <span class='ocrx_word' id='word_1_30' title='bbox 2198 718 2289 765; x_wconf 84' lang='lat' dir='ltr'>ex</span> <span class='ocrx_word' id='word_1_31' title='bbox 2332 710 2537 793; x_wconf 86' lang='lat' dir='ltr'>parte</span> 
     </span>
     <span class='ocr_line' id='line_1_5' title="bbox 403 801 1585 910; baseline -0.017 -20"><span class='ocrx_word' id='word_1_32' title='bbox 403 814 840 910; x_wconf 85' lang='lat' dir='ltr'>conjunctus</span> <span class='ocrx_word' id='word_1_33' title='bbox 879 828 1044 877; x_wconf 89' lang='lat' dir='ltr'>cum</span> <span class='ocrx_word' id='word_1_34' title='bbox 1083 826 1172 873; x_wconf 90' lang='lat' dir='ltr'>eo</span> <span class='ocrx_word' id='word_1_35' title='bbox 1207 801 1585 899; x_wconf 79' lang='lat' dir='ltr'>reperiare.</span> 
     </span>
    </p>

    <p class='ocr_par' dir='ltr' id='par_1_3' title="bbox 403 906 2561 2236">
     <span class='ocr_line' id='line_1_6' title="bbox 498 906 2543 1015; baseline -0.006 -19"><span class='ocrx_word' id='word_1_36' title='bbox 498 921 698 1015; x_wconf 90' lang='lat' dir='ltr'><strong>Quid</strong></span> <span class='ocrx_word' id='word_1_37' title='bbox 747 918 897 1002; x_wconf 78' lang='lat' dir='ltr'>illa,</span> <span class='ocrx_word' id='word_1_38' title='bbox 957 912 1194 986; x_wconf 77' lang='lat' dir='ltr'>caecili</span> <span class='ocrx_word' id='word_1_39' title='bbox 1223 912 1254 983; x_wconf 74' lang='lat' dir='ltr'>i&gt;</span> <span class='ocrx_word' id='word_1_40' title='bbox 1323 906 1955 983; x_wconf 83' lang='lat' dir='ltr'>contemnendane</span> <span class='ocrx_word' id='word_1_41' title='bbox 2010 909 2143 982; x_wconf 91' lang='lat' dir='ltr'>tibi</span> <span class='ocrx_word' id='word_1_42' title='bbox 2201 911 2543 984; x_wconf 81' lang='lat' dir='ltr'>videntur</span> 
     </span>
     <span class='ocr_line' id='line_1_7' title="bbox 405 1018 2541 1125; baseline -0.006 -20"><span class='ocrx_word' id='word_1_43' title='bbox 405 1060 592 1121; x_wconf 78' lang='lat' dir='ltr'>esse,</span> <span class='ocrx_word' id='word_1_44' title='bbox 635 1037 790 1104; x_wconf 88' lang='lat' dir='ltr'>sine</span> <span class='ocrx_word' id='word_1_45' title='bbox 834 1024 1104 1125; x_wconf 89' lang='lat' dir='ltr'>quibus</span> <span class='ocrx_word' id='word_1_46' title='bbox 1145 1046 1360 1093; x_wconf 86' lang='lat' dir='ltr'>causa</span> <span class='ocrx_word' id='word_1_47' title='bbox 1403 1021 1783 1105; x_wconf 84' lang='lat' dir='ltr'>sustineri,</span> <span class='ocrx_word' id='word_1_48' title='bbox 1822 1022 2219 1117; x_wconf 84' lang='lat' dir='ltr'>praesertim</span> <span class='ocrx_word' id='word_1_49' title='bbox 2267 1036 2465 1092; x_wconf 89' lang='lat' dir='ltr'>tanta</span> <span class='ocrx_word' id='word_1_50' title='bbox 2484 1018 2541 1110; x_wconf 82' lang='lat'>⁵,</span> 
     </span>
     <span class='ocr_line' id='line_1_8' title="bbox 403 1128 2546 1235; baseline -0.01 -13"><span class='ocrx_word' id='word_1_51' title='bbox 403 1149 610 1222; x_wconf 80' lang='lat' dir='ltr'>nullo</span> <span class='ocrx_word' id='word_1_52' title='bbox 641 1140 864 1215; x_wconf 91' lang='lat' dir='ltr'>modo</span> <span class='ocrx_word' id='word_1_53' title='bbox 899 1136 1179 1235; x_wconf 81' lang='lat' dir='ltr'>potest?</span> <span class='ocrx_word' id='word_1_54' title='bbox 1207 1132 1448 1229; x_wconf 83' lang='lat' dir='ltr'>aliqua</span> <span class='ocrx_word' id='word_1_55' title='bbox 1483 1128 1785 1202; x_wconf 85' lang='lat' dir='ltr'>facultas</span> <span class='ocrx_word' id='word_1_56' title='bbox 1818 1130 2126 1226; x_wconf 80' lang='lat' dir='ltr'>agendi?</span> <span class='ocrx_word' id='word_1_57' title='bbox 2156 1132 2397 1228; x_wconf 88' lang='lat' dir='ltr'>aliqua</span> <span class='ocrx_word' id='word_1_58' title='bbox 2429 1130 2546 1202; x_wconf 88' lang='lat' dir='ltr'>di-</span> 
     </span>
     <span class='ocr_line' id='line_1_9' title="bbox 411 1238 2547 1341; baseline -0.008 -9"><span class='ocrx_word' id='word_1_59' title='bbox 411 1256 627 1333; x_wconf 87' lang='lat' dir='ltr'>cendi</span> <span class='ocrx_word' id='word_1_60' title='bbox 670 1244 1172 1326; x_wconf 74' lang='lat' dir='ltr'>consuetudo?</span> <span class='ocrx_word' id='word_1_61' title='bbox 1221 1243 1462 1340; x_wconf 84' lang='lat' dir='ltr'>aliqua</span> <span class='ocrx_word' id='word_1_62' title='bbox 1506 1245 1585 1312; x_wconf 89' lang='lat' dir='ltr'>in</span> <span class='ocrx_word' id='word_1_63' title='bbox 1636 1238 1839 1329; x_wconf 89' lang='lat' dir='ltr'>foro,</span> <span class='ocrx_word' id='word_1_64' title='bbox 1890 1241 2217 1336; x_wconf 86' lang='lat' dir='ltr'>judiciis,</span> <span class='ocrx_word' id='word_1_65' title='bbox 2264 1242 2547 1341; x_wconf 88' lang='lat' dir='ltr'>legibus</span> 
     </span>
     <span class='ocr_line' id='line_1_10' title="bbox 411 1349 2549 1453; baseline -0.01 -8"><span class='ocrx_word' id='word_1_66' title='bbox 411 1384 538 1445; x_wconf 88' lang='lat' dir='ltr'>aut</span> <span class='ocrx_word' id='word_1_67' title='bbox 561 1370 769 1453; x_wconf 80' lang='lat' dir='ltr'>ratiO,</span> <span class='ocrx_word' id='word_1_68' title='bbox 787 1375 912 1434; x_wconf 88' lang='lat' dir='ltr'>aut</span> <span class='ocrx_word' id='word_1_69' title='bbox 946 1354 1417 1431; x_wconf 80' lang='lat' dir='ltr'>exercitatio?</span> <span class='ocrx_word' id='word_1_70' title='bbox 1449 1350 1789 1447; x_wconf 80' lang='lat' dir='ltr'>Intelligo</span> <span class='ocrx_word' id='word_1_71' title='bbox 1810 1404 1829 1438; x_wconf 92' lang='lat'>,</span> <span class='ocrx_word' id='word_1_72' title='bbox 1862 1349 2128 1448; x_wconf 81' lang='lat' dir='ltr'>quam⁶</span> <span class='ocrx_word' id='word_1_73' title='bbox 2156 1352 2549 1451; x_wconf 82' lang='lat' dir='ltr'>scopuloso</span> 
     </span>
     <span class='ocr_line' id='line_1_11' title="bbox 411 1464 2551 1572; baseline -0.01 -18"><span class='ocrx_word' id='word_1_74' title='bbox 411 1477 836 1572; x_wconf 88' lang='lat' dir='ltr'>difficilique</span> <span class='ocrx_word' id='word_1_75' title='bbox 881 1475 960 1541; x_wconf 88' lang='lat' dir='ltr'>in</span> <span class='ocrx_word' id='word_1_76' title='bbox 1004 1468 1169 1538; x_wconf 93' lang='lat' dir='ltr'>loco</span> <span class='ocrx_word' id='word_1_77' title='bbox 1207 1487 1452 1536; x_wconf 76' lang='lat' dir='ltr'>verser</span> <span class='ocrx_word' id='word_1_78' title='bbox 1489 1489 1509 1532; x_wconf 71' lang='grc' dir='ltr'><strong><em>ε</em></strong></span> <span class='ocrx_word' id='word_1_79' title='bbox 1554 1484 1725 1533; x_wconf 86' lang='lat' dir='ltr'>nam</span> <span class='ocrx_word' id='word_1_80' title='bbox 1779 1484 2011 1559; x_wconf 89' lang='lat' dir='ltr'>quum</span> <span class='ocrx_word' id='word_1_81' title='bbox 2062 1464 2303 1535; x_wconf 90' lang='lat' dir='ltr'>omnis</span> <span class='ocrx_word' id='word_1_82' title='bbox 2352 1486 2551 1534; x_wconf 88' lang='lat' dir='ltr'>arro·</span> 
     </span>
     <span class='ocr_line' id='line_1_12' title="bbox 408 1572 2551 1691; baseline -0.008 -29"><span class='ocrx_word' id='word_1_83' title='bbox 408 1592 650 1691; x_wconf 86' lang='lat' dir='ltr'>gantia</span> <span class='ocrx_word' id='word_1_84' title='bbox 687 1582 940 1656; x_wconf 86' lang='lat' dir='ltr'>odiosa</span> <span class='ocrx_word' id='word_1_85' title='bbox 981 1593 1090 1649; x_wconf 86' lang='lat' dir='ltr'>est</span> <span class='ocrx_word' id='word_1_86' title='bbox 1111 1630 1132 1664; x_wconf 89' lang='lat'>,</span> <span class='ocrx_word' id='word_1_87' title='bbox 1172 1590 1330 1647; x_wconf 91' lang='lat' dir='ltr'>tum</span> <span class='ocrx_word' id='word_1_88' title='bbox 1377 1572 1498 1643; x_wconf 81' lang='lat' dir='ltr'>ina</span> <span class='ocrx_word' id='word_1_89' title='bbox 1547 1572 1819 1668; x_wconf 84' lang='lat' dir='ltr'>ingenii</span> <span class='ocrx_word' id='word_1_90' title='bbox 1860 1586 2084 1670; x_wconf 83' lang='lat' dir='ltr'>atque</span> <span class='ocrx_word' id='word_1_91' title='bbox 2116 1572 2551 1671; x_wconf 60' lang='lat' dir='ltr'>eloquentia}</span> 
     </span>
     <span class='ocr_line' id='line_1_13' title="bbox 415 1679 2555 1780; baseline -0.007 -9"><span class='ocrx_word' id='word_1_92' title='bbox 415 1697 649 1771; x_wconf 88' lang='lat' dir='ltr'>multo</span> <span class='ocrx_word' id='word_1_93' title='bbox 691 1689 1212 1764; x_wconf 87' lang='lat' dir='ltr'>molestissima.</span> <span class='ocrx_word' id='word_1_94' title='bbox 1259 1679 1757 1773; x_wconf 85' lang='lat' dir='ltr'>Quamobrem</span> <span class='ocrx_word' id='word_1_95' title='bbox 1810 1682 1993 1780; x_wconf 75' lang='lat' dir='ltr'>nihil</span> <span class='ocrx_word' id='word_1_96' title='bbox 2030 1684 2197 1754; x_wconf 88' lang='lat' dir='ltr'>dico</span> <span class='ocrx_word' id='word_1_97' title='bbox 2254 1684 2347 1755; x_wconf 87' lang='lat' dir='ltr'>de</span> <span class='ocrx_word' id='word_1_98' title='bbox 2386 1708 2555 1757; x_wconf 88' lang='lat' dir='ltr'>meo</span> 
     </span>
     <span class='ocr_line' id='line_1_14' title="bbox 419 1791 2557 1907; baseline -0.007 -26"><span class='ocrx_word' id='word_1_99' title='bbox 419 1806 710 1907; x_wconf 84' lang='lat' dir='ltr'>ingenio</span> <span class='ocrx_word' id='word_1_100' title='bbox 745 1830 762 1873; x_wconf 91' lang='lat'><strong>:</strong></span> <span class='ocrx_word' id='word_1_101' title='bbox 808 1822 1051 1897; x_wconf 89' lang='lat' dir='ltr'>neque</span> <span class='ocrx_word' id='word_1_102' title='bbox 1089 1810 1200 1869; x_wconf 57' lang='lat' dir='ltr'>est</span> <span class='ocrx_word' id='word_1_103' title='bbox 1219 1848 1242 1882; x_wconf 84' lang='lat'>‚</span> <span class='ocrx_word' id='word_1_104' title='bbox 1276 1791 1480 1892; x_wconf 89' lang='lat' dir='ltr'>quod</span> <span class='ocrx_word' id='word_1_105' title='bbox 1520 1797 1791 1890; x_wconf 84' lang='lat' dir='ltr'>possim</span> <span class='ocrx_word' id='word_1_106' title='bbox 1828 1793 2110 1881; x_wconf 89' lang='lat' dir='ltr'>dicere;</span> <span class='ocrx_word' id='word_1_107' title='bbox 2166 1818 2449 1893; x_wconf 86' lang='lat' dir='ltr'>neque,</span> <span class='ocrx_word' id='word_1_108' title='bbox 2496 1798 2557 1867; x_wconf 82' lang='lat' dir='ltr'>si</span> 
     </span>
     <span class='ocr_line' id='line_1_15' title="bbox 419 1901 2561 2003; baseline -0.008 -11"><span class='ocrx_word' id='word_1_109' title='bbox 419 1930 608 1993; x_wconf 84' lang='lat' dir='ltr'>esset</span> <span class='ocrx_word' id='word_1_110' title='bbox 626 1970 646 2002; x_wconf 90' lang='lat'>,</span> <span class='ocrx_word' id='word_1_111' title='bbox 675 1912 987 1985; x_wconf 85' lang='lat' dir='ltr'>dicerem</span> <span class='ocrx_word' id='word_1_112' title='bbox 1019 1933 1036 1975; x_wconf 74' lang='grc' dir='ltr'><strong><em>ε</em></strong></span> <span class='ocrx_word' id='word_1_113' title='bbox 1069 1920 1196 1978; x_wconf 87' lang='lat' dir='ltr'>aut</span> <span class='ocrx_word' id='word_1_114' title='bbox 1227 1909 1420 1975; x_wconf 89' lang='lat' dir='ltr'>enim</span> <span class='ocrx_word' id='word_1_115' title='bbox 1450 1901 1525 1973; x_wconf 91' lang='lat' dir='ltr'>id</span> <span class='ocrx_word' id='word_1_116' title='bbox 1558 1902 1739 1973; x_wconf 80' lang='lat' dir='ltr'>mihi</span> <span class='ocrx_word' id='word_1_117' title='bbox 1774 1904 1945 1975; x_wconf 85' lang='lat' dir='ltr'>satis</span> <span class='ocrx_word' id='word_1_118' title='bbox 1980 1918 2087 1975; x_wconf 88' lang='lat' dir='ltr'>cst</span> <span class='ocrx_word' id='word_1_119' title='bbox 2107 1958 2127 1992; x_wconf 89' lang='lat'>‚</span> <span class='ocrx_word' id='word_1_120' title='bbox 2158 1903 2365 2003; x_wconf 87' lang='lat' dir='ltr'>quod</span> <span class='ocrx_word' id='word_1_121' title='bbox 2386 1914 2413 1960; x_wconf 79' lang='lat'>⁷</span> <span class='ocrx_word' id='word_1_122' title='bbox 2449 1918 2561 1976; x_wconf 86' lang='lat' dir='ltr'>est</span> 
     </span>
     <span class='ocr_line' id='line_1_16' title="bbox 423 2014 2559 2121; baseline -0.007 -20"><span class='ocrx_word' id='word_1_123' title='bbox 423 2028 516 2101; x_wconf 89' lang='lat' dir='ltr'>de</span> <span class='ocrx_word' id='word_1_124' title='bbox 547 2050 668 2097; x_wconf 86' lang='lat' dir='ltr'>me</span> <span class='ocrx_word' id='word_1_125' title='bbox 698 2022 1108 2121; x_wconf 83' lang='lat' dir='ltr'>opinionis,·</span> <span class='ocrx_word' id='word_1_126' title='bbox 1140 2014 1503 2113; x_wconf 89' lang='lat' dir='ltr'>quidquid</span> <span class='ocrx_word' id='word_1_127' title='bbox 1538 2029 1688 2101; x_wconf 84' lang='lat' dir='ltr'>est;</span> <span class='ocrx_word' id='word_1_128' title='bbox 1722 2030 1879 2102; x_wconf 86' lang='lat' dir='ltr'>aut,</span> <span class='ocrx_word' id='word_1_129' title='bbox 1915 2016 1975 2087; x_wconf 89' lang='lat' dir='ltr'>si</span> <span class='ocrx_word' id='word_1_130' title='bbox 2012 2016 2085 2088; x_wconf 90' lang='lat' dir='ltr'>id</span> <span class='ocrx_word' id='word_1_131' title='bbox 2126 2040 2384 2116; x_wconf 89' lang='lat' dir='ltr'>parum</span> <span class='ocrx_word' id='word_1_132' title='bbox 2416 2031 2559 2103; x_wconf 87' lang='lat' dir='ltr'>est,</span> 
     </span>
     <span class='ocr_line' id='line_1_17' title="bbox 425 2123 2492 2236; baseline -0.004 -31"><span class='ocrx_word' id='word_1_133' title='bbox 425 2160 560 2236; x_wconf 83' lang='lat' dir='ltr'>ego</span> <span class='ocrx_word' id='word_1_134' title='bbox 595 2125 878 2227; x_wconf 80' lang='lat' dir='ltr'>majus⁸</span> <span class='ocrx_word' id='word_1_135' title='bbox 915 2128 990 2200; x_wconf 91' lang='lat' dir='ltr'>id</span> <span class='ocrx_word' id='word_1_136' title='bbox 1032 2123 1673 2198; x_wconf 88' lang='lat' dir='ltr'>commemorando</span> <span class='ocrx_word' id='word_1_137' title='bbox 1714 2124 1949 2198; x_wconf 84' lang='lat' dir='ltr'>facere</span> <span class='ocrx_word' id='word_1_138' title='bbox 1978 2150 2131 2198; x_wconf 89' lang='lat' dir='ltr'>non</span> <span class='ocrx_word' id='word_1_139' title='bbox 2170 2150 2492 2226; x_wconf 88' lang='lat' dir='ltr'>possum.</span> 
     </span>
    </p>

    <p class='ocr_par' dir='ltr' id='par_1_4' title="bbox 429 2233 2577 3327">
     <span class='ocr_line' id='line_1_18' title="bbox 521 2233 2565 2332; baseline -0.004 -15"><span class='ocrx_word' id='word_1_140' title='bbox 521 2248 678 2316; x_wconf 88' lang='grc' dir='ltr'>ΧΠ.</span> <span class='ocrx_word' id='word_1_141' title='bbox 724 2247 834 2314; x_wconf 91' lang='lat' dir='ltr'>De</span> <span class='ocrx_word' id='word_1_142' title='bbox 861 2254 967 2327; x_wconf 86' lang='lat' dir='ltr'>te,</span> <span class='ocrx_word' id='word_1_143' title='bbox 987 2235 1222 2309; x_wconf 87' lang='lat' dir='ltr'>Caecili</span> <span class='ocrx_word' id='word_1_144' title='bbox 1253 2235 1439 2332; x_wconf 80' lang='lat' dir='ltr'>(jam</span> <span class='ocrx_word' id='word_1_145' title='bbox 1469 2233 1887 2307; x_wconf 88' lang='lat' dir='ltr'>mehercule</span> <span class='ocrx_word' id='word_1_146' title='bbox 1911 2235 2121 2326; x_wconf 76' lang='lat' dir='ltr'>hoc‘,</span> <span class='ocrx_word' id='word_1_147' title='bbox 2154 2254 2352 2309; x_wconf 84' lang='lat' dir='ltr'>extra</span> <span class='ocrx_word' id='word_1_148' title='bbox 2375 2237 2565 2309; x_wconf 85' lang='lat' dir='ltr'>hanc</span> 
     </span>
     <span class='ocr_line' id='line_1_19' title="bbox 429 2344 2567 2444; baseline -0.005 -14"><span class='ocrx_word' id='word_1_149' title='bbox 429 2356 976 2429; x_wconf 87' lang='lat' dir='ltr'>contentionem</span> <span class='ocrx_word' id='word_1_150' title='bbox 1013 2360 1527 2444; x_wconf 82' lang='lat' dir='ltr'>certamenque</span> <span class='ocrx_word' id='word_1_151' title='bbox 1564 2360 1899 2416; x_wconf 88' lang='lat' dir='ltr'>nostrum</span> <span class='ocrx_word' id='word_1_152' title='bbox 1920 2399 1941 2433; x_wconf 89' lang='lat'>‚</span> <span class='ocrx_word' id='word_1_153' title='bbox 1981 2344 2420 2421; x_wconf 78' lang='lat' dir='ltr'>familiariter</span> <span class='ocrx_word' id='word_1_154' title='bbox 2463 2364 2567 2419; x_wconf 88' lang='lat' dir='ltr'>te-</span> 
     </span>
     <span class='ocr_line' id='line_1_20' title="bbox 429 2452 2567 2560; baseline -0.005 -22"><span class='ocrx_word' id='word_1_155' title='bbox 429 2490 595 2539; x_wconf 89' lang='lat' dir='ltr'>cum</span> <span class='ocrx_word' id='word_1_156' title='bbox 617 2466 876 2560; x_wconf 83' lang='lat' dir='ltr'>loquar</span> <span class='ocrx_word' id='word_1_157' title='bbox 893 2470 923 2502; x_wconf 77' lang='lat'>²</span> <span class='ocrx_word' id='word_1_158' title='bbox 946 2458 972 2551; x_wconf 89' lang='lat'><em>)</em></span> <span class='ocrx_word' id='word_1_159' title='bbox 993 2514 1012 2546; x_wconf 89' lang='lat'>,</span> <span class='ocrx_word' id='word_1_160' title='bbox 1042 2458 1302 2554; x_wconf 88' lang='lat' dir='ltr'>tuipse</span> <span class='ocrx_word' id='word_1_161' title='bbox 1335 2452 1955 2553; x_wconf 87' lang='lat' dir='ltr'>quemadmodum</span> <span class='ocrx_word' id='word_1_162' title='bbox 1983 2460 2377 2545; x_wconf 60' lang='lat' dir='ltr'>existimer„</span> <span class='ocrx_word' id='word_1_163' title='bbox 2400 2456 2567 2528; x_wconf 81' lang='lat' dir='ltr'>vide</span> 
     </span>
     <span class='ocr_line' id='line_1_21' title="bbox 429 2564 2569 2669; baseline -0.006 -20"><span class='ocrx_word' id='word_1_164' title='bbox 429 2579 647 2650; x_wconf 88' lang='lat' dir='ltr'>etiam</span> <span class='ocrx_word' id='word_1_165' title='bbox 673 2587 892 2669; x_wconf 87' lang='lat' dir='ltr'>atque</span> <span class='ocrx_word' id='word_1_166' title='bbox 917 2570 1177 2655; x_wconf 88' lang='lat' dir='ltr'>etiam;</span> <span class='ocrx_word' id='word_1_167' title='bbox 1207 2581 1282 2637; x_wconf 91' lang='lat' dir='ltr'>et</span> <span class='ocrx_word' id='word_1_168' title='bbox 1317 2581 1399 2637; x_wconf 90' lang='lat' dir='ltr'>tn</span> <span class='ocrx_word' id='word_1_169' title='bbox 1423 2579 1497 2635; x_wconf 92' lang='lat' dir='ltr'>te</span> <span class='ocrx_word' id='word_1_170' title='bbox 1531 2564 1823 2661; x_wconf 83' lang='lat' dir='ltr'>collige3</span> <span class='ocrx_word' id='word_1_171' title='bbox 1854 2578 1927 2637; x_wconf 89' lang='lat' dir='ltr'>et</span> <span class='ocrx_word' id='word_1_172' title='bbox 1956 2570 2085 2664; x_wconf 90' lang='lat' dir='ltr'>qui</span> <span class='ocrx_word' id='word_1_173' title='bbox 2120 2568 2215 2639; x_wconf 87' lang='lat' dir='ltr'>sis</span> <span class='ocrx_word' id='word_1_174' title='bbox 2241 2622 2261 2656; x_wconf 89' lang='lat'><strong>‚</strong></span> <span class='ocrx_word' id='word_1_175' title='bbox 2286 2583 2359 2639; x_wconf 90' lang='lat' dir='ltr'>et</span> <span class='ocrx_word' id='word_1_176' title='bbox 2386 2566 2569 2665; x_wconf 90' lang='lat' dir='ltr'>quid</span> 
     </span>
     <span class='ocr_line' id='line_1_22' title="bbox 429 2674 2569 2781; baseline -0.004 -23"><span class='ocrx_word' id='word_1_177' title='bbox 429 2688 662 2758; x_wconf 84' lang='lat' dir='ltr'>facere</span> <span class='ocrx_word' id='word_1_178' title='bbox 699 2681 960 2781; x_wconf 86' lang='lat' dir='ltr'>possis,</span> <span class='ocrx_word' id='word_1_179' title='bbox 997 2674 1394 2749; x_wconf 85' lang='lat' dir='ltr'>considera.</span> <span class='ocrx_word' id='word_1_180' title='bbox 1436 2678 1747 2747; x_wconf 86' lang='lat' dir='ltr'>Putasne</span> <span class='ocrx_word' id='word_1_181' title='bbox 1778 2690 1850 2747; x_wconf 92' lang='lat' dir='ltr'>te</span> <span class='ocrx_word' id='word_1_182' title='bbox 1873 2700 2085 2774; x_wconf 87' lang='lat' dir='ltr'>posse</span> <span class='ocrx_word' id='word_1_183' title='bbox 2116 2676 2207 2750; x_wconf 91' lang='lat' dir='ltr'>de</span> <span class='ocrx_word' id='word_1_184' title='bbox 2234 2680 2569 2749; x_wconf 84' lang='lat' dir='ltr'>maximis</span> 
     </span>
     <span class='ocr_line' id='line_1_23' title="bbox 431 2782 2571 2887; baseline -0.005 -18"><span class='ocrx_word' id='word_1_185' title='bbox 431 2791 1048 2887; x_wconf 88' lang='lat' dir='ltr'>acerbissimisque</span> <span class='ocrx_word' id='word_1_186' title='bbox 1083 2783 1304 2857; x_wconf 86' lang='lat' dir='ltr'>rebus</span> <span class='ocrx_word' id='word_1_187' title='bbox 1319 2782 1373 2873; x_wconf 77' lang='lat'>³,</span> <span class='ocrx_word' id='word_1_188' title='bbox 1402 2810 1635 2884; x_wconf 90' lang='lat' dir='ltr'>quum</span> <span class='ocrx_word' id='word_1_189' title='bbox 1668 2810 1954 2858; x_wconf 85' lang='lat' dir='ltr'>causam</span> <span class='ocrx_word' id='word_1_190' title='bbox 1996 2792 2359 2860; x_wconf 87' lang='lat' dir='ltr'>sociorum</span> <span class='ocrx_word' id='word_1_191' title='bbox 2382 2844 2403 2875; x_wconf 90' lang='lat'><strong>‚</strong></span> <span class='ocrx_word' id='word_1_192' title='bbox 2432 2786 2571 2860; x_wconf 89' lang='lat' dir='ltr'>for·</span> 
     </span>
     <span class='ocr_line' id='line_1_24' title="bbox 433 2894 2569 2998; baseline -0.005 -21"><span class='ocrx_word' id='word_1_193' title='bbox 433 2922 794 2998; x_wconf 83' lang='lat' dir='ltr'>tunasque</span> <span class='ocrx_word' id='word_1_194' title='bbox 829 2898 1252 2997; x_wconf 77' lang='lat' dir='ltr'>provinciae,</span> <span class='ocrx_word' id='word_1_195' title='bbox 1303 2895 1423 2990; x_wconf 89' lang='lat' dir='ltr'>jus</span> <span class='ocrx_word' id='word_1_196' title='bbox 1468 2894 1726 2993; x_wconf 89' lang='lat' dir='ltr'>populi</span> <span class='ocrx_word' id='word_1_197' title='bbox 1786 2900 2107 2979; x_wconf 78' lang='lat' dir='ltr'>romani,</span> <span class='ocrx_word' id='word_1_198' title='bbox 2147 2900 2569 2996; x_wconf 85' lang='lat' dir='ltr'>gravitatem</span> 
     </span>
     <span class='ocr_line' id='line_1_25' title="bbox 429 3010 2571 3113; baseline -0.006 -24"><span class='ocrx_word' id='word_1_199' title='bbox 429 3014 681 3113; x_wconf 79' lang='lat' dir='ltr'>judicii</span> <span class='ocrx_word' id='word_1_200' title='bbox 705 3012 1094 3106; x_wconf 87' lang='lat' dir='ltr'>legumque</span> <span class='ocrx_word' id='word_1_201' title='bbox 1133 3010 1533 3103; x_wconf 87' lang='lat' dir='ltr'>susceperis</span> <span class='ocrx_word' id='word_1_202' title='bbox 1553 3058 1573 3093; x_wconf 92' lang='lat'>,</span> <span class='ocrx_word' id='word_1_203' title='bbox 1606 3020 1714 3077; x_wconf 86' lang='lat' dir='ltr'>tot</span> <span class='ocrx_word' id='word_1_204' title='bbox 1751 3030 1902 3094; x_wconf 87' lang='lat' dir='ltr'>res,</span> <span class='ocrx_word' id='word_1_205' title='bbox 1928 3020 2075 3078; x_wconf 89' lang='lat' dir='ltr'>tam</span> <span class='ocrx_word' id='word_1_206' title='bbox 2104 3031 2353 3104; x_wconf 79' lang='lat' dir='ltr'>graves</span> <span class='ocrx_word' id='word_1_207' title='bbox 2376 3061 2396 3093; x_wconf 90' lang='lat'>‚</span> <span class='ocrx_word' id='word_1_208' title='bbox 2425 3022 2571 3078; x_wconf 91' lang='lat' dir='ltr'>tam</span> 
     </span>
     <span class='ocr_line' id='line_1_26' title="bbox 433 3116 2577 3219; baseline -0.006 -21"><span class='ocrx_word' id='word_1_209' title='bbox 433 3127 701 3210; x_wconf 67' lang='lat' dir='ltr'>varias»,</span> <span class='ocrx_word' id='word_1_210' title='bbox 735 3120 1374 3219; x_wconf 36' lang='lat' dir='ltr'>voceumemoria,</span> <span class='ocrx_word' id='word_1_211' title='bbox 1415 3116 1752 3203; x_wconf 81' lang='lat' dir='ltr'>consilio,</span> <span class='ocrx_word' id='word_1_212' title='bbox 1794 3118 2087 3214; x_wconf 87' lang='lat' dir='ltr'>ingenio</span> <span class='ocrx_word' id='word_1_213' title='bbox 2108 3172 2127 3207; x_wconf 90' lang='lat'><strong>,</strong></span> <span class='ocrx_word' id='word_1_214' title='bbox 2170 3116 2577 3189; x_wconf 82' lang='lat' dir='ltr'>sustinere?</span> 
     </span>
     <span class='ocr_line' id='line_1_27' title="bbox 433 3227 2574 3327; baseline -0.007 -16"><span class='ocrx_word' id='word_1_215' title='bbox 433 3244 742 3311; x_wconf 89' lang='lat' dir='ltr'>Putasne</span> <span class='ocrx_word' id='word_1_216' title='bbox 774 3243 848 3300; x_wconf 88' lang='lat' dir='ltr'>te</span> <span class='ocrx_word' id='word_1_217' title='bbox 893 3251 1132 3327; x_wconf 86' lang='lat' dir='ltr'>posse,</span> <span class='ocrx_word' id='word_1_218' title='bbox 1161 3251 1323 3323; x_wconf 87' lang='lat' dir='ltr'>quae</span> <span class='ocrx_word' id='word_1_219' title='bbox 1357 3228 1438 3298; x_wconf 91' lang='lat' dir='ltr'>C.</span> <span class='ocrx_word' id='word_1_220' title='bbox 1462 3227 1725 3297; x_wconf 88' lang='lat' dir='ltr'>Verres</span> <span class='ocrx_word' id='word_1_221' title='bbox 1757 3230 1833 3297; x_wconf 90' lang='lat' dir='ltr'>in</span> <span class='ocrx_word' id='word_1_222' title='bbox 1856 3243 2255 3324; x_wconf 84' lang='lat' dir='ltr'>quaestura,</span> <span class='ocrx_word' id='word_1_223' title='bbox 2301 3252 2461 3325; x_wconf 79' lang='lat' dir='ltr'>quae</span> <span class='ocrx_word' id='word_1_224' title='bbox 2498 3228 2574 3297; x_wconf 89' lang='lat' dir='ltr'>in</span> 
     </span>
    </p>
   </div>
   <div class='ocr_carea' id='block_1_3' title="bbox 433 3426 2585 3977">
    <p class='ocr_par' dir='ltr' id='par_1_5' title="bbox 433 3426 2585 3977">
     <span class='ocr_line' id='line_1_28' title="bbox 509 3426 2578 3493; baseline -0.005 -7"><span class='ocrx_word' id='word_1_225' title='bbox 509 3441 556 3487; x_wconf 84' lang='lat'>5.</span> <span class='ocrx_word' id='word_1_226' title='bbox 583 3438 763 3484; x_wconf 78' lang='lat' dir='ltr'>Tanta.</span> <span class='ocrx_word' id='word_1_227' title='bbox 797 3434 856 3479; x_wconf 82' lang='lat' dir='ltr'>In</span> <span class='ocrx_word' id='word_1_228' title='bbox 884 3444 982 3493; x_wconf 71' lang='lat' dir='ltr'>qua</span> <span class='ocrx_word' id='word_1_229' title='bbox 1016 3428 1228 3477; x_wconf 73' lang='lat' dir='ltr'>maxima</span> <span class='ocrx_word' id='word_1_230' title='bbox 1255 3436 1306 3474; x_wconf 81' lang='lat' dir='ltr'>et</span> <span class='ocrx_word' id='word_1_231' title='bbox 1331 3440 1460 3474; x_wconf 75' lang='lat' dir='ltr'>acer-</span> <span class='ocrx_word' id='word_1_232' title='bbox 1620 3442 1673 3475; x_wconf 63' lang='grc' dir='ltr'>η.</span> <span class='ocrx_word' id='word_1_233' title='bbox 1692 3428 1907 3492; x_wconf 76' lang='lat' dir='ltr'>Loquar.</span> <span class='ocrx_word' id='word_1_234' title='bbox 1926 3428 2001 3476; x_wconf 75' lang='lat' dir='ltr'>De</span> <span class='ocrx_word' id='word_1_235' title='bbox 2036 3439 2083 3476; x_wconf 82' lang='lat' dir='ltr'>te</span> <span class='ocrx_word' id='word_1_236' title='bbox 2106 3428 2229 3491; x_wconf 80' lang='lat' dir='ltr'>quid</span> <span class='ocrx_word' id='word_1_237' title='bbox 2256 3430 2321 3477; x_wconf 75' lang='lat' dir='ltr'>sit</span> <span class='ocrx_word' id='word_1_238' title='bbox 2352 3426 2578 3489; x_wconf 71' lang='lat' dir='ltr'>indican-</span> 
     </span>
     <span class='ocr_line' id='line_1_29' title="bbox 433 3502 2580 3572; baseline -0.008 -2"><span class='ocrx_word' id='word_1_239' title='bbox 433 3518 632 3570; x_wconf 69' lang='lat' dir='ltr'>binim·</span> <span class='ocrx_word' id='word_1_240' title='bbox 657 3512 860 3563; x_wconf 71' lang='lat' dir='ltr'>crimina</span> <span class='ocrx_word' id='word_1_241' title='bbox 890 3518 1005 3557; x_wconf 75' lang='lat' dir='ltr'>sunt</span> <span class='ocrx_word' id='word_1_242' title='bbox 1030 3502 1340 3572; x_wconf 71' lang='lat' dir='ltr'>expliea&#39;ndn.</span> <span class='ocrx_word' id='word_1_243' title='bbox 1550 3502 1696 3565; x_wconf 78' lang='lat' dir='ltr'>dum,</span> <span class='ocrx_word' id='word_1_244' title='bbox 1714 3504 1875 3554; x_wconf 77' lang='lat' dir='ltr'>dicam</span> <span class='ocrx_word' id='word_1_245' title='bbox 1894 3505 1987 3555; x_wconf 75' lang='lat' dir='ltr'>tibi</span> <span class='ocrx_word' id='word_1_246' title='bbox 2004 3506 2165 3555; x_wconf 66' lang='lat' dir='ltr'>liba-e</span> <span class='ocrx_word' id='word_1_247' title='bbox 2178 3518 2230 3554; x_wconf 74' lang='lat' dir='ltr'>et</span> <span class='ocrx_word' id='word_1_248' title='bbox 2253 3508 2407 3562; x_wconf 74' lang='lat' dir='ltr'>amice</span> <span class='ocrx_word' id='word_1_249' title='bbox 2426 3539 2443 3565; x_wconf 86' lang='lat'>,</span> <span class='ocrx_word' id='word_1_250' title='bbox 2476 3520 2580 3553; x_wconf 78' lang='lat' dir='ltr'>mo-</span> 
     </span>
     <span class='ocr_line' id='line_1_30' title="bbox 509 3584 2580 3651; baseline -0.003 -10"><span class='ocrx_word' id='word_1_251' title='bbox 509 3592 702 3647; x_wconf 78' lang='lat' dir='ltr'>6.Cod.</span> <span class='ocrx_word' id='word_1_252' title='bbox 725 3596 896 3639; x_wconf 72' lang='lat' dir='ltr'>Franc.</span> <span class='ocrx_word' id='word_1_253' title='bbox 915 3602 1153 3651; x_wconf 53' lang='lat' dir='ltr'>nequam</span> <span class='ocrx_word' id='word_1_254' title='bbox 1175 3584 1462 3649; x_wconf 70' lang='lat' dir='ltr'>scopuloso,</span> <span class='ocrx_word' id='word_1_255' title='bbox 1550 3584 1703 3633; x_wconf 78' lang='lat' dir='ltr'>nendi</span> <span class='ocrx_word' id='word_1_256' title='bbox 1720 3586 1889 3648; x_wconf 69' lang='lat' dir='ltr'>potius</span> <span class='ocrx_word' id='word_1_257' title='bbox 1908 3602 2055 3650; x_wconf 72' lang='lat' dir='ltr'>quam</span> <span class='ocrx_word' id='word_1_258' title='bbox 2072 3586 2406 3635; x_wconf 81' lang='lat' dir='ltr'>contendendi</span> <span class='ocrx_word' id='word_1_259' title='bbox 2420 3600 2580 3644; x_wconf 62' lang='lat' dir='ltr'>caum,</span> 
     </span>
     <span class='ocr_line' id='line_1_31' title="bbox 437 3663 2583 3745; baseline -0.004 -24"><span class='ocrx_word' id='word_1_260' title='bbox 437 3692 584 3745; x_wconf 62' lang='lat' dir='ltr'>quam</span> <span class='ocrx_word' id='word_1_261' title='bbox 609 3670 800 3721; x_wconf 75' lang='lat' dir='ltr'>difficili</span> <span class='ocrx_word' id='word_1_262' title='bbox 823 3669 993 3718; x_wconf 79' lang='lat' dir='ltr'>loco».</span> <span class='ocrx_word' id='word_1_263' title='bbox 1021 3666 1074 3715; x_wconf 80' lang='lat' dir='ltr'>J.</span> <span class='ocrx_word' id='word_1_264' title='bbox 1088 3665 1152 3715; x_wconf 77' lang='lat' dir='ltr'>V.</span> <span class='ocrx_word' id='word_1_265' title='bbox 1175 3666 1231 3713; x_wconf 82' lang='lat'>1..</span> <span class='ocrx_word' id='word_1_266' title='bbox 1554 3672 1603 3711; x_wconf 79' lang='lat' dir='ltr'>et</span> <span class='ocrx_word' id='word_1_267' title='bbox 1618 3663 1810 3714; x_wconf 72' lang='lat' dir='ltr'>mbhn</span> <span class='ocrx_word' id='word_1_268' title='bbox 1828 3667 1965 3714; x_wconf 76' lang='lat' dir='ltr'>omni</span> <span class='ocrx_word' id='word_1_269' title='bbox 1990 3668 2357 3732; x_wconf 68' lang='lat' dir='ltr'>comparatione</span> <span class='ocrx_word' id='word_1_270' title='bbox 2382 3677 2469 3714; x_wconf 73' lang='lat' dir='ltr'>ant</span> <span class='ocrx_word' id='word_1_271' title='bbox 2488 3664 2583 3713; x_wconf 77' lang='lat' dir='ltr'>liti-</span> 
     </span>
     <span class='ocr_line' id='line_1_32' title="bbox 514 3742 2583 3817; baseline -0.003 -20"><span class='ocrx_word' id='word_1_272' title='bbox 514 3773 565 3817; x_wconf 78' lang='lat'>·7,</span> <span class='ocrx_word' id='word_1_273' title='bbox 591 3749 739 3816; x_wconf 78' lang='lat' dir='ltr'>Quod</span> <span class='ocrx_word' id='word_1_274' title='bbox 773 3758 860 3797; x_wconf 77' lang='lat' dir='ltr'>ese.</span> <span class='ocrx_word' id='word_1_275' title='bbox 899 3748 966 3795; x_wconf 73' lang='lat' dir='ltr'>En</span> <span class='ocrx_word' id='word_1_276' title='bbox 1001 3744 1371 3809; x_wconf 69' lang='lat' dir='ltr'>qualiacumque</span> <span class='ocrx_word' id='word_1_277' title='bbox 1404 3742 1464 3791; x_wconf 82' lang='lat' dir='ltr'>de</span> <span class='ocrx_word' id='word_1_278' title='bbox 1552 3744 1768 3806; x_wconf 68' lang='lat' dir='ltr'>flatione.</span> <span class='ocrx_word' id='word_1_279' title='bbox 1796 3745 1950 3794; x_wconf 72' lang='lat' dir='ltr'>Aliud</span> <span class='ocrx_word' id='word_1_280' title='bbox 1990 3744 2227 3795; x_wconf 79' lang='lat' dir='ltr'>irridendi</span> <span class='ocrx_word' id='word_1_281' title='bbox 2266 3758 2442 3809; x_wconf 51' lang='lat' dir='ltr'>pune,</span> <span class='ocrx_word' id='word_1_282' title='bbox 2478 3758 2583 3808; x_wconf 79' lang='lat' dir='ltr'>quo</span> 
     </span>
     <span class='ocr_line' id='line_1_33' title="bbox 443 3824 2580 3895; baseline -0.007 -9"><span class='ocrx_word' id='word_1_283' title='bbox 443 3853 522 3886; x_wconf 75' lang='lat' dir='ltr'>me</span> <span class='ocrx_word' id='word_1_284' title='bbox 545 3844 624 3884; x_wconf 73' lang='lat' dir='ltr'>eut</span> <span class='ocrx_word' id='word_1_285' title='bbox 645 3829 778 3895; x_wconf 75' lang='lat' dir='ltr'>apud</span> <span class='ocrx_word' id='word_1_286' title='bbox 800 3844 890 3877; x_wconf 71' lang='lat' dir='ltr'>von</span> <span class='ocrx_word' id='word_1_287' title='bbox 915 3825 1107 3889; x_wconf 79' lang='lat' dir='ltr'>opinio.</span> <span class='ocrx_word' id='word_1_288' title='bbox 1554 3824 1805 3873; x_wconf 60' lang='lat' dir='ltr'>noemam</span> <span class='ocrx_word' id='word_1_289' title='bbox 1822 3836 2066 3889; x_wconf 70' lang='lat' dir='ltr'>nuquam</span> <span class='ocrx_word' id='word_1_290' title='bbox 2080 3825 2375 3891; x_wconf 72' lang='lat' dir='ltr'>discipulum</span> <span class='ocrx_word' id='word_1_291' title='bbox 2390 3826 2580 3873; x_wconf 77' lang='lat' dir='ltr'>edocet.</span> 
     </span>
     <span class='ocr_line' id='line_1_34' title="bbox 513 3904 2585 3977; baseline -0.003 -19"><span class='ocrx_word' id='word_1_292' title='bbox 513 3918 562 3963; x_wconf 76' lang='lat'>8.</span> <span class='ocrx_word' id='word_1_293' title='bbox 587 3910 771 3977; x_wconf 67' lang='lat' dir='ltr'>Hujus.</span> <span class='ocrx_word' id='word_1_294' title='bbox 797 3909 1066 3957; x_wconf 78' lang='lat' dir='ltr'>nominum</span> <span class='ocrx_word' id='word_1_295' title='bbox 1103 3906 1358 3970; x_wconf 78' lang='lat' dir='ltr'>opinione.</span> <span class='ocrx_word' id='word_1_296' title='bbox 1630 3905 1678 3954; x_wconf 80' lang='lat'>³.</span> <span class='ocrx_word' id='word_1_297' title='bbox 1696 3904 1873 3954; x_wconf 69' lang='lat' dir='ltr'>flebas.</span> <span class='ocrx_word' id='word_1_298' title='bbox 1894 3904 2113 3955; x_wconf 74' lang='lat' dir='ltr'>Subaud.</span> <span class='ocrx_word' id='word_1_299' title='bbox 2134 3905 2312 3955; x_wconf 72' lang='lat' dir='ltr'>dicen.</span> <span class='ocrx_word' id='word_1_300' title='bbox 2332 3906 2501 3969; x_wconf 81' lang='lat' dir='ltr'>Quum</span> <span class='ocrx_word' id='word_1_301' title='bbox 2520 3904 2585 3953; x_wconf 76' lang='lat' dir='ltr'>de</span> 
     </span>
    </p>
   </div>
   <div class='ocr_carea' id='block_1_4' title="bbox 441 3982 2587 4130">
    <p class='ocr_par' dir='ltr' id='par_1_6' title="bbox 441 3982 2587 4130">
     <span class='ocr_line' id='line_1_35' title="bbox 511 3982 2585 4048; baseline -0.006 -3"><span class='ocrx_word' id='word_1_302' title='bbox 511 3996 628 4045; x_wconf 76' lang='lat'>111.</span> <span class='ocrx_word' id='word_1_303' title='bbox 649 3986 903 4041; x_wconf 54' lang='lat' dir='ltr'>allectio·</span> <span class='ocrx_word' id='word_1_304' title='bbox 923 3986 1052 4035; x_wconf 76' lang='lat' dir='ltr'>forte</span> <span class='ocrx_word' id='word_1_305' title='bbox 1065 3985 1205 4034; x_wconf 73' lang='lat' dir='ltr'>abest</span> <span class='ocrx_word' id='word_1_306' title='bbox 1224 3982 1318 4031; x_wconf 71' lang='lat' dir='ltr'>hoc</span> <span class='ocrx_word' id='word_1_307' title='bbox 1335 3983 1468 4048; x_wconf 73' lang='lat' dir='ltr'>apud</span> <span class='ocrx_word' id='word_1_308' title='bbox 1556 3994 1837 4033; x_wconf 62' lang='lat' dir='ltr'>aecastor-e</span> <span class='ocrx_word' id='word_1_309' title='bbox 1884 3984 2231 4033; x_wconf 77' lang='lat' dir='ltr'>constituendo</span> <span class='ocrx_word' id='word_1_310' title='bbox 2279 3984 2585 4047; x_wconf 61' lang='lat' dir='ltr'>ambigatur,</span> 
     </span>
     <span class='ocr_line' id='line_1_36' title="bbox 441 4061 2587 4130; baseline -0.007 -3"><span class='ocrx_word' id='word_1_311' title='bbox 441 4073 688 4125; x_wconf 65' lang='lat' dir='ltr'>nunnius.</span> <span class='ocrx_word' id='word_1_312' title='bbox 709 4067 769 4116; x_wconf 81' lang='lat' dir='ltr'>de</span> <span class='ocrx_word' id='word_1_313' title='bbox 797 4064 1015 4130; x_wconf 67' lang='lat' dir='ltr'>Figuris,</span> <span class='ocrx_word' id='word_1_314' title='bbox 1033 4080 1140 4129; x_wconf 70' lang='lat' dir='ltr'>etp.</span> <span class='ocrx_word' id='word_1_315' title='bbox 1169 4078 1246 4113; x_wconf 79' lang='lat' dir='ltr'>xo.</span> <span class='ocrx_word' id='word_1_316' title='bbox 1271 4064 1304 4113; x_wconf 83' lang='lat' dir='ltr'><strong>J</strong></span> <span class='ocrx_word' id='word_1_317' title='bbox 1308 4066 1391 4112; x_wconf 68' lang='grc' dir='ltr'>Ν.</span> <span class='ocrx_word' id='word_1_318' title='bbox 1413 4066 1467 4111; x_wconf 84' lang='lat'>1..</span> <span class='ocrx_word' id='word_1_319' title='bbox 1557 4062 1717 4127; x_wconf 71' lang='lat' dir='ltr'>quali·</span> <span class='ocrx_word' id='word_1_320' title='bbox 1742 4063 1991 4113; x_wconf 64' lang='lat' dir='ltr'>sectatio</span> <span class='ocrx_word' id='word_1_321' title='bbox 2016 4080 2121 4113; x_wconf 71' lang='grc' dir='ltr'>σιω</span> <span class='ocrx_word' id='word_1_322' title='bbox 2138 4063 2330 4125; x_wconf 73' lang='lat' dir='ltr'>debent,</span> <span class='ocrx_word' id='word_1_323' title='bbox 2348 4061 2587 4122; x_wconf 69' lang='lat' dir='ltr'>ostendit,</span> 
     </span>
    </p>
   </div>
  </div>
 </body>
</html>
