2984 4684
2318 257 2341 291 0

447 364 588 451 234
1245 344 1787 439 EXCU'RSUS

441 501 566 563 luit
587 530 631 561 υ.
664 496 868 586 Epist.
895 521 958 585 7,
993 498 1099 562 lib.
1117 500 1202 582 11,
1237 499 1319 563 ad
1347 485 1742 567 Curionem:
1784 498 2049 587 «anue
2082 497 2243 562 mihi
2290 497 2579 564 conditio

440 620 718 685 maneat,
745 626 876 692 qua
907 605 1238 693 profectus
1261 628 1408 670 sum
1433 638 1476 670 ιι.
1502 605 1669 671 Ibid.
1693 630 1793 695 ep.
1818 629 1845 668 1
1860 602 1919 685 5,
1935 604 2017 668 ad
2039 604 2312 670 Coelium
2338 628 2355 671 ε
2380 636 2407 663 ι
2423 604 2575 669 Nou

439 732 548 775 me
576 711 766 799 plane
797 726 948 798 post
973 734 1220 775 annum
1241 760 1260 795 ,
1297 729 1374 776 ut
1409 729 1671 777 senatus
1698 710 1935 793 voluit,
1983 733 2058 775 ex
2098 710 2430 798 provincia
2460 709 2579 773 de-

441 818 706 882 cessisse
727 840 788 897 -3
822 816 903 882 ad
944 819 1240 903 Atticum¹
1279 820 1464 908 epist.
1502 820 1575 901 3,
1606 819 1721 883 lib.
1743 818 1900 883 VII:
1944 818 2120 881 «Etsi
2160 816 2577 905 cupidissime

442 944 842 1011 expressum,
871 940 936 987 et
961 926 1318 1011 expetitum
1358 950 1395 989 a
1431 949 1538 989 me
1576 925 1688 1007 sit,
1726 939 1793 990 et
1822 924 2255 1011 approbatum
2279 945 2315 986 a
2352 938 2449 1005 te,
2488 944 2575 985 ne

431 1024 677 1091 diutius
731 1050 904 1093 anno
957 1029 1026 1092 in
1074 1031 1404 1118 provincia
1459 1053 1730 1097 essem».
1782 1030 1878 1094 Ex
1934 1028 2173 1116 quibus
2220 1027 2573 1117 colligitur,

431 1132 630 1197 fuisse
659 1132 788 1199 hoc
819 1156 1190 1223 expressum
1239 1158 1274 1199 a
1310 1136 1625 1201 Cicerone
1666 1137 1736 1199 in
1774 1135 1837 1200 S.
1876 1136 1948 1198 C.
1984 1150 2061 1197 ut
2100 1156 2190 1197 eae
2226 1132 2599 1223 provincias.

358 1320 374 1339 ·
431 1260 548 1326 per
581 1261 827 1303 annum
865 1238 1515 1323 administrarentur.)
1560 1240 1743 1329 quod
1776 1242 1845 1303 in
1888 1240 2025 1304 aliis
2070 1239 2382 1305 usitatum
2434 1257 2571 1301 nou

434 1358 605 1425 erat,
643 1344 948 1432 nullaque
983 1342 1177 1409 fiebat
1213 1347 1462 1411 mentio
1501 1345 1846 1435 temporis,
1874 1358 1950 1409 ut
1979 1360 2245 1433 apparet
2274 1366 2355 1407 ex
2384 1364 2486 1430 ep.
2506 1366 2571 1429 7,

431 1449 546 1514 lib.
561 1450 755 1531 V111,
791 1466 858 1514 et
883 1472 963 1514 ex
987 1450 1265 1541 Philipp.
1294 1453 1387 1535 ΙΙ,
1424 1452 1508 1517 de
1535 1453 1777 1518 Cassio,
1820 1449 2305 1533 Quamobrem,
2348 1449 2401 1513 si
2446 1447 2572 1511 fuit

425 1554 555 1618 hoc
581 1556 904 1645 singulare
935 1555 1017 1621 de
1052 1558 1404 1641 Cicerone,
1443 1560 1715 1648 aliisque
1746 1580 1899 1622 cum
1932 1559 2077 1645 ipso
2112 1558 2181 1620 in
2204 1554 2569 1643 provincias

425 1660 758 1725 mittendis
781 1710 800 1744 ‚
853 1664 1062 1727 multo
1108 1664 1327 1728 minus
1364 1666 1584 1729 mirari
1615 1664 1931 1729 debemus
1953 1712 1971 1744 ‚
2006 1678 2069 1726 et
2109 1662 2194 1725 ita
2219 1682 2387 1748 saepe
2414 1682 2568 1723 eum

425 1766 710 1831 scribere
729 1814 748 1847 ,
791 1766 1118 1833 decretam
1155 1769 1279 1834 sibi
1313 1770 1514 1836 fuisse
1541 1792 1827 1835 annuam
1856 1768 2283 1859 provinciam,
2313 1782 2381 1831 et
2404 1765 2569 1831 adeo

423 1894 548 1961 pro
598 1872 1007 1962 impedienda
1051 1876 1358 1965 temporis
1404 1878 1867 1967 prorogatione
1922 1876 2262 1940 laborasse.
2313 1874 2567 1957 Quam-

423 2002 620 2067 quam
647 2002 784 2045 non
813 1998 912 2047 est
929 1983 1321 2073 negandum,
1347 1987 1640 2073 potuisse
1660 1986 2039 2050 Ciceronem
2064 2006 2203 2046 non
2226 1980 2565 2061 decedere,

427 2086 676 2151 etiamsi
718 2089 882 2152 nihil
919 2106 1140 2155 actum
1191 2091 1389 2156 fuerit
1435 2090 1519 2155 de
1551 2090 2033 2180 prorogatione.
2073 2088 2279 2175 Epist.
2327 2086 2398 2167 5,
2448 2086 2563 2149 lib.

424 2192 584 2256 VIII
606 2241 624 2273 ,
660 2193 747 2257 ait
779 2195 1013 2260 Coelius
1046 2218 1180 2260 non
1217 2196 1513 2262 futuram
1536 2198 2013 2261 successionem
2038 2194 2561 2282 provinciarum;

425 2294 664 2362 deinde
687 2299 987 2378 subjicit:
1025 2303 1348 2367 «Tametsi
1383 2303 1505 2367 hac
1548 2302 1631 2368 de
1672 2326 1741 2367 re
1769 2318 1966 2392 pute,
1998 2317 2063 2365 te
2090 2300 2521 2364 coustitutum
2540 2343 2561 2379 ‚

427 2401 588 2491 quid
623 2404 909 2470 {acturus
943 2430 1148 2489 esses,
1181 2408 1422 2473 habere
1442 2434 1502 2491 »3
1541 2408 1722 2497 quod
1755 2410 1809 2471 si
1850 2407 2211 2472 necessario
2239 2402 2562 2469 deceden-

425 2508 588 2573 dum
615 2510 844 2577 fuisset
864 2560 882 2594 ,
911 2535 1046 2580 non
1074 2513 1143 2578 id
1175 2516 1615 2580 constituisset
1634 2564 1651 2598 ,
1686 2515 1869 2605 quasi
1890 2530 2083 2602 capto
2110 2510 2404 2576 consili0.
2442 2512 2562 2597 Ep.

427 2615 508 2697 6,
545 2616 772 2699 lib-VI,
799 2618 882 2683 ad
897 2620 1220 2686 Atticum:
1254 2624 1474 2688 «Dum
1510 2621 1886 2711 impendere
1909 2618 2133 2684 Parthi
2154 2616 2565 2698 videbantur,

425 2736 776 2789 statueram
813 2725 1076 2791 fratrem
1110 2728 1475 2816 relinquere
1496 2775 1514 2810 ,
1547 2746 1662 2794 aut
1696 2729 1889 2795 etiam
1916 2727 2076 2814 reip.
2112 2748 2302 2789 causa
2335 2738 2565 2787 contra

426 2826 492 2891 S.
527 2826 596 2890 C.
631 2829 768 2916 ipse
821 2852 1221 2899 remanere».
1282 2834 1639 2924 Imperium
1688 2835 1889 2925 igitur
1938 2832 2155 2897 adhuc
2199 2827 2559 2894 obtinebat.

427 2932 630 3021 Epist.
659 2956 759 3021 17,
793 2936 905 2999 lib‘.
934 2938 1020 3019 II,
1041 2938 1122 3003 ad
1156 2940 1505 3005 Caninium
1527 2964 1553 3006 .-
1572 2972 1597 2997 α
1615 2944 1715 3006 De
1742 2962 2110 3005 successore
2134 2936 2299 3001 nihil
2322 2933 2561 3016 audivi,

425 3060 546 3103 nec
571 3062 969 3130 quemquam
1002 3045 1144 3109 fore
1185 3047 1502 3129 arbitror3
1533 3048 1693 3136 quin
1724 3045 1804 3110 ad
1830 3046 2004 3111 diem
2029 3041 2363 3121 decedam,
2382 3038 2559 3103 nulla

422 3168 612 3211 causa
633 3164 748 3229 est,
772 3151 1124 3236 praesertim
1149 3152 1402 3217 sublato
1439 3170 1621 3218 metu
1644 3152 1976 3234 Parthic03
2000 3162 2559 3215 commoraturum

423 3275 528 3317 me
561 3275 886 3344 nusquam
913 3278 1066 3320 sane
1097 3258 1451 3323 arbitror-t
1485 3260 1835 3347 innuitque
1872 3281 1943 3323 se
1978 3257 2250 3323 omnino
2291 3258 2559 3345 quidem

419 3360 582 3425 velle
620 3360 928 3427 decedere
949 3411 967 3445 ,
1007 3386 1339 3430 remanere
1379 3382 1599 3430 tamen
1640 3367 1832 3431 etiam
1865 3366 2173 3454 potuisse.
2201 3367 2346 3429 Imo
2376 3384 2560 3455 post-

421 3488 618 3553 quam
653 3467 734 3532 de
770 3470 1098 3558 provincia
1136 3470 1406 3535 decessit
1429 3522 1446 3554 ,
1485 3495 1745 3560 semper
1796 3494 1864 3537 se
1914 3471 2054 3560 ipse
2100 3472 2557 3559 imperatorem

421 3575 797 3661 appellavit,
852 3598 994 3639 eam
1031 3576 1118 3640 ob
1161 3600 1417 3641 causam
1458 3577 1796 3660 videlicet,
1845 3576 2027 3666 quod
2076 3577 2215 3665 lege
2260 3578 2560 3643 Cornelia

418 3676 767 3765 imperium
801 3681 1100 3765 haberet,
1153 3682 1374 3769 quoad
1406 3683 1472 3746 in
1512 3682 1757 3747 Urbem
1788 3683 2210 3764 introiisset3-
2237 3682 2302 3746 id
2337 3701 2558 3747 autem

421 3803 556 3845 non
586 3788 913 3871 praestitit,
949 3787 1070 3853 nisi
1097 3788 1271 3852 victo
1289 3789 1626 3879 Pompei0.
1693 3871 1708 3884 ⁶

511 3888 721 3953 Caesar
765 3890 1048 3978 denique
1090 3894 1392 3975 affertur,
1452 3896 1567 3981 qui
1608 3918 1778 3984 saepe
1818 3893 2063 3959 dicitur
2096 3893 2274 3982 apud
2306 3894 2561 3959 Plutar-

418 3992 649 4077 chum,
681 3996 1052 4083 Appianum
1073 4044 1092 4079 ,
1131 4013 1196 4062 et
1231 3998 1426 4083 alios,
1467 3998 1630 4079 illud
1674 4024 1709 4065 a
1760 4016 1990 4065 senatu
2039 3999 2426 4088 postulasse,
2482 4016 2559 4065 ut
