2984 4684
501 317 589 386 82
1126 307 1223 380 M.
1273 309 1353 377 Τ.
1406 307 1991 378 CICERONIS

499 440 835 511 homines
879 447 1096 504 notos
1141 453 1428 502 sumere
1469 429 1813 502 odiosum
1863 443 2011 516 est,
2058 453 2293 526 quum
2338 444 2413 501 et
2446 429 2631 502 illud

497 553 858 620 incertum
882 546 978 615 sit
997 595 1018 631 ,
1041 541 1360 614 velintne
1380 539 1460 612 hi
1483 563 1637 612 sese
1667 543 2058 630 nominari3
2080 553 2154 612 et
2174 563 2395 612 nemo
2421 541 2631 613 vobis

499 659 724 754 magis
773 667 992 726 notus
1035 649 1326 722 futurus
1369 653 1493 739 sit,
1542 671 1763 748 quam
1800 664 1911 722 est
1952 650 2073 722 hic
2116 649 2525 748 Eutychus;
2556 661 2633 723 et

495 783 692 840 certe
720 764 812 837 ad
845 787 1000 836 rem
1031 761 1214 832 nihil
1249 764 1569 846 intersit,
1595 775 1843 831 utrum
1871 760 2073 831 hunc
2098 784 2235 858 ego
2266 765 2630 832 comicum

493 855 1063 961 adolescentem,
1099 895 1194 944 an
1222 872 1543 970 aliquem
1574 896 1665 942 ex
1690 891 1867 968 agro
1895 875 2197 944 Veiente
2230 875 2626 944 nominem.

497 991 780 1062 Etenim
813 985 966 1056 haec
993 979 1350 1056 conficta⁶
1373 980 1688 1054 arbitror
1712 1005 1753 1052 a
1781 983 2015 1080 poetis
2036 1003 2219 1071 esse,
2245 995 2331 1053 ut
2352 981 2632 1054 effictos

496 1113 782 1170 nostros
813 1118 1050 1166 mores
1091 1097 1166 1163 in
1201 1093 1452 1165 alienis
1477 1095 1832 1190 personiS,
1862 1114 2421 1191 expressamque
2449 1096 2631 1164 ima-

495 1212 740 1307 ginem
771 1219 1036 1278 nostrae
1063 1207 1228 1275 vitae
1253 1201 1696 1300 quotidianae
1728 1199 2163 1274 videremus.
2202 1207 2353 1299 Age
2386 1226 2628 1291 nunc,

495 1317 683 1390 refer
721 1320 1050 1389 animum
1071 1367 1093 1402 ,
1149 1317 1312 1401 sis7,
1355 1311 1453 1384 ad
1480 1315 1894 1398 veritatem,
1932 1325 2008 1382 et
2046 1312 2425 1384 considera
2478 1335 2631 1383 non

497 1427 718 1499 modo
765 1429 844 1496 in
889 1423 1196 1497 Umbria
1241 1436 1461 1520 atque
1512 1423 1589 1490 in
1626 1445 1711 1493 ea
1750 1424 2119 1494 vicinitate
2138 1477 2157 1510 ,
2210 1421 2339 1494 sed
2391 1427 2471 1494 in
2518 1422 2635 1494 his

494 1536 862 1610 veteribus
909 1531 1360 1629 municipiis,
1411 1552 1577 1628 quae
1614 1529 1852 1602 studia
1898 1555 1943 1602 a
1992 1529 2633 1630 patribusfamilias

497 1652 806 1720 maxime
841 1642 1231 1716 laudentur
1263 1667 1280 1710 ε
1311 1642 1458 1737 jam
1484 1638 1815 1740 profecto
1849 1655 1919 1712 te
1952 1641 2341 1741 intelliges,
2384 1645 2633 1741 inopia

497 1761 913 1844 criminum,
933 1775 1291 1826 summam
1314 1749 1602 1822 laudem
1624 1755 1782 1824 Sex.
1806 1755 2068 1823 Roscio
2092 1756 2267 1825 vitio
2292 1768 2366 1826 et
2390 1755 2625 1852 culpae

496 1868 799 1942 dedisse.

592 1979 812 2048 XVII.
847 1977 940 2045 At
961 1994 1114 2042 non
1143 1971 1366 2042 modo
1397 1965 1541 2042 hoc
1566 1985 1855 2070 patrum
1883 1973 2255 2045 voluntate
2280 1969 2493 2047 liberi
2524 1972 2631 2046 fa-

498 2090 740 2174 ciunt,
792 2082 943 2184 sed·
967 2081 1368 2180 permultos
1407 2095 1485 2152 et
1526 2105 1664 2177 ego
1705 2084 1911 2170 novi,
1956 2097 2071 2172 et,
2120 2085 2253 2156 nisi
2305 2111 2423 2158 me
2455 2084 2635 2158 fallit

494 2199 806 2282 animus,
824 2193 1330 2288 unusquisque
1347 2205 1668 2262 vestrum
1684 2189 1705 2222 ²
1719 2245 1738 2278 ,
1756 2193 1886 2289 qui
1912 2205 1988 2264 et
2009 2195 2146 2292 ipsi
2164 2197 2441 2266 incensi
2460 2211 2637 2267 sunt

497 2303 779 2390 studia,
833 2297 1038 2400 quod
1065 2298 1160 2372 ad
1189 2323 1446 2397 agrum
1483 2296 1874 2372 colendum
1920 2308 2211 2394 attinet3
2257 2309 2635 2404 vitamque

497 2415 686 2487 hanc
717 2417 1094 2500 rusticam,
1127 2434 1348 2508 quam
1383 2424 1466 2482 tu
1496 2409 1771 2510 probro
1804 2421 1879 2482 et
1906 2417 2193 2486 crimini
2224 2428 2440 2514 putas
2478 2439 2635 2488 esse

497 2540 834 2625 oportere
850 2578 870 2611 ,
913 2538 990 2595 et
1017 2521 1597 2594 honestissimam
1630 2533 1705 2592 et
1740 2526 2234 2597 suavissimam
2262 2551 2415 2599 esse
2446 2525 2640 2599 arbi-

407 2623 412 2634 ’
497 2649 799 2707 trantur.
824 2631 1024 2726 Quid
1055 2643 1350 2704 censes*
1377 2631 1583 2702 hunc
1607 2633 1847 2728 ipsum
1876 2637 2031 2707 Sex.
2062 2641 2408 2709 Roscium
2427 2693 2446 2726 ,
2479 2661 2637 2737 quo

495 2745 776 2834 studi0,
815 2759 889 2816 et
911 2767 1060 2841 qua
1089 2742 1565 2840 intelligentia
1606 2761 1760 2812 esse
1792 2744 1869 2812 in
1904 2747 2190 2816 rusticis
2226 2747 2497 2819 rebus?
2528 2755 2634 2823 Ut

495 2881 584 2926 ex
617 2854 732 2926 his
758 2856 1192 2952 propinquis
1221 2854 1416 2948 ejus,
1447 2849 1874 2923 hominibus
1906 2851 2435 2928 honestissimis
2458 2913 2479 2942 ,
2510 2883 2640 2930 au-

496 2963 660 3052 dio,
703 2987 856 3034 non
889 2977 972 3032 tu
1002 2965 1080 3032 in
1113 2966 1252 3032 isto
1283 2957 1591 3032 artificio
1622 2965 2070 3035 accusatorio
2110 2965 2436 3037 callidior
2455 2963 2487 3011 3
2534 2993 2637 3057 οε,

495 3097 718 3170 quam
737 3071 862 3143 hic
878 3074 956 3142 in
983 3075 1454 3157 suo.Verum,
1477 3083 1563 3139 ut
1584 3069 1878 3166 opinor,
1904 3076 2259 3169 quoniam
2281 3077 2383 3145 ita
2408 3073 2641 3174 Chry-

496 3205 776 3280 sogono
805 3179 1116 3268 videtur,
1143 3182 1274 3276 qui
1303 3179 1478 3249 huic
1509 3177 1795 3249 nullum
1826 3181 2179 3278 praedium
2208 3185 2540 3284 reliquit,
2564 3202 2642 3261 et

495 3409 610 3448 sunt
634 3413 851 3458 mecum,
887 3405 938 3445 et
965 3396 1116 3445 vieini
1145 3395 1282 3444 urbis
1313 3393 1517 3460 Arpini,
1674 3399 1839 3446 xvn.
1890 3415 1934 3447 ι.
2003 3400 2342 3468 Unusquisque
2392 3415 2635 3456 vem-um.

494 3493 614 3526 men
643 3479 830 3542 pan-ine.
1604 3473 1823 3526 Sub-nd.
1840 3476 1990 3527 novit.

563 3558 616 3606 6.
649 3555 891 3625 conficta.
917 3555 1126 3604 Dixcnt
1138 3556 1244 3615 J'm
1271 3561 1414 3602 onte·
1437 3554 1522 3602 u·
1676 3569 1731 3606 a.
1760 3557 1895 3619 Quid
1922 3573 2107 3610 censes.
2126 3561 2373 3622 Trtieetio
2404 3561 2638 3612 Ciceroni

495 3635 602 3684 vius
641 3635 985 3695 Andronicus,
1028 3634 1116 3698 qni
1159 3635 1348 3698 primns
1385 3630 1521 3696 apud
1603 3649 1711 3684 mn
1748 3635 1981 3688 insolens.
2010 3639 2153 3688 Ordo
2174 3637 2297 3688 ‘vult
2334 3647 2394 3689 ut
2432 3641 2638 3691 verbm

495 3713 693 3760 utino·
737 3711 908 3761 docuit
945 3711 1214 3762 concedito
1251 3720 1305 3761 ot
1334 3721 1519 3776 αἱμ-
1604 3729 1769 3763 censu
1786 3717 2061 3768 collocetur
2084 3727 2201 3784 post
2224 3733 2359 3778 esse,-
2384 3731 2437 3768 et
2456 3733 2515 3770 ut
2534 3723 2635 3786 pn·-

494 3790 600 3838 diu
615 3825 632 3852 ,
684 3811 708 3834 ι
725 3790 1013 3840 comedim
1053 3807 1160 3840 enno
1215 3789 1518 3856 quotidiana
1604 3807 1683 3840 mn
1708 3809 1813 3842 m
1834 3796 1969 3859 Qm'd
1984 3797 2337 3861 pronuntietur
2370 3815 2462 3864 per
2482 3801 2636 3848 inter·

493 3870 606 3916 vitae
629 3867 885 3933 speculan
907 3887 952 3920 ι.
979 3895 1052 3906 -·-
1079 3872 1214 3920 Loco
1241 3869 1519 3919 viam
1604 3873 1940 3936 rogationem:
1965 3875 2143 3940 Quid?
2179 3877 2261 3925 Sic
2298 3877 2363 3927 de
2397 3881 2538 3927 Orat.
2574 3881 2631 3940 1,

491 3947 609 3996 edit.
624 3945 1084 3998 venetuvoeeaam.
1125 3949 1136 3972 ¹
1606 3965 1691 4012 ²⁷·
1710 3953 1887 4015 Agar.
1910 3955 1989 4018 11,
2026 3971 2109 4018 17,
2130 3965 2226 4006 etc.

511 4083 520 4089 ,
565 4041 613 4088 7.
647 4025 738 4076 Sis.
767 4025 820 4073 Si
847 4027 950 4074 vio:
980 4025 1182 4076 verbnm
1205 4026 1460 4076 comicum.
1676 4031 1725 4080 3.
1757 4029 2017 4084 callidior.
2046 4035 2283 4099 Pei-itior,
2304 4035 2627 4084 exencitatior.
