2984 4684
781 338 892 409 IN
941 337 1394 407 VERREM
1443 336 1765 407 ACTIO
1816 336 2169 407 PRIMA.
2404 338 2541 430 247

403 456 594 531 rebit
615 485 632 529 z
663 458 776 529 sin
793 458 1002 530 istius
1028 462 1358 557 ingentes
1375 457 1639 531 divitiae
1654 456 2102 554 judiciorum
2116 454 2547 555 religionem

403 572 928 665 veritatemque
949 566 1012 613 ¹⁵
1040 566 1549 667 perfregerint3
1586 592 1722 666 ego
1752 567 1893 639 hoc
1919 582 2161 639 tamen
2188 590 2557 665 assequar,

403 693 490 751 ut
517 677 878 774 judicium
912 681 1157 777 potius
1185 676 1638 778 reipublicae,
1671 701 1891 776 quam
1929 692 2057 750 aut
2092 701 2262 749 reus
2282 675 2551 773 judici-

404 784 546 859 bus
566 840 586 874 ,
620 800 746 858 aut
775 801 1148 859 accusator
1177 812 1307 860 reo
1342 786 1662 861 defuisse
1689 788 2041 861 videatur.

502 900 592 967 11.
629 897 981 994 Equidem
1005 954 1026 987 ,
1087 913 1172 971 ut
1220 897 1486 991 deme
1526 897 1909 985 confitear,
1946 896 2272 993 judices»,
2315 923 2550 996 quum

409 1007 652 1079 multae
696 1009 874 1080 mihi
907 1034 948 1080 a
984 1014 1064 1083 C.
1100 1013 1329 1082 Verre
1377 1010 1655 1083 insidiae
1676 1021 1697 1053 ¹
1744 1024 1939 1081 terra
1974 1009 2307 1105 marique
2351 1006 2553 1081 factae

315 1191 318 1194 .
408 1118 592 1203 sint,
637 1143 822 1216 quas
872 1120 1136 1217 partim
1191 1145 1352 1192 mea
1402 1121 1775 1219 diligentia
1826 1119 2237 1207 devitat-im,
2288 1119 2552 1215 partim

410 1230 810 1299 amicorum
843 1230 1089 1301 studio
1116 1228 1511 1329 officioque
1547 1229 1971 1329 repulerim3
2014 1229 2419 1326 numquam
2456 1243 2558 1300 ta-

411 1363 580 1411 men
614 1363 858 1437 neque
891 1356 1178 1413 tantum
1220 1342 1627 1440 periculum
1668 1340 1849 1411 mihi
1883 1338 2081 1412 adire
2121 1340 2315 1409 visus
2351 1364 2515 1410 sum
2535 1394 2555 1427 ,

409 1474 652 1546 neque
693 1465 1074 1549 tantopere
1123 1452 1501 1551 pertimui,
1534 1467 1621 1523 ut
1678 1475 1878 1522 nunc
1924 1451 2003 1521 in
2046 1451 2204 1548 ipso
2253 1450 2551 1546 judicio.

414 1562 668 1657 Neque
695 1576 982 1633 tantum
1009 1587 1128 1635 me
1162 1564 1607 1662 exspectatio
1634 1562 2110 1634 accusationis
2142 1584 2321 1631 meae
2338 1614 2358 1649 ,
2391 1585 2559 1632 con-

417 1682 866 1769 cursusque²
907 1686 1120 1745 tantae
1153 1672 1676 1761 multitudinis,
1704 1669 1978 1770 quibus
2009 1693 2145 1767 ego
2183 1668 2406 1741 rebus
2438 1694 2560 1742 ve-

417 1778 954 1855 hementissime
1000 1784 1420 1883 perturbor,
1467 1797 1915 1871 commovet,
1956 1795 2315 1880 quantum
2354 1780 2559 1851 istius

350 1892 358 1901 ’
417 1890 684 1963 insidiae
743 1890 1031 1966 nefariae
1053 1948 1073 1981 ,
1137 1919 1322 1993 quas
1387 1920 1539 1967 uno
1602 1908 1938 1991 tempore
2004 1890 2216 1978 mihi,
2269 1890 2479 1962 vobis
2498 1888 2555 1979 3,

419 1999 530 2071 Μ’.
564 2000 943 2073 Glabrioni
981 2007 1303 2102 praetori,
1341 2006 1553 2076 sociis
1570 2008 1626 2089 ⁴,
1664 2005 1927 2077 exteris
1952 1999 2373 2074 nationibus
2393 2057 2414 2090 ,
2442 2028 2562 2075 or·-

421 2109 602 2199 dini,
653 2116 934 2185 nomini
971 2114 1291 2213 denique
1337 2118 1702 2188 senatorio
1741 2113 1977 2187 facere
2029 2128 2387 2185 conatur:
2429 2113 2563 2211 qui

423 2222 524 2293 ita
547 2222 860 2314 dictitat,
887 2226 974 2296 iis
1003 2251 1157 2298 esse
1193 2225 1712 2316 metuendum,
1751 2226 1877 2323 qui
1898 2280 1919 2314 ,
1954 2224 2159 2322 quod
2186 2224 2361 2323 ipsis
2394 2223 2563 2295 solis

425 2334 585 2406 satis
621 2349 850 2421 esset,
903 2338 1464 2436 surripuissent3
1517 2361 1593 2408 se
1630 2350 1915 2408 tantum
1957 2336 2319 2432 rapuisse,
2374 2350 2457 2409 ut
2489 2333 2562 2406 id

501 2560 575 2609 15.
597 2559 812 2611 Malebat
844 2560 1102 2612 Manutiu-
1125 2563 1442 2613 severt’tatem.
1534 2561 1813 2611 —Exeeris
1831 2560 2128 2610 nationibus.
2150 2560 2327 2624 Legem
2346 2560 2409 2609 de
2424 2576 2564 2625 repe·

429 2640 563 2689 uste,
619 2642 786 2704 Quum
831 2640 1010 2691 eodem
1060 2658 1206 2691 sensu
1258 2643 1446 2691 veritas
1535 2642 1705 2691 tundis
1740 2656 1905 2689 earum
1941 2654 2087 2688 cansa
2125 2640 2298 2698 latam,
2327 2651 2565 2703 quantum

429 2730 694 2785 usurpetur.
1534 2722 1589 2769 in
1623 2736 1677 2769 se
1708 2730 1807 2778 est,
1835 2718 2078 2769 tollendo.
2108 2718 2225 2769 vid.
2253 2734 2362 2783 cap.
2390 2726 2472 2775 η.
2492 2746 2569 2758 --

495 2802 557 2847 [Ι.
589 2816 633 2847 1.
660 2798 882 2849 Insidiae.
914 2802 1114 2864 Cicero,
1139 2818 1292 2866 quum
1323 2801 1448 2850 redi-
1540 2797 1729 2849 ordini.
1752 2798 2025 2857 Faciundo,
2062 2808 2121 2847 nt
2148 2796 2335 2858 judicia
2368 2808 2565 2846 senato-

433 2888 502 2928 ret
516 2896 544 2928 e
563 2879 727 2929 Sicilia
741 2914 756 2939 ,
775 2894 922 2943 quam
945 2878 1236 2945 colligendis
1255 2882 1310 2929 in
1326 2882 1448 2929 'Ver-
1532 2880 1671 2929 ribus
1694 2878 1989 2927 auferantur.
2018 2902 2088 2915 -·
2110 2877 2328 2925 Nemini.
2356 2877 2566 2927 utillud

433 2974 520 3007 ren
535 2960 826 3007 testimoniis
846 2968 1208 3025 peragraverat,
1231 2962 1394 3010 noluit
1415 2976 1442 3009 a
1534 2976 1639 3007 non
1658 2960 1759 3021 jam
1784 2958 1969 3006 honori
1996 2959 2087 3015 sit,
2125 2957 2211 3005 sed
2234 2960 2401 3021 potins
2422 2957 2567 3021 igno·

433 3038 610 3102 Elegio
627 3051 752 3089 terra
769 3040 862 3087 iter
877 3040 1036 3089 facere
1057 3053 1262 3106 propter
1277 3040 1445 3089 Verris
1535 3039 1715 3087 miniae.
1750 3037 1957 3085 Planum
1992 3048 2068 3085 est
2105 3036 2243 3102 quod
2278 3036 2567 3085 insidiarum

433 3118 650 3168 insidias:
688 3136 718 3167 a
736 3118 958 3177 Vibone,
989 3136 1104 3184 quoe
1131 3131 1206 3169 est
1239 3121 1356 3169 urbs
1391 3122 1444 3169 in
1534 3134 1687 3184 genus
1716 3118 1796 3166 his
1840 3116 2071 3166 omnibus
2106 3128 2315 3165 strueret
2348 3120 2524 3165 Verres
2549 3132 2565 3166 :

435 3212 539 3263 agro
565 3199 762 3247 Bruttio
779 3232 795 3257 ,
815 3198 1006 3247 Veliam
1022 3232 1037 3259 ,
1061 3200 1288 3249 Lucaniae
1311 3200 1452 3266 oppi-
1538 3208 1587 3247 et
1629 3198 1735 3263 ipse
1770 3208 1939 3246 orator
1972 3196 2141 3261 paullo
2182 3196 2338 3253 infra,
2376 3212 2485 3259 cap.
2506 3196 2537 3244 3
2552 3230 2569 3257 ,

437 3278 566 3337 dim,
591 3278 802 3343 parvulo
827 3278 1027 3343 navigio
1057 3280 1266 3330 transiit.
1295 3280 1447 3331 Conf.
1538 3278 1770 3343 explieat.
1788 3279 1887 3326 Iste
1914 3276 2037 3325 olim
2066 3286 2337 3340 postquam
2358 3274 2569 3339 pecnnia

437 3358 562 3407 terr.
596 3360 647 3406 11
663 3392 679 3417 ,
723 3366 809 3415 4ο.
975 3352 982 3365 ’
1524 3358 1823 3407 ‘Ciceronem
1834 3357 2017 3405 «frustra
2038 3369 2353 3421 oppugnare,
2380 3366 2431 3402 et
2458 3353 2573 3402 aedi-

493 3453 544 3486 ο.
591 3438 878 3486 Concursus.
915 3438 1044 3486 Nam
1089 3438 1186 3487 hoc
1229 3449 1452 3505 tempore
1537 3438 1727 3486 litatem
1746 3440 1792 3485 ei
1812 3437 2061 3502 corruptis
2086 3435 2333 3498 suffragiis
2358 3434 2573 3499 adimere

437 3524 624 3579 popter
641 3515 791 3563 ludos
813 3526 864 3563 et
882 3515 1094 3564 lustrum
1111 3516 1252 3580 plebs
1269 3520 1449 3567 rustica
1540 3527 1771 3565 tentasset
1804 3516 1915 3582 (inf.
1954 3515 2041 3581 9),
2080 3513 2173 3561 alia
2209 3528 2343 3560 nunc
2381 3513 2583 3563 rationo·

438 3596 630 3643 lomam
647 3605 962 3644 convenerat.
1540 3612 1682 3657 usus,
1710 3612 1813 3643 sese
1840 3596 1913 3654 ei,
1935 3606 2127 3658 tempus
2161 3592 2392 3653 terendo,
2430 3607 2575 3640 cona-

495 3674 544 3721 3.
560 3674 722 3723 Vobis.
741 3673 820 3723 De
837 3674 958 3738 ipsis
969 3672 1192 3735 judicum
1211 3676 1450 3739 personis.
1540 3675 1687 3723 batur
1710 3675 2011 3735 subducere,
2038 3683 2351 3737 opportunos
2380 3672 2573 3734 judices

435 3778 494 3793 -ι-
516 3752 709 3803 ordini.
726 3756 802 3803 De
817 3754 1048 3804 universo
1065 3766 1238 3803 senatu
1251 3754 1451 3804 dicitur.
1544 3766 1853 3820 exspectans,
1894 3769 2021 3819 quos
2074 3764 2427 3817 corrumperet.
2472 3755 2573 3801 Ista

435 3836 620 3880 3'rustra
649 3833 876 3881 voculam
916 3832 1059 3880 vobis
1113 3845 1285 3882 contra
1327 3836 1453 3885 Mss
1544 3846 1705 3883 autem
1751 3834 1796 3883 si
1840 3835 1884 3882 ei
1932 3832 2215 3903 succederet
2259 3832 2419 3889 fraus,
2456 3842 2575 3880 tnnc

429 3909 571 3960 fidem
600 3909 916 3974 rejiciendam
942 3924 1108 3960 censet
1133 3914 1298 3962 Graev.
1546 3925 1693 3965 tanta}
1718 3914 1931 3963 infamia
1963 3924 2013 3962 et
2032 3912 2224 3973 judices
2239 3946 2256 3971 ‚
2297 3923 2347 3960 et
2373 3921 2573 3976 praetor,

501 4000 550 4048 4.
566 3991 737 4040 Sociis.
761 3992 962 4041 Siculis:
991 4007 1075 4039 eos
1098 4008 1184 4056 per
1205 3992 1455 4042 consulem
1546 4006 1595 4043 et
1638 4005 1831 4042 senatus
1874 3994 2061 4042 conscii
2104 4008 2207 4041 esse
2250 3992 2543 4040 videbantur
2568 4004 2581 4038 :

428 4068 718 4121 deterrendo
757 4072 820 4121 ab
855 4072 1184 4123 accusatione.
1217 4074 1312 4124 1115.
1336 4090 1380 4123 c.
1405 4090 1455 4138 9.
1546 4076 1713 4140 itaque
1750 4084 1931 4123 metum
1962 4074 2137 4123 Cicero
2163 4088 2275 4121 cnm
2313 4071 2391 4121 his
2416 4070 2574 4119 omni·
