2984 4684
1038 374 1178 443 DE
1225 372 1876 447 PROVINCIIS.
2379 370 2523 445 233

389 506 500 575 Sic
535 520 604 571 et
651 504 736 588 Q.
773 502 988 569 Tullio
1032 501 1212 567 fratri
1257 501 1588 569 Ciceronis
1637 501 2039 571 manendum
2082 502 2209 577 fuit
2256 502 2327 569 in
2362 504 2527 569 Asiae

389 628 668 703 praetura
693 632 812 699 per
827 609 1180 674 triennium
1209 624 1476 699 propter
1498 627 1757 686 senatus
1782 608 2143 693 decretum,
2159 633 2300 675 non
2325 610 2527 677 modo

389 735 624 809 proeter
653 736 840 781 suam
865 715 1290 799 voluntatem,
1309 714 1426 781 sed
1448 716 1645 781 etiam
1670 715 1981 781 adversus
1997 716 2357 781 amicorum
2372 740 2529 812 con·

392 824 752 889 tentionem
772 869 792 904 ,
825 821 939 910 qui
958 868 978 903 ,
1027 836 1104 885 ut
1133 822 1194 886 ei
1229 843 1563 887 successor
1600 820 2091 905 decerneretur,
2124 846 2389 911 operam
2420 821 2529 889 de-

393 929 642 999 derant.
673 926 1056 996 Notandum
1082 942 1302 993 tamen
1330 944 1430 993 est
1451 974 1472 1011 ,
1500 928 1748 993 nullam
1776 928 2044 1017 quidem
2070 928 2272 995 fuisse
2302 950 2533 1018 proro-

391 1036 714 1127 gationem
734 1082 754 1117 ,
814 1050 891 1099 ut
948 1054 988 1099 a
1040 1035 1412 1099 volentibus
1471 1034 1885 1101 obtineretur
1938 1037 2289 1124 imperium
2354 1036 2531 1121 ultra

391 1164 674 1224 annum;
703 1140 1126 1209 necessariam
1155 1157 1376 1207 autem
1407 1141 1637 1226 fuisse,
1684 1158 1764 1209 ut
1797 1142 2037 1207 invitus
2070 1142 2393 1231 quispiam
2418 1164 2527 1206 re-

393 1272 654 1315 manere
679 1264 1040 1337 cogeretur.
1066 1248 1302 1335 Elapso
1332 1249 1557 1338 itaque
1584 1271 1760 1327 anno
1787 1260 1826 1313 'a
1858 1249 2109 1339 legibus
2139 1248 2529 1329 constituto,

393 1355 448 1421 si
481 1371 746 1425 senatus
776 1354 1060 1421 misisset
1089 1374 1527 1419 successorem
1543 1402 1563 1437 ,
1622 1356 1985 1421 necessario
2026 1371 2163 1423 erat
2208 1352 2532 1421 deceden-

393 1462 596 1545 dum3
633 1461 689 1526 si
725 1476 1138 1551 prorogasset
1165 1460 1516 1549 imperium
1533 1510 1553 1545 ,
1588 1462 1949 1537 necessario
1990 1461 2423 1543 manendum3
2473 1460 2531 1525 si

397 1584 706 1635 neutrum
725 1614 744 1647 ,
778 1567 1060 1632 liberum
1095 1583 1232 1632 erat
1261 1568 1523 1656 praetori
1550 1584 1697 1633 tum
1723 1566 2057 1651 decedere,
2084 1584 2225 1635 tum
2248 1589 2531 1633 manere.

397 1674 623 1739 Cicero
657 1674 842 1762 epist.
879 1696 992 1754 10,
1017 1672 1130 1738 lib.
1162 1673 1265 1737 11:
1299 1702 1327 1729 κ
1347 1673 1567 1756 Quare
1586 1720 1605 1755 ,
1636 1674 1727 1739 mi
1762 1673 1969 1751 Rufe,
1996 1673 2218 1764 vigila,
2242 1674 2535 1762 primum

399 1795 474 1843 ut
492 1778 655 1845 mihi
683 1776 1102 1861 succedatur;
1133 1780 1235 1843 sin
1275 1776 1344 1847 id
1387 1780 1546 1861 erit,
1572 1795 1649 1844 ut
1684 1780 1909 1845 scribis
1928 1826 1949 1863 ,
1998 1796 2065 1845 et
2096 1795 2173 1844 ut
2206 1802 2327 1870 ego
2356 1778 2537 1846 arbi·-

399 1901 558 1968 tror,
589 1885 890 1974 spissius,
922 1884 1118 1967 illu‘d,
1145 1884 1328 1973 quod
1359 1885 1545 1951 facile
1581 1902 1681 1951 est
1705 1934 1723 1968 ,
1770 1909 1853 1951 ne
1884 1884 2047 1975 quid
2078 1886 2241 1979 mihi
2276 1902 2538 1975 tempo-

399 1993 486 2057 ris
515 2008 964 2082 prorogetur».
993 1992 1072 2056 In
1106 1993 1330 2081 primis
1367 1993 1545 2059 enim
1578 2016 1659 2057 ex
1684 2016 1797 2075 eo,
1816 1992 1999 2081 quod
2026 1991 2107 2059 de
2138 2008 2421 2080 utroque
2442 1991 2539 2057 la·
2606 2040 2613 2046 -

398 2099 626 2181 horat,
673 2114 888 2187 patet,
933 2114 1290 2187 utrumque
1330 2101 1624 2187 potuisse
1673 2122 1809 2164 non
1848 2101 2255 2190 contingere3
2300 2098 2541 2165 deinde

399 2204 686 2294 primum
727 2205 923 2294 petit,
984 2221 1062 2269 ut
1107 2205 1230 2270 sibi
1267 2205 1660 2273 „succedatur
1679 2254 1697 2289 ‚
1744 2222 1823 2271 ut
1862 2207 2222 2271 necessario
2262 2206 2418 2287 sibi,
2474 2220 2541 2269 et
2586 2218 2593 2225 ’

403 2312 542 2377 sine
585 2312 718 2377 ulla
759 2311 1262 2401 reprehensione
1303 2308 1754 2377 decedendum
1790 2312 1913 2394 sit3
1966 2312 2096 2377 hoc
2136 2312 2189 2377 si
2236 2310 2373 2379 fieri
2420 2332 2539 2376 ne·

401 2432 627 2505 queat,
667 2439 751 2481 ne
789 2416 948 2503 quid
983 2418 1292 2506 temporis
1327 2434 1743 2506 prorogetur,
1774 2440 1858 2482 ne
1884 2418 2007 2483 sibi
2032 2418 2375 2483 necessitas
2396 2440 2541 2506 per-

401 2523 708 2589 manendi
730 2524 1128 2613 imponatur.
1150 2523 1444 2589 Tandem
1469 2524 1766 2613 loquitur
1791 2523 1873 2589 de
1892 2510 2351 2614 prorogatione
2372 2540 2539 2589 tem·

402 2631 604 2720 poris,
621 2652 759 2695 non
783 2630 1039 2719 imperii
1059 2656 1077 2713 3
1121 2630 1274 2719 quia
1297 2653 1436 2695 non
1463 2630 1940 2720 prorogabatur
1968 2630 2349 2719 imperium,
2370 2629 2541 2693 sicut

402 2754 553 2801 ante
585 2736 796 2824 legem
831 2736 1198 2805 Corneliam
1219 2781 1238 2816 ‚
1275 2735 1391 2802 sed
1424 2751 1685 2825 tempus
1712 2734 2027 2801 manendi
2060 2736 2127 2801 in
2166 2734 2535 2824 provinciis.
2596 2742 2603 2748 ’

490 2842 655 2925 Quoe
699 2864 856 2907 vero
901 2840 984 2906 de
1020 2842 1332 2907 Cicerone
1376 2840 1707 2923 dicuntur,
1752 2841 2113 2907 accuratius
2161 2839 2539 2929 explicanda

401 2962 556 3013 sunt
579 2971 596 3013 ε
622 2968 775 3011 nam
799 2947 1114 3037 Pompeio
1145 2946 1709 3013 tertium-consule
1733 2945 1978 3011 factum
2004 2962 2104 3011 est
2127 2962 2540 3012 senatuscon-

401 3054 676 3137 sultum,
705 3069 870 3120 teste
889 3054 1106 3119 Dione
1129 3054 1240 3119 lib.
1263 3054 1411 3119 XL:
1449 3054 1589 3118 «Ne
1623 3054 1925 3119 consules
1948 3069 2016 3118 et
2042 3067 2345 3142 praetores
2369 3056 2541 3119 irent

403 3160 470 3225 in
493 3160 856 3248 provincias
879 3160 1048 3225 intra
1075 3160 1605 3251 quinquennium
1624 3190 1675 3242 u,
1695 3183 1831 3248 quo
1850 3161 2105 3250 privati,
2128 3176 2323 3248 atque
2343 3160 2539 3225 etiam

403 3266 542 3355 ipse
571 3268 797 3333 Cicero
829 3268 1034 3333 coacti
1059 3284 1218 3333 sunt
1246 3272 1340 3331 ire
1368 3268 1438 3333 in
1473 3268 1880 3356 provincias3
1926 3284 1993 3332 et
2020 3267 2127 3331 ille
2155 3264 2420 3355 quidem
2444 3264 2542 3329 in-

403 3373 609 3453 vitus3
643 3370 804 3461 quid
830 3373 1006 3438 enim
1035 3371 1105 3438 id
1134 3373 1420 3462 privatus
1446 3374 1760 3456 ambiret,
1798 3374 1979 3461 quod
2009 3391 2247 3463 proetor
2273 3388 2339 3437 et
2372 3391 2535 3436 con·

403 3477 506 3542 sul
531 3478 978 3568 repudiasset?
1008 3480 1235 3561 Quum
1277 3479 1478 3568 igitur
1515 3480 1701 3545 inviti
1732 3481 2165 3559 mitterentur,
2190 3477 2274 3544 ad
2306 3500 2537 3542 eorum

404 3584 704 3650 solatium
723 3631 741 3666 ,
773 3584 934 3649 illud
966 3584 1288 3673 singulare
1319 3584 1615 3650 additum
1639 3602 1803 3674 puto
1836 3584 2433 3665 senatusconsulto,
2459 3600 2539 3649 ut

353 3774 356 3777 ἦ
403 3712 652 3757 annuas
685 3706 942 3755 tantum
973 3690 1288 3755 haberent
1317 3691 1700 3779 provincias.
1730 3692 1835 3755 Sic
1858 3690 2041 3778 epist.
2068 3714 2131 3777 7,
2154 3690 2267 3755 lib.
2290 3690 2431 3773 XV,
2454 3689 2539 3755 ad

405 3796 786 3861 Marcellum
811 3821 828 3861 ε
869 3798 1010 3862 «Ne
1037 3796 1198 3885 quid
1219 3796 1482 3862 accedat
1512 3796 1821 3885 temporis
1846 3795 1930 3860 ad
1959 3794 2051 3879 id,
2072 3795 2254 3883 quod
2276 3812 2352 3859 tu
2378 3796 2541 3859 mihi

405 3920 474 3989 et
501 3905 568 3969 S.
590 3899 669 3970 Ὀ.
699 3921 766 3970 et
797 3906 939 3993 lege
968 3902 1168 3969 finisti
1183 3934 1230 3968 ιι.
1265 3904 1434 3969 Ibid.
1457 3927 1559 3992 ep.
1589 3907 1703 3985 14,
1733 3902 1817 3967 ad
1838 3904 2169 3969 Cassium:
2204 3902 2351 3969 «Ad
2368 3904 2540 3968 hanc

413 4012 832 4099 provinciam,
863 4033 1060 4099 quam
1093 4026 1160 4081 et
1199 4026 1490 4093 senatus,
1526 4026 1593 4076 et
1626 4010 1907 4101 populus
1938 4030 2223 4077 annuam
2260 4032 2401 4075 esse
2420 4029 2543 4073 vo·
