2984 4684
431 370 566 455 164
1065 368 1162 443 Μ.
1213 372 1289 442 Τ.
1344 372 1907 447 CICERONIS

415 493 688 565 abhinc
717 496 1116 565 triennium
1145 495 1428 566 Roscio.
1467 494 1713 585 Quid?
1752 498 1973 567 recita
2002 497 2211 565 istam
2238 502 2549 597 restipu-

421 608 762 677 lationem
791 604 1072 677 clariuS.
1103 604 1448 693 Attende,
1472 629 1747 704 quaeso,
1773 610 1957 677 Piso.
1991 610 2345 679 Fannium
2370 612 2553 681 invi·

421 732 617 804 tum,
645 732 722 787 et
752 713 900 787 huc
927 729 1147 813 atque
1185 714 1359 787 illuc
1400 720 1985 813 tergiversantem
2002 770 2023 805 ,
2050 720 2549 791 testimonium

415 844 674 899 contra
703 852 780 898 se
809 825 1050 898 dicere
1081 849 1286 925 cogo.
1320 826 1519 918 Quid
1545 830 1743 898 enim
1774 828 2221 925 restipulatio
2252 830 2555 901 clamat?

415 942 633 1031 Quon
659 964 704 1009 A
737 944 1008 1010 Fmvlo
1034 960 1465 1023 Ans‘mLmiO,
1492 962 1785 1009 ran-rim
1814 962 2173 1014 murnum
2206 960 2377 1011 mm:
2400 944 2549 1012 Ro-

415 1072 570 1121 scio
601 1074 704 1120 in:
735 1072 1166 1121 sonu-runnu
1195 1072 1535 1119 sronnno.
1559 1052 1711 1119 Tua
1740 1072 1883 1118 vox
1906 1061 2057 1137 est,
2083 1053 2329 1121 Fanni.
2348 1050 2549 1142 Quid

421 1176 498 1231 tu
523 1158 806 1231 auferre
827 1174 1038 1257 potes
1061 1184 1102 1229 a
1131 1158 1393 1247 Flavini,
1425 1162 1484 1229 si
1505 1159 1785 1231 Flavius
1810 1158 1994 1229 nihil
2022 1157 2327 1232 debet3?
2351 1160 2549 1252 Quid

417 1268 536 1339 hic
567 1292 790 1365 porro
821 1290 1021 1338 nunc
1048 1267 1537 1365 restipulatur,
1562 1266 1766 1365 quod
1795 1268 2227 1367 jampridem
2250 1273 2409 1368 ipse
2420 1298 2551 1342 ex-

321 1473 326 1482 *
415 1380 657 1475 cgit⁴i³
695 1376 873 1476 quid
915 1402 1088 1447 vero
1123 1377 1404 1448 Flavius
1439 1376 1575 1448 tibi
1608 1377 1911 1449 daturus
1944 1394 2081 1466 est,
2122 1384 2253 1478 qui
2284 1386 2547 1454 Roscio

413 1514 636 1560 omne
653 1542 672 1573 ,
697 1485 902 1585 quod
931 1485 1222 1575 debuit,
1249 1486 1615 1559 dissolvit?
1646 1492 1877 1569 curin
1904 1514 1981 1560 re
2010 1504 2155 1561 tam
2186 1496 2409 1563 veteri
2426 1548 2447 1583 ,
2468 1496 2545 1564 in

413 1602 710 1697 negotio
733 1612 880 1668 tam
907 1593 1242 1669 confecto
1259 1592 1313 1684 ⁵,
1331 1600 1407 1667 in
1427 1600 1769 1671 societate
1790 1597 2158 1688 dissoluta,
2186 1625 2373 1673 nova
2394 1600 2549 1673 haec

415 1710 864 1807 restipulatio
879 1710 1368 1806 interponitur
1381 1708 1601 1798 PQuis
1618 1723 1727 1779 est
1747 1706 1875 1805 huj
1886 1732 1969 1779 us
1984 1711 2548 1809 restipulationis

407 1816 816 1918 scriptor⁶?
879 1819 1126 1889 testis?
1177 1818 1490 1890 arbiter?
1539 1821 1758 1915 quis?
1806 1834 1922 1906 tu,
1966 1824 2151 1891 Piso,
2199 1825 2309 1893 Tu
2348 1827 2545 1898 enim

413 1934 503 2022 Q.
520 1932 860 2001 Roscium
883 1953 1020 2028 pro
1047 1952 1300 2026 opera,
1319 1952 1456 2026 pro
1476 1926 1725 1999 labore'
1745 1983 1768 2018 ,
1790 1928 1989 2025 quod
2014 1936 2349 2027 cognitor
2374 1930 2547 2003 fuis-

413 2057 559 2129 set,
591 2038 794 2138 quod
818 2038 1230 2110 vadimonia
1261 2037 1535 2109 obisset
1554 2092 1575 2125 ,
1600 2041 1895 2135 rogasti,
1930 2054 2015 2111 ut
2044 2046 2316 2112 Fannio
2342 2040 2548 2114 daret

415 2158 602 2225 H-S⁷
631 2174 950 2237 recinat),
985 2148 1122 2221 hac
1150 2145 1641 2235 conditione⁸‚
1672 2164 1792 2237 ut,
1824 2150 1883 2219 si
1918 2149 2097 2249 quid
2124 2152 2248 2222 ille
2276 2156 2548 2249 exegis-

415 2273 558 2335 set⁹
575 2287 614 2333 a
635 2262 898 2349 Flavio,
923 2275 1202 2358 partem
1236 2260 1393 2355 ejus
1416 2256 1789 2329 dimidiam
1812 2263 2073 2332 Roscio
2094 2259 2541 2335 dissolveret.

411 2376 686 2446 Satisne
717 2374 854 2441 ista
879 2371 1327 2468 restipulatio
1357 2369 1603 2440 dicere
1631 2368 1763 2440 tibi
1790 2370 2081 2443 videtur
2099 2386 2380 2469 aperte,
2404 2379 2545 2443 Ro·

415 2486 646 2554 scium
669 2506 809 2580 pro
847 2506 925 2565 se
957 2478 1353 2553 decidisse?
1401 2484 1497 2551 At
1520 2482 1719 2550 enim
1750 2478 2051 2551 forsitan
2079 2478 2223 2553 hoc
2262 2480 2394 2553 tibi
2424 2508 2545 2555 ve-

413 2597 567 2665 niat
593 2596 668 2663 in
701 2593 1555 2688 mentem,repromisisse
1582 2594 1935 2663 Fannium
1956 2596 2244 2681 Roscio,
2266 2596 2325 2663 si
2360 2594 2543 2691 quid

409 2732 454 2777 a
479 2705 720 2777 Flavio
747 2705 1096 2799 exegisset
1111 2756 1132 2787 ,
1157 2702 1220 2797 ej
1231 2726 1314 2772 us
1337 2714 1615 2799 partem
1646 2699 2017 2771 dimidiam
2040 2728 2059 2789 3
2086 2702 2213 2774 sed
2240 2706 2543 2776 omnino

410 2817 730 2911 exegisse
762 2810 970 2883 nihil.
1000 2810 1242 2901 Quid?
1267 2827 1350 2882 tu
1383 2835 1533 2881 non
1568 2813 1841 2882 exitum
1867 2817 2366 2903 exactionis¹⁰,
2414 2814 2541 2887 sed

413 2926 704 2995 initium
735 2923 1312 3020 repromissionis
1343 2935 1669 3017 spectare
1700 2919 1962 3012 debes;
2006 2947 2245 3021 neque
2266 2979 2287 3013 ,
2329 2928 2387 2995 si
2422 2926 2541 2996 ille

1516 3157 1753 3193 summm
1766 3176 1783 3203 ‚
1823 3158 1971 3209 quain
2010 3144 2117 3209 ipae
2159 3161 2188 3194 a
2228 3146 2395 3197 Flavio
2426 3164 2539 3198 exe·

1516 3225 1677 3289 gin-et,
1693 3223 1827 3272 daret
1842 3226 1867 3271 ?
1884 3226 2095 3289 Cori-igit
2114 3227 2281 3277 lamb.
2298 3244 2539 3290 cemma,

481 3148 534 3195 3.
589 3142 726 3195 Nihil
757 3143 914 3192 debet.
959 3142 1012 3191 Si
1057 3153 1192 3193 tuam
1231 3158 1430 3208 qnoque

411 3236 598 3292 purtem
615 3224 802 3275 Roscio
823 3222 1064 3271 dia-olvit.

481 3312 532 3361 4.
553 3304 748 3369 Exegit.
771 3301 990 3351 Abstulit
1022 3316 1051 3348 ι
1077 3300 1274 3358 Flavio,
1296 3303 1338 3348 si
1365 3302 1428 3349 de

409 3394 516 3434 tota
541 3400 592 3431 re
617 3382 820 3432 decidit.

481 3467 530 3513 5.
563 3466 682 3512 Tam
715 3458 955 3525 conficto.
985 3456 1200 3507 Omnino
1233 3456 1428 3507 absolu·

407 3556 480 3593 to.
517 3546 628 3591 Iam
667 3537 958 3600 conjiciebat
993 3538 1226 3585 Pansa-nt.
1249 3548 1300 3584 et
1323 3538 1428 3585 Gu-

405 3623 796 3765 belg-sedpm·
825 3697 1064 3747 Jctorm
1095 3710 1246 3759 opera
1273 3694 1350 3743 hi·
1373 3696 1427 3745 in

405 3783 552 3831 rebus
593 3779 878 3833 nub-ntur,
921 3775 1010 3838 qui
1059 3772 1173 3823 ideo
1216 3774 1427 3823 scribere

403 3862 636 3911 dicuntur
653 3873 806 3923 quum
829 3864 1016 3903 cavent·

475 3956 528 4000 7.
568 3939 690 3993 H-S,
739 3944 838 3983 etc.
899 3931 1182 3981 Sestertium
1227 3942 1424 3981 oenum

400 4020 564 4069 millia.
595 4014 910 4066 nanifestam
929 4012 1122 4059 vitium.
1155 4010 1421 4074 Quomodo

391 4099 527 4150 enim
541 4096 754 4146 Roscius
772 4091 959 4141 Fannio
976 4105 1073 4153 pro
1091 4104 1238 4155 open
1264 4098 1422 4139 totam

1516 3303 1551 3351 i.
1572 3318 1617 3350 e.
1642 3303 1923 3365 quindecim
1946 3304 2113 3351 millia.
2148 3308 2341 3355 Manut-
2368 3326 2539 3369 emon,

1516 3382 1685 3430 docem
1718 3382 1885 3431 millia.
1918 3384 2109 3433 Erue-t.
2138 3400 2249 3433 ωηο
2264 3420 2279 3445 ,
2304 3389 2541 3453 quinqua·

1516 3461 1651 3524 ginta
1680 3462 1847 3513 millia.
1872 3462 2033 3511 Codd.
2062 3466 2231 3514 Oxou.
2258 3468 2332 3514 lv
2360 3468 2541 3517 habent

1512 3556 1713 3589 corma.

1586 3621 1639 3668 Β.
1670 3622 1779 3667 Hac
1806 3620 2101 3669 condicione.
2136 3624 2267 3688 Ergo
2300 3641 2427 3690 pura
2462 3642 2539 3675 re·

1514 3700 1837 3762 promissione
1860 3712 1913 3749 et
1931 3700 2315 3765 restipulatione.

1546 3818 1553 3825 .
1584 3794 1635 3839 9.
1670 3778 1946 3843 iffa-egisset.
1981 3778 2279 3830 Absmlinset
2309 3798 2338 3831 a
2372 3784 2539 3839 Flavio

1510 3856 1703 3916 indicio
1730 3857 1895 3905 damni
1917 3858 2217 3919 injuriarum.
2332 3880 2339 3885 ·

1590 3951 1667 3983 10.
1694 3936 2001 3986 Emonam.
2030 3940 2351 3989 Hotomanno
2376 3942 2541 4005 legen·

1512 4014 1629 4063 dum
1653 4016 1913 4065 videbatur
1936 4018 2165 4070 actionis.
2194 4022 2379 4069 Verum
2402 4024 2539 4087 qnod

1508 4095 1701 4143 monuit
1749 4096 2035 4158 Lambinus,
2062 4098 2227 4149 exitus
2269 4104 2541 4153 exactionis
