2984 4684
752 378 863 448 IN
914 373 1350 448 VERREM
1400 371 1620 446 ACT.
1664 374 1774 461 ΙΙ,
1824 372 2010 448 LIB.
2061 379 2112 446 1.
2362 380 2502 454 365

366 475 731 576 cretorum
764 503 1051 572 novitas
1086 500 1576 598 iniquitasque
1616 496 1944 570 declarat.
1963 505 2232 572 Verum
2253 557 2273 592 ‚
2305 519 2390 576 ut
2413 529 2504 576 ex

364 637 515 684 uno
559 610 650 682 de
693 614 948 682 ceteris
989 610 1481 705 conjecturam
1528 609 1758 680 facere
1815 613 2136 709 possitis;
2186 612 2262 684 id
2299 615 2502 712 quod

368 727 611 822 priore
640 725 925 794 actione
959 723 1361 819 cognosti5‚
1406 717 1673 792 audite.

462 834 777 904 XLVIII.
821 835 899 903 G.
931 832 1294 929 Sulpicius
1327 831 1682 928 Olympus
1715 826 1875 901 fuit.
1918 835 1988 902 Is
2027 849 2362 907 mortuus
2398 853 2506 908 est

369 948 448 1015 C.
495 941 878 1014 Sacerdote
916 956 1226 1040 praetore
1244 993 1264 1028 ‚
1308 941 1550 1011 nescio
1593 963 1684 1010 an
1729 955 1927 1029 ante,
1986 966 2208 1039 quam
2245 949 2506 1017 Verres

369 1068 753 1152 praeturam
778 1065 1022 1151 petere
1052 1051 1371 1149 coeperit.
1407 1054 1604 1120 Fecit
1640 1049 1979 1122 heredem
2008 1057 2104 1123 M.
2129 1057 2508 1127 Octavium

367 1167 719 1262 Ligurem.
762 1165 985 1260 Ligur
1012 1159 1479 1232 hereditatem
1518 1159 1737 1230 adiit:
1774 1161 2096 1259 possedit
2129 1163 2510 1237 Sacerdote

372 1290 714 1372 praetore,
763 1274 917 1344 sine
966 1271 1113 1342 ulla
1168 1272 1680 1343 controversia.
1729 1275 2202 1370 Posteaquam
2250 1280 2509 1346 Verres

372 1385 863 1481 magistratum
918 1381 1114 1469 iniit;
1155 1406 1245 1451 ex
1305 1380 1544 1453 edicto
1602 1384 1840 1470 istim,
1889 1382 2134 1480 quod¹
2191 1383 2508 1456 edictum

370 1492 715 1567 Sacerdos
747 1517 903 1565 non
938 1491 1331 1576 habuerat,
1368 1491 1668 1590 Sulpicii
1712 1495 1998 1590 patroni
2049 1492 2192 1565 filia
2240 1492 2512 1566 sextam

372 1620 648 1704 partem
678 1602 1091 1676 hereditatis
1117 1601 1210 1673 ab
1240 1606 1506 1700 Ligure
1538 1618 1784 1701 petere
1822 1607 2065 1702 coepit.
2103 1605 2325 1700 Ligur
2361 1625 2512 1677 non

372 1714 635 1786 aderat.
689 1719 767 1785 L.
809 1710 1221 1808 fraterejus
1266 1737 1556 1784 causam
1593 1712 1894 1812 agebat:
1929 1713 2228 1786 aderant
2262 1718 2510 1804 amici,

373 1823 788 1922 propinqui.
815 1819 1121 1894 Dicebat
1146 1825 1279 1894 iste
1296 1875 1315 1910 ,
1351 1824 1492 1894 nisi
1518 1848 1685 1894 cum
1715 1823 2015 1895 muliere
2035 1823 2536 1913 decideretur‚·

371 1937 449 2006 in
490 1934 1017 2033 possessionem
1061 1959 1137 2006 se
1177 1935 1281 2005 ire
1317 1935 1766 2030 jussurum¹.
1801 1936 1879 2005 L.
1914 1936 2189 2008 Gellius
2226 1961 2512 2012 causam

372 2049 655 2144 Liguris
693 2042 1162 2117 defendebat:
1196 2043 1544 2133 docebat,
1571 2044 1892 2117 edictum
1919 2046 2076 2142 ejus
2111 2071 2261 2118 non
2288 2069 2510 2146 opor·
2589 2045 2598 2056 ’

376 2173 521 2228 tere
572 2155 665 2228 ad
698 2153 1130 2228 hereditates
1162 2155 1394 2228 valere
1416 2211 1435 2244 ‚
1482 2179 1648 2253 quae
1697 2169 1864 2227 ante
1913 2179 2080 2227 eum
2125 2170 2508 2254 praetorem

373 2271 771 2353 venissent3
803 2268 862 2340 si
894 2267 1036 2338 hoc
1069 2281 1227 2337 tum
1264 2263 1515 2337 fuisset
1556 2265 1912 2354 edictum,
1955 2266 2252 2339 fortasse
2291 2269 2513 2366 Ligu-

372 2403 527 2449 rem
577 2376 1051 2450 hereditatem
1090 2376 1455 2448 aditurum
1503 2400 1656 2446 non
1700 2375 1938 2450 fuisse.
1985 2379 2214 2474 AEqua
2263 2393 2515 2476 postu-

376 2487 544 2560 latio
563 2542 582 2573 ‚
615 2512 896 2560 summa
926 2486 1310 2558 hominum
1341 2490 1727 2558 auctoritas
1757 2488 1990 2583 pretio
2019 2487 2512 2584 superabatur.

375 2602 590 2670 Venit
634 2603 940 2671 Romam
994 2597 1269 2694 Ligur:
1312 2621 1465 2667 non
1524 2593 1938 2682 dubitabat,
1987 2599 2213 2692 quin,
2257 2601 2314 2668 si
2362 2599 2516 2695 ipse

377 2712 673 2780 Verrem
728 2707 1223 2794 convenisset,
1288 2708 1628 2803 aequitate
1679 2708 1906 2776 causae
1959 2719 2032 2775 et
2087 2710 2514 2780 auctoritate

377 2809 1010 2891 sua'commovere
1068 2816 1443 2887 hominem
1486 2831 1733 2914 posset
1780 2839 1796 2885 ε
1840 2816 2143 2889 domum
2197 2817 2287 2890 ad
2345 2842 2512 2891 eum

378 2930 573 2999 venit
612 2955 628 2998 :
668 2954 822 3000 rem
867 2927 1356 3015 demonstrat;
1400 2951 1620 3025 quam
1665 2925 1946 3025 pridem
1986 2925 2123 2998 sibi
2157 2928 2516 3002 hereditas

378 3041 724 3125 venisset,
772 3037 1020 3127 docet;
1067 3037 1269 3137 quod
1315 3037 1521 3110 facile
1562 3039 1638 3108 in
1684 3061 1893 3108 causa
1931 3041 2334 3135 aequissima
2379 3041 2514 3111 ho-

378 3152 557 3220 mini
593 3151 973 3246 ingenioso
994 3147 1162 3237 fuit,
1188 3149 1444 3234 multa,
1474 3173 1634 3247 quae
1671 3148 1998 3244 quemvis
2030 3174 2323 3226 movere
2351 3175 2514 3248 pos-

378 3275 572 3347 sent,
614 3258 832 3347 dixit3
878 3259 971 3332 ad
1002 3275 1403 3334 extremum
1444 3274 1690 3358 petere
1729 3261 1992 3358 coepit,
2033 3284 2126 3329 ne
2162 3285 2395 3357 usque
2429 3285 2518 3331 eo

381 3392 583 3439 suam
613 3373 1110 3442 auctoritatem
1146 3369 1581 3470 despiceret,
1613 3369 2059 3469 gratiamque
2095 3365 2516 3443 contemne-

377 3493 532 3564 ret,
582 3493 663 3549 ut
700 3503 775 3549 se
820 3495 1013 3551 tanta
1055 3482 1319 3575 injuria
1352 3480 1692 3553 afficeret.
1737 3487 1974 3553 Homo
2016 3486 2352 3580 Ligurem
2399 3507 2516 3554 ac-

379 3614 629 3662 cusare
673 3591 929 3688 coepit,
962 3593 1088 3688 qui
1131 3593 1209 3662 in
1245 3616 1323 3664 re
1365 3588 1798 3664 adventitia³
1829 3607 2047 3688 atque
2091 3590 2518 3663 hereditaria

448 3839 677 3888 XLVIII.
710 3853 754 3887 ι.
794 3837 942 3901 Quod
978 3836 1206 3887 edictum.
1245 3839 1404 3902 Quem
1491 3839 1693 3889 biennio
1733 3850 1848 3886 anto
1887 3837 2059 3886 consul
2102 3838 2287 3897 fimat,
2330 3851 2378 3888 et
2419 3841 2518 3890 hoe

378 3917 655 3967 articulum.
676 3945 747 3954 —
764 3915 991 3983 Sulpicii,
1016 3927 1110 3966 etc.
1134 3917 1249 3966 Filia
1274 3921 1401 3981 ejus,
1491 3934 1623 3968 anno
1659 3933 1910 3965 censuram
1948 3917 2160 3982 gerebat.
2199 3919 2274 3966 De
2311 3935 2370 3968 eo
2405 3921 2518 3971 vido

379 3997 466 4058 qui
489 3997 757 4060 Sulpicium
782 3997 1141 4046 manumiserat.
1492 4001 1629 4048 Brut.
1656 4013 1766 4062 cap.
1805 4006 1885 4057 47.

455 4089 507 4124 2.
536 4079 755 4126 Graevius
776 4078 1007 4141 conjicit,
1037 4095 1129 4126 «se
1160 4081 1271 4140 jure
1296 4079 1405 4126 mis·
1567 4081 1613 4126 3.
1645 4076 1943 4126 Αάνοηιίιὶα.
1973 4076 2087 4124 Non
2115 4090 2388 4143 exspectata
2406 4115 2420 4137 ,
2445 4091 2518 4128 ut-

380 4168 547 4204 uurum
566 4177 588 4202 ι
605 4189 618 4207 .
645 4158 677 4207 J
682 4191 695 4207 .
720 4161 786 4209 V.
812 4161 869 4209 1..
888 4186 958 4198 --
983 4161 1041 4208 L.
1072 4159 1275 4210 Gellius.
1302 4159 1404 4224 Qui
1492 4169 1610 4224 poto
1637 4173 1746 4223 quae
1777 4173 1877 4208 non
1907 4158 2094 4208 veniret
2122 4175 2148 4207 a
2175 4160 2479 4224 propinquo.

984 4406 1179 4562 y
