2984 4684
518 361 610 456 74
1153 359 1251 426 M.
1303 359 1382 426 Τ.
1437 355 1997 429 CICERONIS

509 476 776 575 deinde
801 477 1175 573 aliquanto
1205 477 1509 565 lentius3
1542 475 1725 548 nihil
1750 497 1986 572 agere,
2020 485 2241 570 atque
2264 471 2649 562 deludam

507 603 904 689 postremo,
935 586 1009 658 id
1043 586 1245 685 quod
1279 585 1485 660 facile
1510 587 1961 658 intellectum
1992 598 2127 672 est,
2156 582 2455 654 insidias
2484 589 2649 656 vitae

507 699 813 796 hujusce
840 701 995 770 Sex.
1027 701 1265 769 Roscii
1294 723 1583 802 parm-03
1616 721 1857 795 neque
1888 721 2043 770 sese
2074 693 2403 766 arbitrari
2435 719 2649 793 posse

511 807 786 880 diutius
809 808 1116 880 alienam
1134 814 1547 906 pecuniam,
1572 807 1875 878 domino
1900 807 2273 892 incolumi,
2292 805 2645 878 obtinere.

610 925 698 992 X.
733 917 952 1011 Quod
983 921 1044 990 is
1071 920 1290 1007 simul
1315 935 1535 1017 atque
1570 921 1817 1006 sensit,
1848 917 1939 988 de
1968 920 2367 990 amicorum
2392 940 2655 1012 cogna-

512 1043 906 1127 torumque
938 1033 1296 1102 sententia
1326 1037 1635 1102 Romam
1668 1027 2035 1126 confugit,
2078 1043 2154 1100 et
2184 1052 2339 1100 sese
2370 1026 2464 1098 ad
2500 1031 2651 1097 Cae-

514 1140 818 1228 ciliam¹,
845 1143 1147 1238 Nepotis
1177 1139 1400 1212 filiam
1421 1195 1440 1228 ,
1475 1165 1697 1239 quam
1725 1141 2029 1212 honoris
2060 1163 2277 1210 causa
2308 1141 2611 1210 nomino
2634 1192 2653 1224 ‚

517 1252 866 1334 contulit,
897 1276 1045 1349 qua
1075 1266 1282 1349 pater
1316 1277 1488 1324 usus
1534 1266 1687 1355 erat
1716 1253 2161 1351 plurimum:
2198 1255 2277 1322 in
2310 1275 2457 1349 qua
2488 1275 2651 1320 mu·

517 1360 690 1432 liere
712 1416 733 1450 ‚
771 1361 1054 1458 judices
1077 1417 1100 1452 ,
1143 1366 1359 1434 etiam
1397 1387 1601 1434 nunc
1622 1417 1641 1450 ,
1686 1361 1765 1434 id
1804 1355 2009 1460 quod
2056 1385 2313 1432 omnes
2370 1384 2657 1457 semper

515 1475 1140 1562 existimaverunt,
1170 1477 1376 1572 quasi
1399 1473 1713 1571 exempli
1736 1483 2016 1560 causa²‚
2043 1473 2343 1567 vestigia
2370 1471 2655 1566 antiqui

517 1581 740 1654 officii
787 1600 1186 1657 remanent.
1236 1589 1338 1656 Ea
1382 1588 1539 1655 Sex.
1571 1586 1917 1656 Roscium
1956 1585 2253 1679 inopem
2280 1635 2301 1668 ‚
2342 1581 2657 1676 ejectum

519 1689 768 1777 domo,
797 1707 1020 1789 atque
1047 1694 1427 1790 expulsum
1457 1719 1547 1765 ex
1574 1696 1723 1764 suis
1748 1692 1989 1780 boniS‚
2019 1689 2417 1786 fugientem
2446 1689 2663 1760 latro-

519 1827 702 1872 num
750 1803 890 1874 tela
935 1817 1008 1874 et
1039 1806 1308 1891 minas»,
1353 1807 1627 1901 recepit
1663 1802 2007 1890 domum3
2038 1795 2503 1898 hospitique³
2534 1823 2663 1896 op·

519 1936 769 2011 presso
796 1915 978 2010 jam,
1021 1913 1551 2012 desperatoque
1579 1912 1671 1984 ab
1706 1912 2087 1999 omnibuS,
2134 1911 2485 2009 opitulata
2530 1924 2659 1980 est.

519 2022 694 2116 Ejus
721 2025 987 2094 virtute
1011 2077 1030 2110 ‚
1056 2021 1202 2094 fide
1221 2077 1239 2109 ‚
1267 2022 1641 2118 diligentia
1666 2021 1939 2100 factum
1972 2036 2117 2110 est,
2148 2035 2235 2092 ut
2263 2019 2385 2092 hic
2415 2023 2665 2119 potius

519 2133 828 2220 vivusin
853 2155 1039 2220 reos,
1066 2156 1288 2228 quam
1313 2135 1597 2212 occisus
1624 2136 1699 2204 in
1728 2132 2220 2230 proscriptos‘*
2249 2128 2661 2202 referretur.

598 2245 802 2422 ffim
837 2257 1226 2339 postquam
1252 2246 1370 2316 isti
1398 2243 1949 2331 intellexerunt,
1980 2265 2265 2314 summa
2294 2239 2667 2340 diligentia

521 2351 596 2420 vi
788 2355 944 2424 Sex.
979 2355 1220 2424 Roscii
1272 2351 1623 2426 custodiri
1642 2407 1663 2442 ‚
1706 2343 1950 2450 neque
1995 2351 2133 2424 sibi
2178 2352 2397 2423 ullam
2452 2350 2666 2422 caedis

523 2453 870 2532 faciendae
891 2475 1322 2560 potestatem
1351 2462 1539 2550 dari,
1566 2464 1953 2536 consilium
1982 2478 2339 2562 ceperunt
2362 2462 2667 2560 plenum

527 2570 816 2642 sceleris
843 2587 918 2643 et
945 2571 1292 2662 audaciai,
1319 2588 1404 2646 ut
1435 2598 1708 2646 nomen
1744 2572 1966 2669 hujus
1994 2571 2085 2646 de
2116 2570 2504 2672 parricidio
2538 2570 2669 2642 de-

529 2679 836 2772 ferrent3
869 2699 951 2755 ut
981 2683 1075 2755 ad
1103 2709 1261 2756 eam
1279 2686 1776 2792 rem-aliquem
1802 2697 2295 2754 accusatorem
2315 2676 2669 2752 veterem⁵

530 2809 1074 2891 compararent,
1114 2799 1244 2893 qui
1277 2795 1368 2867 de
1414 2821 1501 2867 ea
1540 2821 1617 2866 re
1657 2807 1905 2893 posset
1948 2793 2187 2864 dicere
2220 2791 2533 2890 aliquid,
2590 2793 2671 2862 in

531 2925 678 2997 qua
699 2926 778 2973 re
805 2903 1006 2974 nulla
1031 2904 1363 2976 subesset
1387 2908 1743 3004 suspici03
1777 2902 2097 3001 denique
2114 2957 2134 2991 ‚
2172 2917 2287 2991 ut,
2316 2904 2670 3000 quoniam

532 3013 834 3082 crimine
873 3037 1024 3082 non
1060 3030 1431 3114 poterant,
1473 3011 1853 3114 tempore⁶
1898 3018 2059 3113 ipso
2091 3027 2525 3111 pugnarent.
2564 3018 2673 3084 lta

527 3119 734 3218 loqui
764 3121 1140 3194 homines:
1171 3123 1392 3216 Quod
1429 3123 1705 3221 judicia
1752 3140 1898 3196 tam
1949 3124 2077 3196 diu
2124 3121 2313 3196 facta
2358 3115 2513 3194 non
2558 3147 2673 3195 es-

603 3369 672 3418 x.
707 3385 754 3418 1.
783 3366 1044 3418 Coeciliam.
1066 3369 1340 3430 Menum,
1364 3373 1428 3434 Q.
1447 3371 1555 3422 Cae-
1644 3372 1774 3437 patri
1818 3371 2025 3436 hospitii
2066 3369 2479 3425 moestitudinem
2526 3369 2677 3420 fuitne

534 3447 636 3496 eiiii
683 3447 872 3498 Metelli
917 3449 1127 3514 Nepotis
1177 3447 1356 3509 filiam,
1407 3452 1556 3501 Suum
1642 3468 1755 3500 enm
1765 3451 1999 3502 Metellis.

534 3543 738 3576 uxorem
755 3564 770 3587 ,
795 3544 941 3592 quam
969 3528 1052 3578 ille
1077 3540 1358 3580 constanter
1376 3530 1559 3592 coluit,
1718 3540 1771 3588 4.
1808 3534 1873 3579 In
1904 3529 2219 3594 proscriptos.
2264 3530 2333 3576 Ut
2378 3539 2551 3592 peter,
2590 3528 2677 3592 qui

531 3617 584 3656 et
609 3609 748 3669 eujus
771 3610 929 3656 victus
946 3608 1202 3673 precibus,
1225 3609 1561 3676 Raeciumju-
1646 3622 1963 3676 posteaquam
2008 3610 2293 3660 interfectae
2328 3619 2435 3668 eet,
2482 3609 2541 3656 in
2568 3623 2683 3672 pro·

537 3683 669 3733 dicio
721 3686 918 3735 desendi
961 3699 1132 3736 eontra
1185 3687 1561 3754 Chrysogonum
1648 3691 1857 3755 seriptoe
1874 3702 1946 3740 est
1966 3689 2163 3740 relatus.

537 3781 708 3831 peneus
733 3779 824 3818 eat.
844 3767 960 3816 vid.
984 3768 1140 3818 Indic.
1160 3769 1346 3820 Hister.
1722 3772 1769 3820 5.
1798 3775 2035 3820 Veterem.
2062 3768 2237 3818 Multis
2262 3767 2315 3821 in
2345 3766 2679 3817 nocua-fioni-

614 3862 664 3894 α.
691 3847 918 3911 Exempli
952 3864 1124 3898 causa.
1151 3851 1220 3898 Ut
1257 3849 1396 3914 quasi
1425 3850 1563 3898 testi-
1648 3849 1743 3900 bne
1766 3861 2041 3909 versatum3
2067 3847 2532 3914 quod-invidiosum
2558 3856 2681 3894 erat.

541 3928 712 3976 monio
741 3927 806 3976 sit
829 3926 948 3976 olim
981 3927 1128 3978 fuisse
1158 3928 1385 3978 homines
1423 3940 1565 3978 tanto
1722 3930 1777 3978 6.
1824 3932 2071 3994 Tempore.
2118 3929 2379 3992 Temporis
2427 3936 2683 3976 uterentur

540 4005 738 4067 officio,
757 4017 806 4054 et
829 4005 1074 4072 probitate
1095 4007 1346 4073 proeditoe.
1654 4008 2046 4074 opportunitate.
2068 4010 2150 4061 Sic
2176 4007 2271 4058 inf.
2296 4007 2387 4068 13,
2414 4028 2443 4050 α
2460 4004 2681 4070 potentia

616 4087 663 4134 3.
683 4085 988 4152 Hospitique.
1005 4089 1159 4152 Supra
1177 4087 1304 4138 dixit
1322 4091 1372 4140 S.
1385 4088 1569 4138 Roscio
1654 4099 1843 4154 pugnat
1860 4110 1903 4138 υ.
