2984 4684
477 362 620 445 214
1117 358 1214 425 Μ.
1267 358 1344 423 Τ.
1401 354 1963 425 CICERONIS

469 481 756 553 vissime
797 476 1260 575 respondebo
1293 505 1310 547 :
1363 500 1517 547 non
1556 500 1715 551 esse
1750 476 1885 547 hos
1920 472 2099 546 tales
2139 476 2375 547 viros⁴
2404 498 2610 547 com-

473 594 854 676 missuros,
889 603 971 659 ut
989 587 1082 659 ad
1107 608 1396 659 causam
1417 600 1691 657 tantam
1706 640 1725 673 ,
1748 610 1789 656 a
1812 608 1929 657 me
1952 598 2363 683 susceptam
2378 638 2400 673 ,
2427 584 2610 657 mihi

473 701 818 775 creditam
838 753 859 787 ,
885 700 1269 797 quisquam
1297 696 1773 795 subscriptor,
1800 720 1919 769 me
1942 696 2177 767 invito
2194 749 2215 783 ,
2242 694 2610 794 adspirare

474 815 726 911 possit.
751 810 1034 882 Etenim
1061 808 1242 881 fides
1269 830 1433 879 mea
1455 808 1837 881 custodem
1857 804 2221 906 repudiat,
2238 805 2611 905 diligentia

475 921 1002 1021 speculatorem
1035 917 1478 991 reformidat.

569 1037 842 1104 Verum
865 1084 886 1119 ,
919 1045 1006 1101 ut
1034 1029 1130 1101 ad
1171 1042 1244 1101 te
1265 1084 1286 1117 ,
1319 1028 1555 1100 Caecili
1578 1082 1599 1115 ,
1644 1026 1973 1113 redeam,
2016 1048 2237 1123 quam
2274 1027 2505 1097 multa
2538 1041 2611 1099 te

471 1142 853 1229 deficiant,
893 1140 1097 1212 vides
1145 1166 1162 1209 :
1210 1164 1432 1237 quam
1467 1138 1698 1211 multa
1740 1138 1885 1209 sint
1934 1136 2015 1207 in
2058 1149 2132 1207 te
2160 1188 2179 1222 ,
2227 1160 2391 1232 quae
2446 1160 2613 1209 reus

473 1276 750 1325 nocens
802 1253 878 1331 in
921 1264 1336 1322 accusatore
1379 1272 1515 1321 suo
1556 1248 1799 1345 cupiat
1850 1270 2007 1318 esse
2026 1298 2047 1333 ,
2092 1243 2421 1343 profecto
2460 1248 2607 1341 jam

473 1362 834 1460 intelligis.
875 1359 1074 1453 Quid
1103 1360 1196 1431 ad
1225 1360 1376 1432 haec
1407 1357 1548 1431 dici
1584 1358 1873 1456 potest?
1914 1379 2066 1427 non
2097 1356 2291 1428 enim
2324 1380 2614 1453 quaero,

478 1472 658 1570 quid
711 1488 792 1543 tu
826 1471 1154 1544 dicturus
1195 1477 1337 1543 sisz
1401 1469 1616 1541 video
1657 1467 1837 1538 mihi
1880 1490 2035 1538 non
2080 1481 2191 1555 te,
2248 1466 2375 1538 sed
2417 1466 2615 1539 hunc

475 1580 785 1655 librum⁵
813 1606 966 1654 esse
991 1603 1539 1681 responsurum,
1559 1601 1784 1677 quem
1810 1579 2128 1649 monitor
2160 1592 2329 1649 tuus
2360 1577 2477 1649 hic
2514 1592 2617 1649 te-

475 1708 652 1782 net3
690 1696 860 1791 qui,
901 1695 960 1764 si
1007 1708 1076 1765 te
1110 1708 1308 1765 recte
1339 1714 1639 1763 monere
1682 1689 1915 1777 volet,
1954 1685 2289 1760 suadebit
2322 1687 2455 1759 tibi
2476 1740 2497 1775 ,
2530 1702 2617 1758 ut

478 1801 650 1874 hinc
683 1802 1040 1891 discedaS,
1071 1826 1314 1900 neque
1341 1800 1517 1872 mihi
1543 1798 1849 1871 verbum
1886 1799 2119 1870 ullum
2151 1797 2615 1896 respondeas.

481 1912 678 2001 Quid
717 1913 910 1982 enim
943 1911 1186 1984 dices?
1223 1937 1316 1984 an
1342 1910 1449 1999 id,
1496 1909 1699 2008 quod
1733 1908 2055 1995 dictitas,
2097 1909 2437 2005 injuriam
2482 1906 2621 1979 tibi

475 2018 730 2092 fecisse
766 2024 1118 2092 Verrem?
1167 2020 1501 2093 Arbitror
1538 2048 1555 2091 ε
1610 2042 1851 2116 neque
1896 2018 2095 2091 enim
2144 2032 2333 2089 esset
2366 2020 2621 2089 verisi-

475 2129 686 2218 mile,
729 2154 962 2226 quum
1000 2130 1342 2201 omnibus
1381 2129 1636 2202 Siculis
1672 2127 1941 2201 faceret
1980 2128 2313 2221 injurias,
2352 2124 2473 2199 te⁶
2516 2128 2622 2200 illi

487 2262 718 2307 unum
757 2240 1140 2327 eximium,
1179 2243 1296 2311 cui
1330 2238 1768 2327 consuleret,
1804 2237 2060 2309 fuisse..
2081 2236 2221 2307 Sed
2256 2240 2478 2309 ceteri
2509 2240 2620 2311 Si-

481 2344 626 2417 culi
661 2346 976 2419 ultorem
999 2373 1296 2419 suarum
1329 2348 1763 2444 injuriarum
1782 2348 2264 2417 invenerunt:
2290 2362 2372 2418 tu
2394 2403 2414 2435 ,
2443 2346 2620 2419 dum

477 2471 643 2528 tuas
703 2457 1002 2551 injurias
1057 2483 1190 2556 per
1241 2473 1313 2529 te
1339 2512 1362 2545 ,
1414 2458 1488 2529 id
1538 2456 1746 2556 quod
1788 2482 1943 2528 non
1986 2471 2235 2554 potes,
2278 2462 2622 2557 persequi

483 2569 804 2657 conariS,
846 2568 920 2639 id
962 2570 1112 2666 agis
1135 2626 1154 2657 ,
1201 2582 1286 2640 ut
1331 2582 1745 2641 ceterorum
1789 2590 2089 2665 quoque
2134 2566 2415 2663 injuriae
2476 2568 2623 2640 sint

481 2678 856 2777 impunitae
913 2695 1134 2778 atque
1169 2680 1417 2753 inultae
1459 2708 1474 2750 :
1524 2694 1595 2751 et
1638 2680 1781 2751 hoc
1828 2694 1899 2751 te
1947 2680 2299 2775 praeterit,
2346 2703 2498 2751 non
2547 2679 2625 2751 id

483 2790 720 2860 solum
765 2793 1072 2887 spectari
1117 2790 1378 2875 solere,
1433 2790 1567 2887 qui
1601 2786 1908 2875 debeat,
1960 2786 2089 2858 sed
2130 2790 2363 2859 etiam
2404 2788 2625 2875 illud,

482 2900 612 2993 qui
659 2900 886 2995 possit
925 2898 1207 2985 ulcisci3
1268 2900 1346 2969 in
1383 2924 1536 2997 quo
1577 2912 1971 2995 utrumque
2010 2900 2136 2985 sit,
2179 2920 2350 2968 eum
2405 2923 2625 2997 supe-

481 3009 750 3078 riorem
777 3032 932 3079 esse
949 3020 1004 3095 ⁷3
1029 3011 1104 3079 in
1130 3034 1284 3106 quo
1305 3008 1613 3080 alterum
1629 3002 1685 3093 ⁸,
1720 3010 1797 3079 in
1824 3033 1913 3079 eo
1940 3008 2312 3103 non,quid
2340 3009 2401 3079 is
2429 3009 2626 3097 velit,

483 3114 610 3186 sed
641 3116 819 3213 quid
856 3113 1090 3188 facere
1127 3120 1352 3215 possit
1373 3172 1393 3207 ,
1435 3120 1661 3215 quaeri
1702 3118 1955 3190 solere.
1986 3115 2205 3205 Quod
2232 3120 2342 3188 siv
2384 3120 2451 3189 ei
2488 3142 2626 3219 po·-

562 3350 612 3398 4.
665 3344 808 3391 Tales
857 3344 1017 3393 viros.
1079 3346 1282 3395 Judices
1331 3358 1515 3395 nostre

485 3423 839 3471 contentionis.
857 3423 1052 3473 Scilicet
1076 3426 1276 3489 patroni
1306 3422 1516 3474 subscri-

487 3506 655 3564 ptores
699 3502 997 3564 offerebant,
1049 3520 1078 3552 a
1119 3504 1372 3565 judicibm
1411 3506 1516 3571 ple·

487 3593 692 3643 rumque
717 3582 982 3642 admissos3
1005 3582 1094 3632 sed
1118 3584 1276 3632 invito
1298 3595 1514 3649 paniouo

487 3670 750 3722 numquam
769 3661 1125 3725 subscriptores
1143 3660 1402 3726 dabantur,
1417 3664 1515 3712 nisi

489 3738 728 3787 custodie
771 3748 912 3789 causa
925 3776 943 3800 ,
984 3756 1137 3805 quum
1175 3741 1238 3791 de
1276 3745 1380 3804 sius
1415 3740 1515 3790 fide

491 3827 614 3864 esset
632 3818 866 3881 suspicio.

565 3895 614 3942 5.
641 3898 784 3944 Hunc
809 3896 998 3946 librum.
1019 3898 1136 3945 vm.
1159 3916 1276 3963 sup.
1291 3914 1400 3964 cap.
1422 3908 1483 3956 14
1503 3915 1516 3947 ε

489 3975 568 4020 «ui
590 3974 656 4022 sb
679 3976 777 4023 isto
803 3976 954 4040 libro,
975 3988 1150 4043 quem,
1174 3990 1306 4028 stc.»

563 4053 618 4102 6.
655 4056 721 4101 Te
747 4054 836 4104 illi.
853 4056 949 4116 Te,
967 4058 1054 4120 qni
1081 4058 1278 4109 Simulus
1299 4074 1422 4116 eras,
1449 4058 1517 4107 ita

1600 3349 1648 3396 ei
1680 3347 1839 3395 visun
1880 3347 2113 3395 eximium
2150 3358 2207 3397 nt
2244 3347 2337 3395 tibi
2372 3362 2626 3413 paresne:

1600 3437 1707 3477 non
1730 3427 1903 3475 eodem
1933 3439 1983 3475 te
2009 3427 2124 3475 loco
2144 3426 2373 3475 habuisse
2386 3462 2403 3487 ,
2436 3446 2537 3493 quo
2556 3446 2631 3479 ns-

1600 3506 1765 3569 liquos
1786 3521 1956 3555 omnes
1976 3506 2195 3565 Siculos,
2220 3516 2267 3555 ts
2292 3506 2453 3555 solum
2480 3524 2628 3558 exes-

1600 3598 2055 3729 Psskup‘riomm
2078 3676 2199 3713 esse.
2224 3664 2449 3714 Praeteri-i
2478 3680 2631 3732 opor-

1602 3756 1725 3872 ²0¹⁵:-
1751 3824 1987 3871 Alterum.
2012 3822 2310 3873 Secundum.

1676 3919 1729 3965 9.
1752 3901 1900 3965 Quod
1918 3902 1975 3948 si.
2010 3904 2365 3965 Argumentum
2388 3903 2549 3967 ipsum
2578 3904 2630 3955 in

1604 3984 1669 4045 Q.
1690 3982 1942 4031 Caecilium
1960 3992 2244 4043 retorquet:
2272 3982 2397 4031 dicis
2418 3983 2481 4031 sd
2502 3984 2631 4045 inju-

1604 4062 1675 4111 rin
1714 4060 1919 4109 affectos
1962 4061 2319 4109 mundonem
2368 4064 2632 4127 pertinere.
