2984 4684
552 385 646 484 76
1191 390 1288 457 M.
1339 389 1418 456 T.
1470 389 2036 459 CICERONIS

546 510 1069 608 suscepi,licet,
1081 507 1435 598 hercules,
1450 507 1781 607 undique
1810 533 2065 580 omnes
2094 511 2172 578 in
2204 533 2321 579 me
2348 524 2685 597 terrores,

541 621 1010 720 periculaque
1048 619 1520 718 impendeant
1540 615 1571 660 ⁵
1628 622 1905 707 omnia,
1950 641 2365 690 succurram
2396 671 2417 706 ‚
2458 633 2682 716 atque

539 728 830 800 subibo.
857 734 1156 801 Certum
1183 743 1293 800 est
1312 783 1332 818 ,
1389 727 2049 826 deliberatumque,
2078 753 2240 826 quae
2268 728 2363 798 ad
2389 751 2679 800 causam

540 843 906 937 pertinere
948 837 1297 927 arbitror,
1348 842 1594 911 omnia
1638 863 1789 910 non
1839 839 2059 910 modo
2108 837 2381 928 dicere,
2423 863 2679 910 verum

538 946 886 1038 libenter,
932 947 1306 1037 audacter,
1354 948 1730 1048 libereque
1762 949 2051 1048 dicere:
2086 949 2287 1020 nulla
2326 973 2440 1021 res
2480 963 2682 1022 tanta

541 1063 864 1148 exsistet,
889 1057 1170 1157 judices
1193 1114 1212 1149 ,
1269 1075 1352 1131 ut
1391 1063 1621 1159 possit
1664 1064 1811 1131 vim
1862 1060 2043 1132 mihi
2086 1063 2435 1157 majorem
2476 1060 2683 1132 adhi-

539 1167 716 1241 bere
753 1185 1026 1258 metus,
1081 1193 1302 1269 quam
1351 1169 1553 1242 fides.
1606 1173 1893 1244 Etenim
1943 1174 2109 1269 quis
2142 1185 2290 1242 tam
2323 1171 2679 1243 dissoluto

537 1283 784 1352 animo
817 1296 960 1370 est,
992 1285 1158 1379 qui,
1192 1281 1345 1353 haec
1379 1307 1607 1380 quum
1634 1281 1909 1371 videat,
1936 1297 2171 1354 tacere
2202 1305 2287 1353 ac
2314 1282 2681 1379 negligere

537 1391 804 1487 possit?
843 1395 1127 1463 Patrem
1171 1417 1456 1482 meum,
1499 1419 1733 1491 quum
1772 1395 2221 1492 proscriptus
2254 1417 2407 1463 non
2450 1407 2679 1477 esset,

529 1499 910 1597 jugulastis
938 1527 956 1587 ;
989 1506 1308 1572 occisum
1344 1505 1421 1574 in
1457 1507 2035 1602 proscriptorum
2066 1527 2458 1574 numerum
2486 1516 2681 1574 retu-

534 1609 714 1681 listis
739 1637 759 1699 ;
789 1637 904 1683 me
931 1610 1152 1683 domo
1181 1637 1340 1685 mea
1380 1638 1515 1713 per
1536 1618 1682 1684 vim
1710 1613 2125 1713 expulistis;
2150 1615 2675 1712 patrimonium

538 1745 784 1791 meum
832 1720 1237 1819 possidetis.
1301 1723 1502 1814 Quid
1549 1726 1767 1795 vultis
1812 1724 2167 1825 amplius?
2208 1727 2539 1796 Etiamne
2583 1723 2677 1795 ad

536 1829 876 1902 subsellia
925 1855 1092 1903 cum
1140 1831 1382 1904 ferro⁶
1420 1850 1641 1930 atque
1688 1836 1847 1907 telis
1894 1838 2227 1922 venistis,
2268 1849 2355 1907 ut
2390 1834 2513 1906 hic
2550 1847 2679 1905 aut

529 1942 878 2038 juguletis
901 1997 920 2029 ,
951 1957 1080 2014 aut
1111 1944 1659 2016 condemnetis⁷
1696 1949 1853 2017 Sex.
1889 1945 2279 2034 Roscium?

633 2057 794 2124 XII.
839 2056 1227 2125 Hominem
1261 2055 1476 2152 longe
1521 2055 2077 2128 audacissimum
2129 2079 2367 2152 nuper
2410 2051 2672 2124 habui-

536 2187 700 2233 mus
739 2165 818 2233 in
853 2167 1137 2235 civitate
1159 2219 1178 2253 ,
1209 2167 1287 2236 C.
1321 2165 1771 2253 Fimbriam1,
1797 2180 1910 2251 et,
1951 2164 2153 2262 quod
2195 2166 2387 2235 inter
2419 2186 2675 2233 omnes

533 2286 852 2362 constat,
881 2276 1017 2345 nisi
1047 2279 1238 2346 inter
1269 2299 1430 2364 eos,
1459 2280 1587 2375 qui
1621 2278 1757 2374 ipsi
1789 2301 2089 2374 quoque
2118 2275 2495 2345 insaniunt
2516 2327 2535 2359 ,
2566 2274 2677 2342 in-

530 2386 1013 2455 sanissimum.
1038 2389 1109 2455 Is
1141 2411 1373 2483 quum
1411 2401 1766 2474 curasset,
1798 2388 1873 2455 in
1905 2383 2163 2456 funere
2188 2386 2267 2454 C.
2298 2383 2569 2469 Marii²,
2590 2395 2673 2452 ut

534 2494 622 2583 Q.
649 2489 1010 2566 Scaevola³
1042 2496 1569 2586 vulneraretur,
1600 2499 1711 2566 vir
1746 2497 2239 2566 sanctissimus
2286 2507 2508 2590 atque
2558 2516 2673 2562 or·

531 2607 945 2676 natissimus
981 2621 1244 2676 nostrae
1286 2609 1590 2677 civitatis
1626 2605 1747 2702 (de
1780 2607 1988 2701 cujus
2024 2600 2237 2674 laude
2274 2627 2517 2700 neque
2550 2599 2673 2671 hie

528 2715 730 2785 locus
763 2729 881 2807 vest
924 2731 1008 2786 ut
1034 2715 1262 2786 multa
1293 2715 1663 2804 dicantur,
1694 2739 1937 2812 neque
1983 2715 2194 2812 plura
2244 2725 2487 2782 tamen
2526 2709 2667 2781 dici

529 2841 871 2922 possunt,
915 2851 1134 2924 quam
1173 2827 1494 2925 populus
1536 2849 1881 2898 romanus
1922 2826 2272 2896 memoria
2312 2819 2669 2914 retinet),

603 2994 653 3043 5.
677 2995 844 3042 Graev.
880 3015 903 3036 ι
925 2994 1210 3058 impendant
1230 3030 1247 3058 ,
1273 3011 1551 3044 succurram
1642 2993 1858 3059 gemidia
1874 2993 2059 3057 templo
2069 2991 2352 3056 AEscnlnpii,
2369 3007 2455 3038 sm
2476 3001 2527 3038 et
2542 2990 2668 3039 nervi

527 3081 672 3136 atque
700 3073 863 3120 omnia
891 3073 1068 3121 subibo
1087 3095 1128 3122 ο.
1164 3075 1310 3123 Male.
1638 3089 1805 3135 manu,
1824 3073 1929 3138 ipse
1947 3083 2019 3120 est
2037 3072 2335 3120 interfectus.

597 3152 648 3199 6.
671 3150 962 3217 Cmsem.
982 3153 1101 3200 vid.
1121 3168 1232 3216 sup.
1259 3169 1372 3220 cap.
1394 3155 1443 3202 5.
1708 3169 1760 3204 α.
1782 3156 1971 3202 thene
1998 3152 2051 3202 C.
2068 3151 2244 3202 Harii.
2260 3152 2362 3214 Qui
2382 3166 2549 3200 neme
2568 3151 2668 3215 pri-

606 3249 652 3294 7.
688 3229 1036 3280 condemnetis.
1063 3232 1156 3278 Per
1189 3232 1290 3278 vim
1319 3231 1553 3280 damnan-
1641 3248 1722 3282 mo
1746 3232 2027 3280 consulatus
2048 3232 2243 3296 neptimi
2260 3231 2495 3290 dmm-it,
2526 3233 2591 3279 A.
2604 3233 2667 3280 U.

525 3309 642 3358 dnm
671 3310 868 3358 curctis.
1638 3311 1699 3360 C.
1728 3313 1854 3373 667.

592 3391 712 3438 111.
744 3405 790 3439 1.
829 3389 880 3439 0.
912 3387 1196 3437 Fimbriam.
1229 3389 1305 3436 De
1337 3387 1551 3437 Fimbria
1708 3392 1760 3439 3.
1790 3391 1849 3454 Q.
1876 3389 2107 3438 Sam-01⁶.
2140 3389 2369 3437 Pontifex
2394 3387 2663 3445 maximus,

521 3469 593 3517 sic
629 3468 850 3532 loquitur
888 3468 991 3517 Cic.
1022 3467 1076 3519 in
1105 3471 1296 3517 Bruto:
1337 3487 1360 3510 ι
1386 3467 1549 3516 omnia
1634 3466 1701 3516 ad
1717 3485 1865 3533 quem
1879 3469 2004 3530 juri·
2030 3467 2187 3516 civilia
2204 3467 2373 3516 studio
2390 3467 2666 3514 umine

520 3563 693 3611 magna
712 3564 834 3596 voce
853 3547 1038 3607 dicem,
1057 3547 1317 3596 verborum
1333 3563 1446 3596 sane
1458 3548 1549 3596 bo·
1635 3565 1686 3596 se
1712 3547 1924 3596 contulit
1948 3545 2249 3596 adolescens.
2279 3549 2340 3594 In
2364 3545 2538 3594 funere
2566 3547 2668 3594 Ma·

523 3641 698 3674 norum
743 3643 888 3676 cursu
933 3627 1149 3692 quodam
1191 3627 1423 3685 incitat03
1477 3629 1547 3676 ita
1636 3631 1693 3676 rii
1720 3629 2033 3688 vulneratus,
2056 3638 2108 3676 et
2134 3627 2349 3676 triennio
2375 3636 2522 3697 posto,
2546 3630 2665 3678 Car·

525 3705 715 3753 furebat
739 3717 925 3765 nmen,
955 3717 1014 3756 nt
1047 3707 1274 3756 mirarere
1299 3718 1400 3755 tam
1429 3707 1547 3755 nllus
1634 3708 1765 3756 bone
1791 3719 1839 3756 et
1864 3708 2025 3756 Mario
2054 3721 2180 3756 coss.
2208 3707 2262 3754 in
2278 3706 2528 3755 vestibulo
2548 3705 2665 3755 odis

521 3801 600 3832 m
637 3800 778 3848 agere
817 3785 1058 3850 populum
1074 3821 1089 3844 ,
1125 3795 1182 3834 ut
1220 3796 1344 3834 esset
1373 3787 1547 3833 insano
1631 3789 1795 3835 Venta
1826 3787 2094 3836 trucidatus
2128 3797 2201 3834 ent
2230 3787 2372 3846 iussu
2402 3789 2458 3834 1..
2496 3788 2663 3834 Dumn-

525 3863 656 3912 inter
702 3863 908 3910 disertos
959 3863 1100 3912 loeus
1125 3887 1170 3913 n.
1231 3865 1286 3914 C.
1334 3865 1546 3913 Fimbria
1634 3866 1763 3930 cippi
1784 3866 2025 3930 praetoris.
2044 3865 2145 3915 Cic.
2166 3863 2227 3913 de
2252 3866 2369 3914 Nat.
2392 3865 2548 3914 Deor.
2568 3867 2662 3927 111,

525 3946 580 3991 L.
599 3941 840 4000 Flaccum,
852 3943 990 4003 cujus
1015 3953 1116 3989 erat
1135 3943 1318 4006 legatus
1335 3945 1388 3991 in
1406 3945 1547 4004 Asin,
1640 3945 1727 3993 32.
1750 3945 1879 3994 vell.
1906 3947 1981 4002 11,
2010 3945 2097 3994 26.
2120 3945 2264 3992 Oros.
2280 3943 2349 4005 V,
2376 3960 2459 3993 πο.
2488 3947 2661 3993 Dama·

525 4021 788 4080 interfecit,
809 4030 860 4069 ct
881 4021 1136 4086 imperium
1162 4022 1227 4069 nd
1251 4039 1302 4070 ee
1329 4033 1545 4071 transtu·
1636 4025 1808 4089 cippus
1861 4035 2022 4072 autem
2038 4059 2052 4082 ,
2102 4023 2309 4071 victorin
2356 4025 2625 4073 constituta
2646 4025 2673 4084 ‚'

525 4100 600 4152 lit.
618 4101 700 4152 Ab
723 4099 941 4150 exercitu
967 4111 1138 4164 postca
1157 4100 1376 4150 desertus
1389 4135 1404 4161 ,
1427 4104 1543 4151 Per·
1636 4105 1689 4152 1..
1712 4103 1859 4153 Sulla
1882 4103 2021 4164 jussu
2042 4114 2117 4151 est
2140 4102 2440 4150 interfectus.
