2984 4684
501 335 647 428 474
1154 337 1251 404 M.
1304 337 1380 402 T.
1436 337 1994 408 GICERONIS

492 452 741 525 hiante
768 466 989 550 atque
1018 457 1429 526 imminenti
1452 452 1676 530 fnisse
1693 511 1716 544 ,
1747 459 2040 556 ingenio
2056 510 2080 544 ,
2107 471 2182 528 et
2205 459 2652 555 cogitatione

494 561 735 646 nullan
772 577 891 653 ut,
928 563 1292 662 quidquid
1330 589 1461 638 sua
1492 580 1754 665 sponte
1785 565 2128 655 faciebat,
2175 569 2352 638 item
2391 581 2478 638 ut
2515 593 2652 638 vos

491 679 741 746 Romae
770 675 1242 772 cognovistis,
1269 678 1556 774 eripere
1587 677 1832 776 potius
1851 730 1873 765 ,
1907 701 2131 775 quam
2163 675 2413 748 fallere
2452 676 2650 748 vide-

492 798 717 857 retur.
766 789 931 854 Haec
981 809 1154 857 vero
1205 785 1435 880 hujus
1478 802 1634 861 erat
1681 812 1796 861 ars
1848 801 1924 858 et
1967 787 2237 858 malitia.
2285 787 2646 872 miranda,

490 891 695 990 qnod
728 897 1135 966 acutissime
1179 909 1329 968 tota
1368 891 1775 995 provincia,
1803 897 1986 995 quid
2028 901 2296 995 cuique
2339 897 2643 970 accidis-

491 1016 599 1074 set
614 999 669 1088 3,
714 1002 897 1100 quid
941 1007 1210 1102 cuique
1251 1021 1441 1078 esset
1476 1032 1766 1080 necesse
1787 1062 1807 1095 ,
1863 1007 2208 1106 indagare
2243 1021 2317 1080 et
2351 1007 2648 1080 odorari

490 1111 805 1199 solebat3
834 1116 1167 1187 omnium
1204 1114 1650 1190 adversarios
1669 1121 1728 1206 4,
1755 1120 2084 1190 omnium
2121 1117 2454 1188 inimicos
2488 1116 2650 1188 dili·
2679 1202 2684 1205 ‚

490 1237 743 1319 genter
793 1247 1269 1320 cognoscere,
1318 1226 1682 1324 colloqui,
1739 1241 2137 1314 attentare3
2193 1252 2284 1298 ex
2333 1241 2647 1324 utraque

492 1349 693 1434 parte
731 1359 979 1408 causas
1000 1389 1019 1424 ,
1058 1336 1467 1410 voluntates
1507 1339 1914 1436 perspicere
1931 1390 1952 1424 ‚
1993 1335 2371 1410 facultates
2409 1349 2482 1406 et
2517 1359 2646 1406 co-

490 1450 687 1546 pias;
732 1446 1003 1545 quibus
1046 1472 1233 1546 opus
1278 1464 1504 1530 esset,
1539 1464 1820 1522 metum
1858 1445 2158 1536 αὔοι-τες
2205 1445 2480 1544 quibus
2518 1470 2646 1516 ex-

494 1557 805 1656 pediret,
842 1583 1046 1656 spem
1084 1557 1489 1632 ostendere.
1518 1565 2042 1633 Accusatorum
2077 1573 2153 1630 et
2195 1555 2645 1655 quadrupla-

492 1684 739 1742 torum
804 1667 1168 1766 quidquid
1228 1685 1419 1758 erat,
1475 1669 1796 1746 habebat
1845 1673 1925 1745 in
1989 1681 2386 1769 potestate3
2440 1663 2650 1764 quod

490 1783 757 1878 cuique
802 1783 1073 1878 negotii
1111 1779 1427 1854 conflare
1464 1781 1791 1870 volebat,
1835 1781 2044 1854 nullo
2080 1775 2382 1852 labore⁵
2423 1776 2645 1849 facie-

492 1889 651 1979 bat3
686 1893 894 1964 istius
928 1895 1177 1962 omnia
1209 1890 1534 1983 decreta,
1563 1896 1902 1992 imperia,
1939 1893 2184 1967 literas
2213 1890 2648 1988 peritissime

490 2015 567 2072 et
600 1999 1051 2073 callidissime
1088 2001 1524 2076 venditabat.
1559 2009 1654 2076 At
1685 2027 1836 2076 non
1873 2002 2112 2076 solum
2145 2013 2302 2073 erat
2336 1997 2648 2073 admini-

492 2124 637 2180 ster
677 2113 885 2182 istius
926 2111 1448 2210 cupiditatium
1491 2138 1743 2188 verum
1778 2114 1994 2186 etiam
2039 2113 2194 2210 ipse
2240 2113 2352 2182 sni
2391 2110 2650 2180 memi-

494 2234 703 2292 nerat
735 2245 963 2319 aeque.
1002 2226 1169 2294 Non
1216 2222 1455 2296 solum
1492 2248 1872 2308 nummos,
1919 2225 1983 2296 si
2021 2224 2149 2319 qui
2195 2224 2317 2292 isti
2361 2215 2646 2291 excide-

494 2345 696 2415 rant,
725 2331 979 2404 tollere
1016 2332 1331 2420 solebat,
1374 2359 1465 2404 ex
1503 2333 1772 2432 quibus
1819 2336 2206 2432 pecuniam
2257 2330 2646 2402 maximam

493 2437 696 2531 fecit3
730 2441 859 2514 sed
892 2445 1107 2516 etiam
1134 2444 1596 2542 voluptatum
1633 2441 2219 2540 flagitiorumque
2255 2439 2462 2512 istius
2493 2441 2648 2534 ipse

492 2550 831 2648 reliquias
891 2553 1298 2650 colligebat.
1346 2559 1608 2653 Itaque
1658 2556 1738 2624 in
1790 2553 2024 2626 Sicilia
2087 2575 2242 2622 non
2293 2547 2646 2621 Athenio-

490 2685 663 2732 nem
677 2659 733 2750 6,
772 2667 902 2760 qui
944 2666 1227 2738 nullum
1268 2663 1628 2764 oppidum
1669 2651 1908 2762 cepit3
1959 2660 2087 2733 sed
2111 2657 2646 2732 Timarchidem

492 2771 879 2868 fugitivum
920 2776 1261 2849 omnibus
1298 2774 1592 2873 oppidis
1627 2800 1760 2874 per
1797 2775 2195 2846 triennium
2235 2772 2492 2842 scitote
2527 2792 2648 2838 re·

492 2907 783 2981 gnasse3
837 2890 911 2958 in
963 2886 1401 2960 Timarchidi
1426 2899 1451 2944 ⁷
1511 2899 1868 2985 potestate
1938 2885 2308 2955 sociorum
2392 2876 2646 2977 populi

497 2998 779 3066 romani
824 2999 1496 3095 antiquissimorum
1539 3011 1758 3094 atque
1814 2995 2418 3066 amicissimorum
2463 2986 2647 3060 libe—

486 3281 537 3316 οι
563 3269 1067 3334 obtusum—Sumpta
1087 3288 1114 3318 a
1132 3271 1297 3320 corvis
1313 3262 1397 3317 ant
1420 3267 1523 3316 vnl-
1610 3267 1868 3332 ipsumque
1887 3277 2144 3331 praetorem
2175 3261 2327 3328 penes
2355 3278 2408 3310 ω
2427 3261 2650 3310 haberet.

488 3350 681 3398 turibus
715 3349 968 3398 mulatio
984 3385 1001 3411 ,
1046 3353 1137 3412 qui
1172 3349 1520 3406 cadaveribus,
1681 3347 1734 3393 6.
1787 3344 2128 3392 Athenionem.
2179 3341 2540 3404 ‘Fugitivomm
2598 3351 2650 3387 et

486 3445 575 3480 oro
594 3428 914 3492 faucibus-quo
933 3427 1115 3492 apertis
1132 3427 1337 3478 inhiant.
1607 3424 2056 3489 Drepanis-norm
2079 3421 2169 3488 qui
2193 3437 2223 3470 ι
2247 3420 2487 3469 Romanis
2513 3417 2654 3468 defe-

562 3510 611 3557 3.
660 3497 795 3571 Quid
838 3506 1015 3571 cuique
1062 3506 1337 3555 accidisset.
1370 3505 1518 3569 'reign
1607 3515 1776 3552 cerunt
1797 3503 1972 3552 ducem
1997 3502 2052 3550 in
2080 3500 2270 3559 Sicilia,
2289 3500 2380 3564 qui
2407 3515 2460 3548 nc
2488 3513 2650 3562 rege-

488 3588 669 3636 horum
696 3587 987 3645 verborum,
1010 3595 1131 3634 tem
1156 3586 1370 3634 Grutero
1385 3620 1400 3645 ,
1423 3584 1522 3648 pri-
1606 3583 1842 3649 appellari
1879 3581 2038 3631 voluit
2053 3615 2070 3640 ,
2107 3579 2300 3642 finitque
2325 3595 2524 3636 :evea-a,
2561 3576 2651 3626 aad

492 3681 625 3716 mum
650 3665 843 3718 accedit
870 3663 1099 3716 Ciceroni
1139 3681 1167 3712 e
1200 3663 1353 3714 codd.
1377 3663 1518 3712 Fabr.
1607 3678 1880 3728 pancorum
1900 3660 2119 3720 dierum
2145 3674 2258 3707 nam
2277 3673 2306 3706 a
2325 3655 2652 3721 M'.Aqufflio

492 3753 541 3791 et
564 3745 749 3793 Metell.
774 3748 805 3794 J
810 3782 822 3795 .
836 3746 905 3794 V.
933 3746 987 3792 L.
1607 3742 1662 3792 in
1685 3743 1790 3792 acie
1817 3741 2104 3790 iata-foetu·
2121 3748 2196 3786 est
2213 3752 2348 3787 anno
2369 3737 2496 3792 654.
2517 3733 2653 3782 vide

566 3829 615 3876 ι.
648 3822 877 3872 Omnium
899 3823 1221 3872 adversarios.
1247 3825 1323 3870 Ex
1345 3821 1520 3871 iisdem
1609 3821 1739 3870 Flor.
1766 3823 1841 3868 ΠΙ
1857 3855 1874 3878 ,
1909 3835 1991 3882 19.
2029 3819 2250 3882 Appiam.
2283 3815 2573 3878 Mithrida.
2597 3825 2648 3861 et

490 3898 631 3946 libri·
671 3901 777 3950 hac
816 3902 919 3950 duo
954 3903 1101 3951 verb·
1128 3913 1294 3952 ortum
1320 3901 1520 3950 habeut.
1609 3890 1824 3950 niodo-i.
1843 3901 2014 3962 fragm.

496 3978 627 4026 J.v.
648 3979 707 4026 1..
1687 3995 1736 4040 7.
1771 3978 1898 4040 Alii,
1923 3975 2264 4028 Tirnmkffis.
2291 3973 2386 4025 Sed
2417 3973 2648 4022 Priscian.

570 4053 617 4102 ⁵.
641 4055 703 4104 N.
724 4055 981 4106 labormut
1000 4059 1087 4124 qui
1103 4060 1526 4126 quadruplatores,
1615 4057 1664 4106 h.
1691 4059 1727 4109 Ι.
1758 4057 1940 4124 legerat
1965 4054 2289 4106 Timarchidi.
