2984 4684
497 352 638 440 364
1127 363 1227 430 M.
1272 361 1348 426 Τ.
1402 357 1999 430 CICERONIS

490 493 830 576 oportere
857 503 933 552 se
963 481 1241 576 jurare3
1280 479 1599 553 facturos
1636 504 1790 552 esse
1808 533 1829 566 ,
1871 475 2074 576 quod
2116 491 2371 548 contra
2400 475 2633 574 legem

490 589 904 662 Corneliam
961 606 1182 679 esset,
1237 616 1398 689 quae
1455 593 1945 690 proscriptum
1996 590 2233 684 juvari
2288 601 2631 659 vetaretv.

487 702 889 796 Impetrant
906 753 927 788 ,
957 714 1042 771 ut
1068 725 1161 772 ne
1181 702 1431 797 jurent
1461 727 1477 770 :
1516 699 1639 771 dat
1664 700 1779 770 his
1807 701 2351 798 possessionem.
2386 695 2473 768 Id
2496 723 2633 796 ego

491 831 648 878 non
683 809 1171 909 reprehendo:
1201 812 1467 885 etenim
1492 822 1554 855 ¹⁰
1582 825 1735 882 erat
1761 813 2123 907 iniquum,
2143 807 2425 880 homini
2460 834 2631 908 pro-

489 921 759 1017 scripto
775 975 794 1007 ,
815 925 1094 1020 egenti,
1121 921 1211 993 de
1228 920 1563 994 fraternis
1589 920 1807 992 bonis
1833 918 2233 1018 quidquam
2256 917 2449 1004 dari;
2479 930 2625 991 at!¹

489 1029 610 1100 ine
635 1029 960 1120 liberum,
987 1035 1124 1103 nisi
1149 1059 1238 1103 ex
1263 1048 1694 1105 testamento
1726 1035 2012 1132 patroni
2037 1032 2371 1127 jurasset,
2398 1031 2633 1102 scelus

493 1163 570 1210 se
601 1137 962 1214 facturum
998 1133 1509 1216 arbitrabatur.
1549 1149 1803 1242 Itaque
1844 1143 1913 1214 ei
1931 1146 2193 1214 Verres
2234 1143 2632 1240 possessio-

491 1275 659 1321 nem
705 1250 1119 1325 hereditatis
1157 1268 1368 1353 negat
1417 1280 1494 1326 se
1544 1253 1883 1327 daturum
1902 1309 1923 1342 ,
1964 1279 2058 1324 ne
2104 1267 2347 1351 posset
2388 1267 2634 1352 patro-

493 1371 741 1431 num¹²
773 1387 986 1433 suum
1013 1368 1502 1462 proscriptum
1525 1365 1811 1460 juvare3
1840 1362 2055 1437 simul
2080 1377 2162 1434 ut
2181 1377 2368 1434 esset
2391 1387 2635 1460 poena,

493 1469 698 1568 quod
732 1469 1025 1544 alterius
1060 1477 1349 1572 patroni
1385 1488 1821 1546 testamento
1858 1473 2453 1573 obtemperasset.
2490 1476 2639 1544 Das

483 1585 1012 1677 possessionem
1057 1587 1160 1671 ei,
1203 1585 1334 1681 qui
1378 1610 1531 1656 non
1582 1584 1851 1679 juravit
1886 1611 1903 1654 ε
1944 1583 2271 1656 concedo
2310 1609 2327 1653 :
2373 1597 2635 1682 praeto·

485 1694 676 1762 rium
719 1706 848 1764 est.
882 1693 1154 1766 Adimis
1179 1710 1260 1766 tu
1297 1698 1402 1780 ei,
1447 1699 1575 1793 qui
1614 1695 1885 1791 juravit
1920 1721 1937 1764 ε
1971 1718 2125 1792 quo
2167 1691 2637 1790 exemplo⁴³i³

483 1805 978 1902 Proscriptum
999 1806 1222 1902 juvat.
1259 1811 1408 1878 Lex
1435 1823 1585 1894 est3
1624 1830 1843 1903 poena
1876 1819 2009 1877 est.
2049 1803 2245 1897 Quid
2284 1804 2376 1876 ad
2426 1829 2633 1889 eum,

486 1916 616 2010 qui
667 1915 786 2009 jus
829 1913 1047 1987 dicit?
1094 1920 1357 1986 Utrum
1408 1915 1921 2014 reprehendiS,
1970 1913 2175 2013 quod
2234 1929 2633 2013 patronum

482 2020 778 2117 juvabat
821 2050 1028 2113 eum,
1070 2028 1198 2124 qui
1245 2041 1400 2098 tum
1444 2030 1525 2097 in
1566 2027 1866 2098 miseriis
1902 2039 2100 2114 erat;
2146 2051 2240 2096 an
2282 2022 2485 2122 quod
2524 2024 2635 2094 al-

447 2207 454 2220 ,
486 2135 709 2204 terius
745 2139 1028 2232 patroni
1067 2139 1339 2209 mortui
1365 2137 1815 2210 voluntatem
1858 2135 2369 2223 conservabat,
2410 2159 2453 2206 a
2480 2159 2637 2231 quo

484 2263 854 2314 summum
915 2243 1352 2317 beneficium
1396 2247 1824 2345 acceperat?
1884 2251 2148 2319 Utrum
2204 2246 2474 2317 horum
2518 2270 2634 2316 re-

487 2351 930 2449 prehendis?
969 2359 1064 2428 Et
1117 2356 1260 2428 hoc
1313 2373 1466 2429 tum
1524 2357 1616 2428 de
1664 2357 1837 2428 sella
1874 2359 1983 2428 vir
2027 2361 2351 2455 optimus
2404 2355 2633 2427 dixit:

483 2491 517 2528 α
545 2464 790 2559 Equiti
823 2489 1158 2553 romano,
1195 2481 1340 2538 tam
1375 2466 1718 2566 locupleti
1743 2467 2248 2557 ‚libet-tinus*
2276 2469 2369 2537 sit
2406 2465 2635 2536 homo

485 2572 796 2645 exheres?
823 2605 858 2641 n
930 2579 996 2647 Ο
1033 2575 1442 2648 modestum
1491 2575 1864 2663 ordinem,
1925 2574 2128 2674 quod
2174 2575 2375 2648 illinc
2423 2578 2637 2645 vivus

489 2681 835 2755 surrexit!
867 2691 1168 2760 Possum
1190 2703 1527 2759 sexcenta
1544 2685 1829 2759 decreta
1856 2682 2203 2786 proferre,
2230 2685 2309 2755 in
2334 2683 2635 2782 quibuS,

487 2809 574 2866 ut
600 2819 736 2893 ego
759 2792 818 2840 ¹⁵
851 2800 1234 2896 pecuniam
1273 2823 1426 2870 non
1469 2797 1709 2870 dicam
1752 2799 2267 2882 intercessisse,
2310 2799 2468 2893 ipsa
2500 2792 2631 2864 de-

563 3048 614 3096 9.
630 3032 756 3082 Aliis
783 3033 972 3099 placet,
995 3037 1162 3102 juvari
1185 3051 1344 3090 meat.
1367 3041 1516 3088 Male.
1604 3052 1709 3089 tum
1734 3040 1977 3106 pertinet,
2002 3035 2091 3086 sed
2115 3035 2179 3085 ad
2210 3050 2297 3084 eos
2326 3035 2416 3098 qui
2450 3031 2513 3081 de
2548 3047 2639 3096 pu·

565 3127 644 3161 ro.
671 3111 880 3162 Etenim.
907 3118 1069 3164 Itonia
1091 3129 1165 3168 est
1183 3119 1460 3168 vehemens.
1604 3119 1750 3169 blicis
1774 3118 1923 3168 rebus
1938 3117 2179 3179 judicant.

567 3207 648 3241 11.
678 3192 804 3250 Alii,
832 3204 898 3242 ee.
916 3197 950 3244 J
955 3230 966 3243 .
984 3196 1050 3246 V.
1076 3198 1131 3245 1..
1687 3208 1767 3256 ιι..
1826 3196 2117 3246 Liber-tinus.
2174 3193 2425 3243 Invidiosa
2480 3190 2641 3240 oratio

565 3285 645 3318 η.
685 3273 969 3323 Patr-onum.
1005 3277 1184 3324 Servus
1223 3276 1307 3324 ille
1349 3278 1519 3326 ambo·

488 3365 596 3399 rum
614 3349 974 3400 Treboniorum
1000 3354 1182 3411 fuerat,
1219 3366 1268 3403 et
1291 3355 1354 3404 ab
1381 3367 1520 3404 utro-

489 3445 584 3494 que
618 3433 937 3480 manumissus
955 3469 971 3495 ‚
1013 3443 1276 3498 utrumque
1306 3435 1521 3483 habebat

489 3521 774 3574 patronum.

568 3591 648 3636 13.
669 3589 776 3653 Quo
799 3591 1037 3656 exemplo.
1063 3591 1213 3640 Omni
1235 3591 1519 3642 hereditatis

487 3678 628 3731 parte
669 3669 912 3730 dejectum
953 3670 1182 3719 libertum
1217 3672 1369 3721 edicit
1395 3676 1520 3722 Ver-

492 3761 570 3792 res
595 3759 612 3806 3
642 3763 742 3810 quo
779 3759 940 3797 autem
979 3751 1088 3812 jure
1109 3751 1132 3797 Ρ
1183 3753 1400 3816 Nempe,
1449 3752 1520 3801 ait

493 3826 696 3884 Verres,
713 3827 848 3889 quod
861 3827 930 3876 sic
943 3828 1087 3890 jubet
1103 3829 1331 3882 Cornelia
1348 3831 1431 3878 lex
1457 3831 1521 3880 de

493 3905 799 3967 proscriptis.
827 3908 898 3955 At
927 3925 1072 3971 poena
1109 3921 1182 3958 est
1207 3910 1299 3959 hac
1328 3911 1433 3974 lege
1459 3910 1519 3959 i!-

495 3981 622 4041 lata,
661 3983 925 4048 respondet
951 3987 1155 4046 Cicero3
1193 4001 1242 4037 et
1275 3991 1420 4051 hujus
1449 3989 1520 4038 rei

495 4061 713 4124 cognitio
745 4077 846 4110 non
872 4064 935 4112 ad
961 4075 1007 4113 te
1041 4067 1234 4115 civilem
1267 4069 1517 4132 magistra-

1607 3275 1957 3330 Verri,afficta.
1986 3276 2120 3324 Notn
2159 3273 2402 3322 libertinos
2440 3269 2641 3320 eosdem

1608 3373 1711 3406 esse
1738 3371 1794 3403 ne
1827 3353 2052 3410 libertos,-
2082 3351 2169 3400 sed
2205 3351 2272 3401 ita
2308 3362 2368 3399 ut
2392 3349 2643 3400 liber-ebrus

1606 3435 1858 3492 absolute,
1904 3431 2100 3480 libertus
2136 3441 2297 3478 autem
2344 3430 2537 3478 dicatur
2572 3443 2644 3476 re-

1606 3524 1776 3578 spectu
1817 3511 1882 3559 ad
1918 3511 2175 3560 dominum
2210 3510 2299 3573 qui
2324 3525 2435 3557 eum
2466 3524 2643 3556 manu-

1606 3593 1755 3641 misit.
1780 3593 1847 3642 V.
1881 3607 1929 3655 g.
1958 3591 2079 3638 Tiro
2112 3588 2317 3637 libertus
2348 3586 2605 3637 Ciceronis
2622 3621 2640 3647 ,

1606 3683 1706 3722 etc.
1732 3671 2094 3720 Libet-tinorum
2126 3666 2275 3726 ordo,
2306 3678 2363 3716 ut
2396 3667 2525 3714 infra
2560 3664 2641 3713 di·

1606 3753 1753 3800 citur.

1686 3831 1766 3880 15.
1798 3831 1863 3878 Ue
1885 3845 1993 3894 ego.
2022 3825 2257 3888 Etiamsi,
2299 3825 2523 3890 quamvis
2549 3841 2645 3890 ego

1610 3923 1659 3960 te
1677 3909 1884 3976 pecunia
1913 3917 2203 3972 corruptum
2234 3904 2327 3953 hae
2352 3905 2405 3952 in
2426 3921 2478 3954 re
2498 3906 2647 3953 fixisse

1610 4005 1711 4038 non
1742 3989 1949 4037 dixerim
1966 4020 1982 4044 ‚
2014 3987 2131 4034 setis
2150 4001 2241 4049 per
2258 4001 2311 4032 se
2334 4001 2411 4031 res
2436 3985 2541 4048 ipsa
2568 3985 2643 4032 lo·

1609 4069 1795 4134 quitur,
1823 4078 1871 4116 et
1893 4067 2043 4116 edicti
2061 4064 2297 4128 iniquitas
2316 4063 2552 4115 ostendit.
