2984 4684
822 403 1212 473 ORATIO
1260 406 1472 474 PRO
1512 407 1579 475 S.
1636 404 2041 475 ROSCIO.
2364 400 2495 476 105

331 511 616 602 ssenem
651 509 1087 614 Antistium,
1131 550 1356 622 quem
1397 551 1549 597 non
1596 526 1819 599 modo
1862 541 2065 614 aetaS,
2112 522 2241 598 sed
2284 527 2499 597 etiam

361 631 592 734 leges⁸
625 659 951 734 pugnare
977 633 1488 734 prohibebant.
1519 643 1675 708 Jam
1696 691 1717 726 ,
1738 661 1927 735 quos
1958 660 2176 708 nemo
2203 647 2505 734 propter

361 747 900 844 ignobilitatem
923 749 1276 836 nominat,
1299 750 1619 819 sexcenti
1638 761 1835 836 sunt,
1851 749 1982 844 qui
1998 749 2191 818 inter
2210 747 2504 817 sicarios

365 871 444 929 et
471 855 566 928 de
611 853 981 929 veneficiis
1018 855 1499 928 accusabant:
1536 859 1667 954 qui
1698 880 1991 945 omneS,
2030 854 2234 953 quod
2264 853 2358 927 ad
2389 878 2505 927 me

363 967 632 1038 attinet
651 1019 672 1052 ‚
723 965 982 1037 vellem
1017 968 1365 1039 viverent.
1403 966 1607 1040 Nihil
1638 967 1839 1038 enim
1888 965 2059 1037 mali
2104 980 2248 1056 est,
2290 989 2505 1038 canes

363 1073 476 1148 ibi
529 1099 753 1172 quam
806 1075 1160 1174 plurimos
1212 1101 1366 1150 esse
1388 1132 1410 1167 ,
1469 1075 1599 1148 ubi
1646 1075 1991 1176 permulti
2040 1072 2509 1172 observandi,

367 1185 754 1282 multaque
783 1185 1134 1258 servanda
1165 1201 1361 1258 sunt.

467 1301 744 1368 Verum
762 1349 782 1385 ‚
813 1309 899 1366 ut
925 1292 1046 1384 fit,
1077 1296 1307 1368 multa
1331 1321 1518 1396 saepe
1535 1350 1555 1385 ‚
1586 1291 2177 1394 imprudentibus
2206 1296 2516 1392 impera·

367 1403 659 1479 toribus
684 1459 704 1494 ,
733 1407 842 1476 vis
871 1403 1046 1478 belli
1077 1429 1161 1478 ac
1187 1405 1403 1479 turba
1438 1406 1757 1478 molitur.
1797 1411 1993 1478 Dum
2022 1407 2083 1474 is
2112 1406 2191 1474 in
2222 1404 2379 1478 aliis
2406 1428 2515 1474 re-

363 1513 516 1586 bus
541 1530 696 1587 erat
718 1530 1140 1616 occupatuS,
1165 1519 1294 1616 qui
1309 1538 1665 1588 summam
1680 1540 1925 1587 rerum
1943 1511 2514 1601 administrabat,

367 1639 582 1700 erant
621 1629 931 1716 interea,
954 1630 1086 1724 qui
1129 1630 1277 1702 suis
1303 1625 1777 1698 vulneribus⁹
1806 1623 2273 1700 mederentur
2295 1651 2315 1714 3
2340 1626 2470 1722 qui
2492 1677 2513 1711 ,

373 1749 750 1833 tamquam
799 1739 859 1808 si
908 1735 1144 1809 offusa
1191 1735 1609 1836 reipublicae
1638 1737 2076 1833 sempiterna
2108 1758 2259 1804 nox
2288 1745 2477 1804 esset
2496 1786 2516 1822 ,

369 1848 475 1916 im
496 1845 812 1918 ruebant
833 1851 910 1918 in
940 1845 1282 1936 tenebriS,
1299 1850 1693 1945 omniaque
1716 1842 2119 1918 miscebant
2141 1871 2158 1914 ε
2182 1869 2226 1916 a
2243 1841 2517 1942 quibus
2588 1903 2601 1915 .

374 1959 626 2046 miror,
655 1983 750 2030 ne
781 1957 985 2056 quod
1004 1957 1451 2056 judiciorum
1484 1971 1674 2029 esset
1708 1958 2093 2053 vestigium
2112 2007 2133 2044 ,
2160 1979 2312 2026 non
2344 1952 2517 2025 sub-

371 2066 576 2138 sellia
610 2093 911 2166 quoque
952 2093 1106 2140 esse
1143 2066 1565 2156 combusta3
1618 2091 1789 2138 nam
1838 2079 1913 2137 et
1956 2079 2409 2138 accusatores
2444 2077 2521 2134 et

367 2173 656 2271 judices
683 2179 1157 2250 sustulerunt.
1203 2183 1360 2250 Hoc
1388 2176 1755 2249 commodi
1784 2191 1931 2264 est,
1956 2175 2161 2273 quod
2187 2179 2287 2246 ita
2317 2176 2516 2244 vixe-

376 2301 592 2375 runt,
640 2302 726 2360 ut
769 2303 984 2361 testes
1028 2313 1321 2377 omneS,
1375 2291 1436 2360 si
1472 2302 1864 2387 cuperent,
1903 2285 2313 2358 interficere
2350 2310 2515 2377 non

373 2411 725 2494 possent:
759 2421 927 2469 nam
944 2452 964 2488 ‚
991 2397 1169 2471 dum
1197 2398 1583 2470 hominum
1611 2422 1839 2495 genus
1869 2401 2045 2486 erit,
2071 2401 2200 2495 qui
2228 2409 2519 2468 accuset
2598 2459 2611 2474 .

375 2527 532 2593 eoa,
555 2529 707 2576 non
740 2504 1006 2594 deerit;
1026 2506 1206 2579 dum
1233 2509 1482 2579 civitas
1512 2509 1673 2596 erit,
1692 2506 1968 2603 judicia
1987 2503 2187 2577 fient.
2218 2510 2519 2596 Verum,

377 2627 468 2685 ut
513 2617 703 2712 coepi
739 2614 1017 2704 dicere,
1063 2630 1138 2688 et
1161 2620 1505 2705 Erucius,
1554 2615 1708 2686 haec
1732 2618 1791 2686 si
1824 2613 2127 2686 haberet
2156 2618 2236 2686 in
2270 2638 2520 2705 causa,

379 2747 548 2820 quae
583 2729 1141 2798 commemoravi
1164 2780 1184 2816 ‚
1214 2741 1463 2825 posset
1487 2751 1571 2798 ea
1594 2711 1923 2824 quamvis
1955 2724 2085 2797 diu
2110 2723 2351 2795 dicere
2378 2751 2397 2813 ;
2446 2739 2521 2796 et

377 2857 564 2930 ege,
583 2834 906 2931 judices,
939 2861 1282 2935 possum:
1313 2835 1544 2912 sedin
1576 2839 1824 2908 animo
1860 2849 2003 2924 est,
2042 2832 2520 2933 quemadmo-

379 2942 566 3018 dum
601 2961 770 3019 ante
812 2946 997 3037 dixi,
1027 2949 1282 3024 leviter
1312 2951 1617 3020 transire
1642 3001 1663 3036 ,
1704 2971 1791 3018 ac
1822 2944 2331 3019 tantummodo
2362 2970 2524 3046 per·

457 3254 508 3301 8.
536 3253 698 3320 leges.
731 3253 894 3303 Nulla
929 3265 1068 3304 ιιι-ωε
1101 3254 1232 3320 leges
1246 3291 1262 3318 ,
1297 3270 1406 3321 qnae
1493 3251 1767 3304 occidendo
1788 3265 1839 3302 et
1852 3252 2051 3302 illorum
2070 3253 2199 3302 bona
2216 3253 2521 3320 invadendo,

375 3347 524 3382 umes
555 3348 772 3397 pugnare
806 3333 1158 3398 prohiberent3
1192 3333 1280 3384 sed
1304 3347 1408 3384 tan·
1493 3334 1595 3383 suis
1630 3333 1701 3381 rei
1745 3333 1993 3382 familiaris
2027 3333 2308 3382 vulneribus
2327 3367 2343 3392 ,
2392 3332 2443 3381 h.
2473 3351 2519 3384 ο.

377 3423 492 3460 mm
519 3427 604 3460 eos
644 3413 759 3478 cogi
797 3413 860 3461 ad
901 3415 1122 3464 militiam
1159 3415 1406 3464 vetabant.
1496 3413 1693 3479 egentati
1719 3413 2041 3462 mederentur.
2068 3413 2149 3461 sic
2168 3413 2329 3460 θην.
2348 3413 2519 3462 Malim

377 3490 612 3540 Ceto-um
645 3491 700 3538 in
735 3493 951 3542 Antistio
987 3481 1200 3558 'aliquod
1241 3492 1410 3544 forsan
1497 3492 1709 3542 Manutii
1733 3493 2057 3540 sententiam:
2088 3491 2175 3555 qui
2202 3507 2373 3540 omnes
2398 3493 2523 3542 ocei-

377 3581 584 3619 notatur
621 3570 817 3630 vitium,
853 3572 990 3638 quod
1025 3590 1138 3621 eum
1172 3589 1200 3624 a
1236 3573 1409 3623 militia
1496 3571 1661 3620 dendo
1689 3569 2025 3636 providerent,
2050 3587 2115 3618 ne
2136 3571 2245 3634 quis
2268 3582 2439 3635 postea
2456 3589 2525 3622 een

375 3648 740 3698 arcebat.Vide
763 3651 896 3716 Lips.
920 3652 982 3702 de
997 3651 1110 3701 Mil.
1124 3654 1270 3704 Rom.
1289 3655 1334 3716 1,
1356 3661 1407 3709 4.
1496 3663 1571 3702 set
1602 3652 1691 3716 qui
1729 3650 1791 3698 de
1830 3650 2133 3714 quotidianis
2164 3650 2265 3701 suis
2302 3651 2522 3702 enodibus

375 3729 489 3776 Ant
525 3728 670 3776 etiam
713 3729 767 3778 h.
803 3731 840 3778 l.
887 3730 952 3779 ad
993 3731 1156 3797 praelia
1197 3733 1408 3782 forensia
1496 3749 1583 3782 eos
1610 3743 1887 3791 accusaret,
1922 3744 2009 3781 aut
2028 3731 2295 3794 judic-reu
2322 3735 2389 3782 ita
2414 3733 2523 3783 fore

373 3807 713 3872 metaphorice
744 3810 976 3870 refertur,
1002 3826 1029 3858 a
1067 3811 1248 3876 quibus
1275 3813 1410 3877 turpi
1496 3824 1745 3877 sperantes
1758 3847 1773 3873 ,
1796 3821 1855 3864 ut
1876 3812 2110 3862 scelerum
2128 3813 2411 3883 vulneribus
2428 3831 2524 3863 me-

375 3896 470 3936 ant
493 3887 754 3936 edumniae
771 3888 959 3950 jndicio
981 3889 1210 3942 exclusus
1233 3891 1407 3941 fuerat.
1503 3891 1749 3952 dematur,
1771 3891 1826 3940 h.
1850 3909 1893 3946 e.
1920 3907 2091 3956 poenu
2114 3891 2403 3956 effugerent.
2431 3895 2522 3942 mn
2632 3887 2643 3900 ’

375 3964 514 4014 Vide
529 3983 638 4031 snp-
662 3981 744 4016 ιο.
1501 3970 1664 4019 verbis
1706 3971 2083 4035 Chrysogonum
2126 3981 2177 4019 et
2216 3974 2276 4023 Τ.
2313 3975 2521 4022 Roscios

460 4061 516 4108 9.
555 4045 666 4094 Suis
709 4044 1009 4096 vulnerffius.
1051 4047 1152 4112 Qui
1191 4047 1414 4097 homines
1500 4051 1609 4100 vult
1630 4050 1859 4116 intelligi.
1882 4052 1939 4100 In
1958 4050 2086 4100 hanc
2104 4069 2307 4119 quoque
2327 4065 2520 4104 senten-

381 4125 688 4194 opulentos,
737 4127 896 4194 qualis
947 4138 1049 4178 erat
1085 4131 1137 4180 S.
1179 4128 1412 4193 Roscius,
1503 4131 1618 4180 tiam
1647 4131 1855 4181 Rotam.
1884 4141 1933 4184 et
1958 4131 2181 4193 Desint-d·
