2984 4684
497 401 628 450 122
1135 381 1232 449 M.
1283 379 1362 448 T.
1417 375 1979 448 CICERONIS

483 523 691 572 mum
730 496 877 570 hoc
921 497 1334 588 videamuS,
1367 499 1525 596 ejus
1562 498 1881 569 hominis
1924 495 2123 568 bona
2152 519 2303 594 qua
2340 500 2626 570 ratione

484 612 846 682 venierint
865 663 884 698 ,
915 624 1044 681 aut
1071 609 1450 707 quomodo
1485 613 1735 681 venire
1765 609 2185 710 potuerint?
2214 611 2451 706 Atque
2476 609 2624 680 hoc

481 721 768 790 nonita
793 743 1110 817 quaeram
1127 774 1146 809 ,
1171 719 1454 818 judices
1471 775 1492 810 ,
1524 736 1609 792 ut
1632 719 1712 791 id
1746 719 1980 792 dicam
2010 744 2165 792 esse
2198 718 2622 817 indignum,

477 827 799 901 hominis
823 833 1236 902 innocentis
1264 830 1462 902 bona
1487 833 1791 903 venisse.
1821 835 1893 902 Si
1920 835 2119 902 enim
2140 831 2299 902 haec
2320 828 2623 901 audien-

482 953 629 1028 tur,
648 964 734 1012 ac
758 939 986 1012 libere
1013 941 1390 1031 dicentum
1413 935 1565 1012 non
1600 940 1741 1014 fuit
1764 955 2010 1012 tantus
2042 940 2269 1012 homo
2292 943 2454 1010 Sex.
2480 942 2618 1009 Ro·-

477 1051 674 1121 scius
711 1053 789 1122 in
831 1054 1157 1141 civitate,
1185 1067 1272 1124 ut
1301 1051 1392 1124 de
1429 1077 1521 1124 eo
1559 1053 2019 1152 potissimum
2061 1073 2620 1148 conqueramur.

475 1163 750 1261 Verum
797 1160 944 1234 hoc
973 1187 1109 1260 ego
1140 1187 1414 1260 quaero,
1451 1165 1581 1260 qui
1611 1175 2017 1261 potuerunt
2048 1163 2185 1232 ista
2224 1163 2381 1257 ipsa
2422 1159 2621 1262 legg,

476 1296 642 1368 quae
671 1270 763 1343 de
794 1276 1328 1372 proscriptione
1365 1289 1510 1363 est,
1546 1277 1695 1344 sive
1719 1269 2045 1345 Valeria-'³
2080 1285 2225 1361 est,
2256 1273 2405 1342 sive
2438 1273 2619 1340 Cor-

474 1383 666 1454 nelia
687 1381 880 1479 (non
907 1387 1102 1455 enim
1131 1387 1302 1456 novi
1320 1387 1376 1474 4,
1403 1408 1540 1456 nec
1566 1386 1717 1480 scio
1732 1383 1786 1480 )‚
1805 1405 2059 1453 verum
2084 1384 2223 1452 ista
2250 1383 2408 1478 ipsa
2436 1379 2621 1476 lege,

475 1483 864 1567 bona‘Sex.
886 1498 1126 1567 Roscii
1155 1497 1406 1568 venire
1436 1498 1568 1593 qui
1597 1493 2049 1593 potuerunt?

571 1607 938 1705 Scriptum
973 1611 1166 1678 enim
1197 1611 1297 1678 ita
1323 1606 1581 1679 dicunt
1610 1631 1765 1678 esse
1782 1661 1803 1694 ,
1824 1635 1859 1670 ι
1875 1607 1976 1676 Ut
1998 1627 2255 1675 eorum
2277 1600 2477 1672 bona
2500 1624 2623 1671 ve-
2652 1695 2661 1704 ῃ

473 1746 508 1783 α
535 1731 782 1806 neam,
801 1720 928 1814 qui
956 1722 1343 1817 proscripti
1377 1731 1641 1806 sunt»;
1664 1740 1817 1813 quo
1847 1716 1926 1784 in
1958 1737 2269 1808 numeru
2292 1715 2449 1784 Sex,
2476 1716 2623 1782 Ro-

474 1829 668 1897 scius
693 1851 847 1896 non
881 1841 1022 1898 est:
1049 1857 1080 1894 α
1097 1843 1226 1900 aut
1251 1852 1509 1898 eorum
1526 1883 1546 1917 ‚
1578 1829 1809 1924 quiin
1834 1823 2413 1896 adversariorum
2438 1846 2623 1919 prae·

469 1965 505 2002 α
527 1935 727 2008 sidiis
771 1941 990 2010 occisi
1045 1953 1293 2010 sunt».
1353 1943 1547 2010 Dum
1590 1935 1922 2036 praesidia
1966 1935 2113 2005 ulla
2154 1931 2493 2019 fuerunt,
2536 1934 2616 2002 in

467 2048 682 2118 Sullae
702 2049 1055 2146 praesidiis
1072 2049 1250 2122 fuit:
1275 2065 1749 2149 posteaquam
1772 2045 1865 2118 ab
1892 2048 2110 2117 armis
2140 2057 2618 2128 recesserunt,

471 2158 549 2226 in
577 2181 866 2228 summo
898 2163 1051 2230 otio
1070 2214 1089 2247 ‚
1123 2159 1414 2231 rediens
1445 2183 1488 2229 a
1522 2183 1756 2242 coena,
1784 2162 2031 2227 Romae
2063 2157 2346 2225 occisus
2378 2167 2509 2224 est.
2542 2155 2615 2224 Si

470 2267 668 2364 lege3
697 2266 897 2340 bona
918 2294 1218 2369 quoque
1242 2272 1401 2368 lege
1429 2272 1711 2343 venisse
1740 2267 2007 2340 fateor:
2036 2269 2148 2338 sin
2168 2279 2413 2336 autem
2444 2287 2619 2334 con-

473 2389 650 2465 stat,
689 2394 942 2450 contra
971 2405 1227 2451 omnes
1273 2406 1426 2452 non
1472 2379 1695 2450 modo
1730 2393 2009 2450 veteres
2045 2378 2238 2473 leges
2255 2373 2311 2460 ⁵,
2356 2399 2617 2446 verum

467 2489 687 2559 etiam
719 2514 981 2580 novas,
1031 2495 1354 2564 occisum
1395 2517 1589 2580 esse3
1632 2491 1832 2562 bona
1860 2514 2013 2587 quo
2040 2490 2243 2586 jure,
2290 2501 2421 2558 aut
2460 2510 2615 2583 quo

467 2597 691 2670 modo
711 2655 731 2685 ‚
751 2617 879 2674 aut
903 2627 1052 2701 qua
1081 2604 1238 2702 lege
1271 2606 1667 2691 venierint,
1702 2625 1975 2698 quatro,

561 2713 811 2784 XLIV.
842 2719 928 2784 In
958 2735 1180 2813 quem
1207 2715 1352 2786 hoc
1378 2713 1615 2785 dicam
1640 2767 1659 2802 ,
1696 2715 1961 2810 qua-ris
1982 2765 2001 2800 ,
2034 2711 2300 2782 Eruci?
2330 2712 2498 2782 Non
2530 2710 2609 2778 in

463 2843 660 2907 eum,
689 2847 912 2919 quem
937 2829 1070 2914 viS‚
1095 2841 1170 2896 et
1193 2841 1405 2924 putas
1431 2851 1448 2894 z
1481 2848 1650 2894 nam
1678 2822 1947 2894 Sullam
1970 2835 2045 2892 et
2070 2822 2302 2890 oratio
2332 2841 2491 2888 mea
2514 2815 2611 2888 ab

467 2931 678 3000 initio
698 2984 719 3019 ,
758 2947 832 3003 et
857 2936 1084 3031 ipsius
1115 2939 1373 3007 eximia
1399 2939 1631 3006 virtus
1656 2934 1859 3004 omni
1892 2927 2215 3029 tenipbre
2249 2931 2608 3027 purgavit.

463 3041 619 3138 Ego
645 3040 800 3114 hoec
830 3048 1076 3116 omnia
1107 3045 1663 3144 Chrysogonum
1698 3043 1949 3115 fecisse
1982 3042 2183 3129 dico,
2210 3050 2331 3111 ut¹
2366 3063 2614 3110 emen·

534 3321 586 3372 3.
627 3323 846 3373 Valeria.
873 3325 983 3387 Qu·
1017 3327 1073 3373 L.
1095 3325 1318 3374 'Valerius
1352 3325 1487 3372 Flac·
1650 3323 1701 3373 5,
1732 3325 1929 3370 Veteres
1962 3321 2110 3387 leges.
2146 3319 2369 3369 Porciam
2400 3329 2452 3368 et
2475 3320 2609 3368 Sem-

461 3415 552 3456 m
573 3401 756 3450 Sullam
783 3401 1076 3454 dictatorem
1093 3415 1386 3470 perpetuum
1411 3404 1488 3455 di·
1578 3403 1817 3468 proraiam.
1832 3405 2054 3466 Quarum
2080 3400 2173 3450 alin
2214 3401 2411 3449 nubat
2448 3401 2605 3448 civem

457 3481 550 3529 xit.
565 3482 683 3533 Vid.
701 3483 811 3534 lud.
831 3485 946 3548 Leg.
1580 3498 1705 3531 rom.
1726 3481 2067 3530 indemnatum
2088 3480 2255 3528 necari
2270 3514 2287 3538 ,
2321 3479 2415 3528 alia
2444 3478 2607 3544 prohi-

536 3570 585 3619 4.
615 3563 728 3610 Non
753 3563 881 3612 enim
909 3563 1037 3612 ηονί.
1063 3567 1192 3628 Quia
1215 3565 1348 3629 leges
1378 3565 1487 3614 istae
1578 3560 1728 3610 habat
1756 3561 1817 3609 de
1842 3561 2003 3624 capite
2036 3561 2159 3609 civis
2188 3575 2317 3609 rom.
2351 3559 2451 3606 niti
2495 3574 2606 3607 οω-

459 3641 788 3702 iniustissima
827 3654 992 3702 erant,
1026 3644 1195 3710 fingit,
1237 3660 1328 3710 per
1365 3661 1484 3694 oon-
1575 3641 1763 3690 tut-itti:
1776 3640 1987 3689 comitiis
1994 3639 2223 3700 indicari.
2234 3639 2410 3687 Porcia
2424 3638 2606 3686 lexvir-

464 3729 705 3784 temptmn
747 3735 798 3772 et
841 3724 1228 3789 indignationem
1246 3759 1263 3785 ‚
1319 3735 1488 3773 orator
1574 3720 1729 3785 gasab
1740 3721 1959 3768 omnium
1978 3720 2159 3767 civium
2174 3734 2391 3783 corpore
2404 3719 2605 3766 amovit.

462 3815 546 3848 eu
569 3816 623 3849 ιο
645 3801 900 3864 ignorare,
930 3819 1034 3853 nou
1059 3807 1166 3854 nine
1191 3805 1340 3853 Sulla
1369 3821 1490 3854 cou-
1644 3803 1827 3849 XLIV.
1872 3817 1918 3848 ι.
1960 3799 2146 3848 Fecisse
2180 3799 2325 3856 dico,
2371 3807 2454 3853 ue,
2510 3807 2602 3844 ete.

459 3878 693 3928 tur-din:
732 3883 916 3947 quippe
941 3883 1060 3932 dnm
1083 3900 1164 3932 eas
1197 3901 1250 3932 οε
1287 3899 1392 3931 non
1415 3883 1486 3932 le-
1576 3883 1620 3929 1.
1654 3897 1699 3929 e.
1734 3880 2019 3928 ementitum
2055 3879 2231 3937 fuisse,
2268 3875 2499 3934 finxisse,
2536 3875 2605 3924 di·

437 3958 610 4023 gine,
625 3975 735 4019 nec,
759 3961 870 4025 quis
895 3963 1059 4024 ‚tulerit
1074 3997 1089 4021 ,
1111 3965 1236 4012 seire
1259 3964 1361 4024 nit,
1381 3979 1487 4012 non
1574 3961 1720 4020 xiste,
1745 3975 1941 4026 pnsum
1966 3975 2071 4007 non
2096 3974 2221 4006 ense.
2255 3959 2321 4005 Et
2354 3968 2430 4005 est
2454 3955 2601 4004 latina

459 4039 591 4104 leges
607 4073 625 4099 ‚
649 4041 738 4090 aed
769 4042 970 4106 tyranni
1005 4041 1191 4103 edicta,
1217 4053 1394 4108 putare
1417 4043 1486 4092 si-
1575 4042 1879 4090 eonstruotio
1903 4039 2083 4105 capim
2102 4039 2237 4103 apud
2260 4049 2451 4088 veteres
2467 4049 2599 4085 usur-

463 4117 678 4185 gnffioet.
1574 4133 1706 4186 pata.
1740 4123 1823 4172 Sic
1860 4121 1927 4170 ad
1968 4121 2084 4171 Div.
2106 4121 2189 4182 X,
2226 4133 2321 4184 17:
2356 4117 2519 4168 «feeit
2540 4123 2595 4164 ut
