<?xml version="1.0" encoding="UTF-8"?>
<!DOCTYPE html PUBLIC "-//W3C//DTD XHTML 1.0 Transitional//EN"
    "http://www.w3.org/TR/xhtml1/DTD/xhtml1-transitional.dtd">
<html xmlns="http://www.w3.org/1999/xhtml" xml:lang="en" lang="en">
 <head>
  <title>
</title>
<meta http-equiv="Content-Type" content="text/html;charset=utf-8" />
  <meta name='ocr-system' content='tesseract 3.04.00' />
  <meta name='ocr-capabilities' content='ocr_page ocr_carea ocr_par ocr_line ocrx_word'/>
</head>
<body>
  <div class='ocr_page' id='page_1' title='image "./mtciceronisquae03lemagoog_0394.png"; bbox 0 0 2984 4684; ppageno 0'>
   <div class='ocr_carea' id='block_1_1' title="bbox 456 320 1934 410">
    <p class='ocr_par' dir='ltr' id='par_1_1' title="bbox 456 320 1934 410">
     <span class='ocr_line' id='line_1_1' title="bbox 456 320 1934 410; baseline -0.005 -13"><span class='ocrx_word' id='word_1_1' title='bbox 456 321 595 410; x_wconf 73' lang='lat'><strong>354</strong></span> <span class='ocrx_word' id='word_1_2' title='bbox 1100 321 1196 390; x_wconf 85' lang='lat' dir='ltr'><strong>M.</strong></span> <span class='ocrx_word' id='word_1_3' title='bbox 1249 320 1326 389; x_wconf 88' lang='lat' dir='ltr'><strong>T.</strong></span> <span class='ocrx_word' id='word_1_4' title='bbox 1382 321 1934 392; x_wconf 76' lang='lat' dir='ltr'>CICERONIS</span> 
     </span>
    </p>
   </div>
   <div class='ocr_carea' id='block_1_2' title="bbox 450 439 2618 2747">
    <p class='ocr_par' dir='ltr' id='par_1_2' title="bbox 450 439 2610 1649">
     <span class='ocr_line' id='line_1_2' title="bbox 452 439 2600 546; baseline -0.002 -27"><span class='ocrx_word' id='word_1_5' title='bbox 452 445 635 546; x_wconf 91' lang='lat' dir='ltr'><strong>quid</strong></span> <span class='ocrx_word' id='word_1_6' title='bbox 662 458 919 518; x_wconf 87' lang='lat' dir='ltr'><strong>contra</strong></span> <span class='ocrx_word' id='word_1_7' title='bbox 940 443 1282 516; x_wconf 58' lang='lat' dir='ltr'><strong>mulieres</strong></span> <span class='ocrx_word' id='word_1_8' title='bbox 1312 439 1485 514; x_wconf 88' lang='lat' dir='ltr'><strong>fecit</strong></span> <span class='ocrx_word' id='word_1_9' title='bbox 1505 497 1526 532; x_wconf 93' lang='lat'><strong>‚</strong></span> <span class='ocrx_word' id='word_1_10' title='bbox 1555 467 1648 514; x_wconf 89' lang='lat' dir='ltr'><strong>ne</strong></span> <span class='ocrx_word' id='word_1_11' title='bbox 1674 457 1913 514; x_wconf 89' lang='lat' dir='ltr'><strong>totum</strong></span> <span class='ocrx_word' id='word_1_12' title='bbox 1943 439 2264 514; x_wconf 88' lang='lat' dir='ltr'><strong>edictum</strong></span> <span class='ocrx_word' id='word_1_13' title='bbox 2297 441 2388 514; x_wconf 88' lang='lat' dir='ltr'><strong>ad</strong></span> <span class='ocrx_word' id='word_1_14' title='bbox 2413 443 2600 516; x_wconf 89' lang='lat' dir='ltr'><strong>Che-</strong></span> 
     </span>
     <span class='ocr_line' id='line_1_3' title="bbox 450 550 2600 652; baseline -0.001 -23"><span class='ocrx_word' id='word_1_15' title='bbox 450 557 719 629; x_wconf 90' lang='lat' dir='ltr'><strong>lidonis</strong></span> <span class='ocrx_word' id='word_1_16' title='bbox 752 553 1135 627; x_wconf 86' lang='lat' dir='ltr'>arbitrium</span> <span class='ocrx_word' id='word_1_17' title='bbox 1183 555 1537 652; x_wconf 89' lang='lat' dir='ltr'><strong>scriptum</strong></span> <span class='ocrx_word' id='word_1_18' title='bbox 1572 550 1986 626; x_wconf 77' lang='lat' dir='ltr'><strong>videretur?</strong></span> <span class='ocrx_word' id='word_1_19' title='bbox 2033 551 2432 650; x_wconf 85' lang='lat' dir='ltr'>Cupiditati</span> <span class='ocrx_word' id='word_1_20' title='bbox 2461 555 2600 626; x_wconf 90' lang='lat' dir='ltr'><strong>ho-</strong></span> 
     </span>
     <span class='ocr_line' id='line_1_4' title="bbox 454 662 2604 762; baseline -0.001 -23"><span class='ocrx_word' id='word_1_21' title='bbox 454 673 738 740; x_wconf 88' lang='lat' dir='ltr'><strong>minum</strong></span> <span class='ocrx_word' id='word_1_22' title='bbox 766 669 865 738; x_wconf 87' lang='lat' dir='ltr'><strong>ait</strong></span> <span class='ocrx_word' id='word_1_23' title='bbox 898 689 975 738; x_wconf 86' lang='lat' dir='ltr'><strong>se</strong></span> <span class='ocrx_word' id='word_1_24' title='bbox 1010 662 1303 736; x_wconf 85' lang='lat' dir='ltr'><strong>obviam</strong></span> <span class='ocrx_word' id='word_1_25' title='bbox 1338 665 1467 736; x_wconf 88' lang='lat' dir='ltr'><strong>ire.</strong></span> <span class='ocrx_word' id='word_1_26' title='bbox 1492 665 1722 756; x_wconf 80' lang='lat' dir='ltr'><strong>Quis⁹</strong></span> <span class='ocrx_word' id='word_1_27' title='bbox 1757 667 2037 762; x_wconf 78' lang='lat' dir='ltr'><strong>potiuS,</strong></span> <span class='ocrx_word' id='word_1_28' title='bbox 2059 686 2216 734; x_wconf 87' lang='lat' dir='ltr'><strong>non</strong></span> <span class='ocrx_word' id='word_1_29' title='bbox 2239 662 2464 736; x_wconf 86' lang='lat' dir='ltr'><strong>modo</strong></span> <span class='ocrx_word' id='word_1_30' title='bbox 2487 665 2604 736; x_wconf 89' lang='lat' dir='ltr'><strong>his</strong></span> 
     </span>
     <span class='ocr_line' id='line_1_5' title="bbox 454 772 2606 879; baseline -0.003 -27"><span class='ocrx_word' id='word_1_31' title='bbox 454 775 908 879; x_wconf 82' lang='lat' dir='ltr'><strong>temporibus</strong></span> <span class='ocrx_word' id='word_1_32' title='bbox 926 829 945 864; x_wconf 92' lang='lat'>,</span> <span class='ocrx_word' id='word_1_33' title='bbox 982 774 1109 847; x_wconf 90' lang='lat' dir='ltr'><strong>sed</strong></span> <span class='ocrx_word' id='word_1_34' title='bbox 1160 776 1378 846; x_wconf 87' lang='lat' dir='ltr'><strong>etiam</strong></span> <span class='ocrx_word' id='word_1_35' title='bbox 1436 772 1634 874; x_wconf 86' lang='lat' dir='ltr'><strong>apud</strong></span> <span class='ocrx_word' id='word_1_36' title='bbox 1689 773 2005 868; x_wconf 88' lang='lat' dir='ltr'><strong>majores</strong></span> <span class='ocrx_word' id='word_1_37' title='bbox 2053 777 2388 846; x_wconf 85' lang='lat' dir='ltr'><strong>nostros?</strong></span> <span class='ocrx_word' id='word_1_38' title='bbox 2437 779 2606 872; x_wconf 90' lang='lat' dir='ltr'><strong>quis</strong></span> 
     </span>
     <span class='ocr_line' id='line_1_6' title="bbox 452 881 2600 983; baseline -0.002 -23"><span class='ocrx_word' id='word_1_39' title='bbox 452 904 601 960; x_wconf 89' lang='lat' dir='ltr'><strong>tam</strong></span> <span class='ocrx_word' id='word_1_40' title='bbox 638 901 963 959; x_wconf 87' lang='lat' dir='ltr'><strong>remotus</strong></span> <span class='ocrx_word' id='word_1_41' title='bbox 1002 883 1143 956; x_wconf 86' lang='lat' dir='ltr'><strong>fuit</strong></span> <span class='ocrx_word' id='word_1_42' title='bbox 1190 909 1235 956; x_wconf 87' lang='lat' dir='ltr'><strong>a</strong></span> <span class='ocrx_word' id='word_1_43' title='bbox 1270 881 1712 983; x_wconf 85' lang='lat' dir='ltr'><strong>cupiditate?</strong></span> <span class='ocrx_word' id='word_1_44' title='bbox 1755 885 1927 972; x_wconf 85' lang='lat' dir='ltr'><strong>Dic,</strong></span> <span class='ocrx_word' id='word_1_45' title='bbox 1969 907 2218 982; x_wconf 78' lang='lat' dir='ltr'><strong>quaeso</strong></span> <span class='ocrx_word' id='word_1_46' title='bbox 2240 938 2262 973; x_wconf 87' lang='lat'>‚</span> <span class='ocrx_word' id='word_1_47' title='bbox 2301 898 2544 956; x_wconf 86' lang='lat' dir='ltr'><strong>cetera</strong></span> <span class='ocrx_word' id='word_1_48' title='bbox 2581 913 2600 955; x_wconf 74' lang='grc' dir='ltr'><strong><em>ε</em></strong></span> 
     </span>
     <span class='ocr_line' id='line_1_7' title="bbox 454 995 2604 1094; baseline -0.002 -22"><span class='ocrx_word' id='word_1_49' title='bbox 454 997 765 1072; x_wconf 83' lang='lat' dir='ltr'><strong>delectat</strong></span> <span class='ocrx_word' id='word_1_50' title='bbox 788 999 983 1070; x_wconf 88' lang='lat' dir='ltr'><strong>enim</strong></span> <span class='ocrx_word' id='word_1_51' title='bbox 1012 1020 1131 1070; x_wconf 91' lang='lat' dir='ltr'><strong>me</strong></span> <span class='ocrx_word' id='word_1_52' title='bbox 1166 995 1487 1068; x_wconf 89' lang='lat' dir='ltr'><strong>hominis</strong></span> <span class='ocrx_word' id='word_1_53' title='bbox 1519 995 1863 1094; x_wconf 75' lang='lat' dir='ltr'><strong>gravita3‚</strong></span> <span class='ocrx_word' id='word_1_54' title='bbox 1895 995 2194 1068; x_wconf 86' lang='lat' dir='ltr'><strong>scientia</strong></span> <span class='ocrx_word' id='word_1_55' title='bbox 2217 995 2439 1092; x_wconf 79' lang='lat' dir='ltr'><strong>juriS‚</strong></span> <span class='ocrx_word' id='word_1_56' title='bbox 2473 1020 2604 1068; x_wconf 84' lang='lat' dir='ltr'><strong>au-</strong></span> 
     </span>
     <span class='ocr_line' id='line_1_8' title="bbox 454 1107 2604 1202; baseline -0.002 -21"><span class='ocrx_word' id='word_1_57' title='bbox 454 1109 751 1202; x_wconf 84' lang='lat' dir='ltr'><strong>ctoritas</strong></span> <span class='ocrx_word' id='word_1_58' title='bbox 779 1134 795 1178; x_wconf 94' lang='lat'>:</span> <span class='ocrx_word' id='word_1_59' title='bbox 828 1110 973 1199; x_wconf 82' lang='lat' dir='ltr'><strong>Qm</strong></span> <span class='ocrx_word' id='word_1_60' title='bbox 995 1117 1059 1151; x_wconf 85' lang='lat'><strong>¹⁰</strong></span> <span class='ocrx_word' id='word_1_61' title='bbox 1084 1131 1175 1178; x_wconf 68' lang='grc' dir='ltr'><strong>ΑΒ</strong></span> <span class='ocrx_word' id='word_1_62' title='bbox 1192 1111 1274 1178; x_wconf 88' lang='grc' dir='ltr'><strong>Α.</strong></span> <span class='ocrx_word' id='word_1_63' title='bbox 1296 1110 1676 1177; x_wconf 77' lang='lat' dir='ltr'><strong>Pos‘rmno</strong></span> <span class='ocrx_word' id='word_1_64' title='bbox 1693 1159 1715 1194; x_wconf 87' lang='lat'>‚</span> <span class='ocrx_word' id='word_1_65' title='bbox 1747 1107 1838 1196; x_wconf 87' lang='lat' dir='ltr'><strong>Q.</strong></span> <span class='ocrx_word' id='word_1_66' title='bbox 1855 1111 2127 1178; x_wconf 73' lang='lat' dir='ltr'><strong>Formo</strong></span> <span class='ocrx_word' id='word_1_67' title='bbox 2147 1129 2604 1194; x_wconf 61' lang='lat' dir='ltr'><strong>cersonam,</strong></span> 
     </span>
     <span class='ocr_line' id='line_1_9' title="bbox 456 1213 2608 1316; baseline -0.001 -25"><span class='ocrx_word' id='word_1_68' title='bbox 456 1243 717 1291; x_wconf 67' lang='lat' dir='ltr'><strong>ros-rvr</strong></span> <span class='ocrx_word' id='word_1_69' title='bbox 742 1244 833 1288; x_wconf 71' lang='lat' dir='ltr'><strong>EA</strong></span> <span class='ocrx_word' id='word_1_70' title='bbox 852 1241 1056 1288; x_wconf 69' lang='lat' dir='ltr'><strong>rnen·</strong></span> <span class='ocrx_word' id='word_1_71' title='bbox 1077 1271 1097 1305; x_wconf 91' lang='lat'><strong>,</strong></span> <span class='ocrx_word' id='word_1_72' title='bbox 1122 1239 1435 1288; x_wconf 60' lang='lat' dir='ltr'><strong>rect-:nnn</strong></span> <span class='ocrx_word' id='word_1_73' title='bbox 1460 1217 1691 1303; x_wconf 86' lang='lat' dir='ltr'>Fecit,</span> <span class='ocrx_word' id='word_1_74' title='bbox 1721 1213 2006 1288; x_wconf 80' lang='lat' dir='ltr'><strong>fecerit!</strong></span> <span class='ocrx_word' id='word_1_75' title='bbox 2038 1218 2222 1307; x_wconf 88' lang='lat' dir='ltr'><strong>Quis</strong></span> <span class='ocrx_word' id='word_1_76' title='bbox 2255 1241 2608 1316; x_wconf 87' lang='lat' dir='ltr'><strong>umquam</strong></span> 
     </span>
     <span class='ocr_line' id='line_1_10' title="bbox 460 1323 2610 1424; baseline -0.001 -22"><span class='ocrx_word' id='word_1_77' title='bbox 460 1327 685 1402; x_wconf 83' lang='lat' dir='ltr'>edixit</span> <span class='ocrx_word' id='word_1_78' title='bbox 720 1330 861 1399; x_wconf 91' lang='lat' dir='ltr'><strong>isto</strong></span> <span class='ocrx_word' id='word_1_79' title='bbox 896 1325 1166 1398; x_wconf 81' lang='lat' dir='ltr'><strong>modo?</strong></span> <span class='ocrx_word' id='word_1_80' title='bbox 1196 1327 1361 1424; x_wconf 88' lang='lat' dir='ltr'><strong>quis</strong></span> <span class='ocrx_word' id='word_1_81' title='bbox 1392 1347 1742 1422; x_wconf 88' lang='lat' dir='ltr'><strong>umquam</strong></span> <span class='ocrx_word' id='word_1_82' title='bbox 1775 1325 1934 1422; x_wconf 88' lang='lat' dir='ltr'><strong>ejus</strong></span> <span class='ocrx_word' id='word_1_83' title='bbox 1969 1327 2076 1398; x_wconf 90' lang='lat' dir='ltr'><strong>rei</strong></span> <span class='ocrx_word' id='word_1_84' title='bbox 2109 1323 2440 1399; x_wconf 82' lang='lat' dir='ltr'><strong>fraudem</strong></span> <span class='ocrx_word' id='word_1_85' title='bbox 2479 1343 2610 1400; x_wconf 85' lang='lat' dir='ltr'><strong>aut</strong></span> 
     </span>
     <span class='ocr_line' id='line_1_11' title="bbox 460 1433 2608 1541; baseline -0.001 -29"><span class='ocrx_word' id='word_1_86' title='bbox 460 1439 862 1541; x_wconf 89' lang='lat' dir='ltr'><strong>periculum</strong></span> <span class='ocrx_word' id='word_1_87' title='bbox 890 1439 1277 1537; x_wconf 83' lang='lat' dir='ltr'>proposuit</span> <span class='ocrx_word' id='word_1_88' title='bbox 1295 1433 1533 1508; x_wconf 89' lang='lat' dir='ltr'><strong>edicto</strong></span> <span class='ocrx_word' id='word_1_89' title='bbox 1555 1489 1574 1524; x_wconf 92' lang='lat'>,</span> <span class='ocrx_word' id='word_1_90' title='bbox 1603 1461 1766 1534; x_wconf 85' lang='lat' dir='ltr'><strong>quae</strong></span> <span class='ocrx_word' id='word_1_91' title='bbox 1794 1461 2034 1534; x_wconf 88' lang='lat' dir='ltr'><strong>neque</strong></span> <span class='ocrx_word' id='word_1_92' title='bbox 2055 1453 2220 1537; x_wconf 93' lang='lat' dir='ltr'><strong>post</strong></span> <span class='ocrx_word' id='word_1_93' title='bbox 2251 1437 2608 1527; x_wconf 85' lang='lat' dir='ltr'><strong>edictum,</strong></span> 
     </span>
     <span class='ocr_line' id='line_1_12' title="bbox 458 1543 2003 1649; baseline -0.005 -25"><span class='ocrx_word' id='word_1_94' title='bbox 458 1575 702 1649; x_wconf 91' lang='lat' dir='ltr'><strong>neque</strong></span> <span class='ocrx_word' id='word_1_95' title='bbox 734 1564 904 1621; x_wconf 89' lang='lat' dir='ltr'><strong>ante</strong></span> <span class='ocrx_word' id='word_1_96' title='bbox 939 1545 1263 1621; x_wconf 89' lang='lat' dir='ltr'><strong>edictum</strong></span> <span class='ocrx_word' id='word_1_97' title='bbox 1303 1543 1672 1644; x_wconf 85' lang='lat' dir='ltr'><strong>provideri</strong></span> <span class='ocrx_word' id='word_1_98' title='bbox 1714 1547 2003 1645; x_wconf 86' lang='lat' dir='ltr'><strong>potuit?</strong></span> 
     </span>
    </p>

    <p class='ocr_par' dir='ltr' id='par_1_3' title="bbox 460 1645 2618 2747">
     <span class='ocr_line' id='line_1_13' title="bbox 556 1645 2609 1756; baseline -0.002 -24"><span class='ocrx_word' id='word_1_99' title='bbox 556 1665 777 1732; x_wconf 86' lang='lat' dir='ltr'><strong>XLII.</strong></span> <span class='ocrx_word' id='word_1_100' title='bbox 812 1665 851 1731; x_wconf 86' lang='lat' dir='ltr'><strong>J</strong></span> <span class='ocrx_word' id='word_1_101' title='bbox 854 1683 986 1731; x_wconf 91' lang='lat' dir='ltr'><strong>ure</strong></span> <span class='ocrx_word' id='word_1_102' title='bbox 1004 1713 1025 1746; x_wconf 91' lang='lat'><strong>‚</strong></span> <span class='ocrx_word' id='word_1_103' title='bbox 1060 1657 1379 1756; x_wconf 70' lang='lat' dir='ltr'><strong>legibus»,</strong></span> <span class='ocrx_word' id='word_1_104' title='bbox 1418 1645 1848 1729; x_wconf 84' lang='lat' dir='ltr'><strong>auctoritate</strong></span> <span class='ocrx_word' id='word_1_105' title='bbox 1883 1658 2244 1746; x_wconf 88' lang='lat' dir='ltr'><strong>omnium,</strong></span> <span class='ocrx_word' id='word_1_106' title='bbox 2275 1659 2408 1754; x_wconf 91' lang='lat' dir='ltr'><strong>qui</strong></span> <span class='ocrx_word' id='word_1_107' title='bbox 2433 1681 2609 1730; x_wconf 87' lang='lat' dir='ltr'><strong>con-</strong></span> 
     </span>
     <span class='ocr_line' id='line_1_14' title="bbox 460 1764 2612 1854; baseline -0.003 -10"><span class='ocrx_word' id='word_1_108' title='bbox 460 1770 913 1854; x_wconf 84' lang='lat' dir='ltr'><strong>sulebantur,</strong></span> <span class='ocrx_word' id='word_1_109' title='bbox 940 1783 1459 1838; x_wconf 85' lang='lat' dir='ltr'><strong>testamentum</strong></span> <span class='ocrx_word' id='word_1_110' title='bbox 1493 1771 1570 1836; x_wconf 87' lang='lat' dir='ltr'><strong>P.</strong></span> <span class='ocrx_word' id='word_1_111' title='bbox 1609 1768 1890 1838; x_wconf 87' lang='lat' dir='ltr'>Annius</span> <span class='ocrx_word' id='word_1_112' title='bbox 1930 1764 2242 1854; x_wconf 82' lang='lat' dir='ltr'><strong>fecerat,</strong></span> <span class='ocrx_word' id='word_1_113' title='bbox 2287 1791 2442 1838; x_wconf 87' lang='lat' dir='ltr'><strong>non</strong></span> <span class='ocrx_word' id='word_1_114' title='bbox 2479 1768 2612 1838; x_wconf 89' lang='lat' dir='ltr'><strong>im·</strong></span> 
     </span>
     <span class='ocr_line' id='line_1_15' title="bbox 462 1873 2610 1981; baseline -0.002 -29"><span class='ocrx_word' id='word_1_115' title='bbox 462 1879 781 1981; x_wconf 91' lang='lat' dir='ltr'><strong>probum</strong></span> <span class='ocrx_word' id='word_1_116' title='bbox 800 1890 821 1922; x_wconf 83' lang='lat'>¹</span> <span class='ocrx_word' id='word_1_117' title='bbox 834 1933 853 1966; x_wconf 92' lang='lat'>,</span> <span class='ocrx_word' id='word_1_118' title='bbox 884 1899 1035 1948; x_wconf 89' lang='lat' dir='ltr'><strong>non</strong></span> <span class='ocrx_word' id='word_1_119' title='bbox 1055 1873 1544 1946; x_wconf 86' lang='lat' dir='ltr'><strong>inofficiosum</strong></span> <span class='ocrx_word' id='word_1_120' title='bbox 1563 1929 1584 1960; x_wconf 89' lang='lat'><strong>‚</strong></span> <span class='ocrx_word' id='word_1_121' title='bbox 1597 1900 1750 1946; x_wconf 89' lang='lat' dir='ltr'><strong>non</strong></span> <span class='ocrx_word' id='word_1_122' title='bbox 1773 1876 2256 1948; x_wconf 83' lang='lat' dir='ltr'><strong>inhumanum</strong></span> <span class='ocrx_word' id='word_1_123' title='bbox 2279 1903 2296 1946; x_wconf 73' lang='grc' dir='ltr'>ε</span> <span class='ocrx_word' id='word_1_124' title='bbox 2324 1877 2527 1974; x_wconf 91' lang='lat' dir='ltr'><strong>quod</strong></span> <span class='ocrx_word' id='word_1_125' title='bbox 2550 1881 2610 1950; x_wconf 90' lang='lat' dir='ltr'><strong>si</strong></span> 
     </span>
     <span class='ocr_line' id='line_1_16' title="bbox 462 1984 2616 2084; baseline -0.002 -21"><span class='ocrx_word' id='word_1_126' title='bbox 462 1993 563 2062; x_wconf 88' lang='lat' dir='ltr'><strong>ita</strong></span> <span class='ocrx_word' id='word_1_127' title='bbox 602 1988 919 2075; x_wconf 80' lang='lat' dir='ltr'><strong>fecisset3</strong></span> <span class='ocrx_word' id='word_1_128' title='bbox 976 2001 1221 2056; x_wconf 87' lang='lat' dir='ltr'><strong>tamen</strong></span> <span class='ocrx_word' id='word_1_129' title='bbox 1264 1999 1433 2084; x_wconf 84' lang='lat' dir='ltr'><strong>post</strong></span> <span class='ocrx_word' id='word_1_130' title='bbox 1472 1984 1665 2056; x_wconf 87' lang='lat' dir='ltr'><strong>illius</strong></span> <span class='ocrx_word' id='word_1_131' title='bbox 1701 2000 2015 2057; x_wconf 89' lang='lat' dir='ltr'><strong>mortem</strong></span> <span class='ocrx_word' id='word_1_132' title='bbox 2049 1987 2230 2058; x_wconf 89' lang='lat' dir='ltr'><strong>nihil</strong></span> <span class='ocrx_word' id='word_1_133' title='bbox 2276 1985 2368 2058; x_wconf 90' lang='lat' dir='ltr'><strong>de</strong></span> <span class='ocrx_word' id='word_1_134' title='bbox 2405 2003 2616 2060; x_wconf 88' lang='lat' dir='ltr'><strong>testa-</strong></span> 
     </span>
     <span class='ocr_line' id='line_1_17' title="bbox 465 2096 2614 2195; baseline -0.001 -21"><span class='ocrx_word' id='word_1_135' title='bbox 465 2117 716 2174; x_wconf 90' lang='lat' dir='ltr'><strong>mento</strong></span> <span class='ocrx_word' id='word_1_136' title='bbox 742 2100 936 2171; x_wconf 91' lang='lat' dir='ltr'><strong>illius</strong></span> <span class='ocrx_word' id='word_1_137' title='bbox 964 2100 1137 2168; x_wconf 84' lang='lat' dir='ltr'><strong>novi</strong></span> <span class='ocrx_word' id='word_1_138' title='bbox 1158 2096 1345 2191; x_wconf 87' lang='lat' dir='ltr'><strong>juris</strong></span> <span class='ocrx_word' id='word_1_139' title='bbox 1364 2097 1710 2166; x_wconf 89' lang='lat' dir='ltr'><strong>constitui</strong></span> <span class='ocrx_word' id='word_1_140' title='bbox 1732 2111 2128 2195; x_wconf 83' lang='lat' dir='ltr'><strong>oporteret.</strong></span> <span class='ocrx_word' id='word_1_141' title='bbox 2145 2101 2471 2172; x_wconf 89' lang='lat' dir='ltr'><strong>Voconia</strong></span> <span class='ocrx_word' id='word_1_142' title='bbox 2497 2098 2614 2171; x_wconf 83' lang='lat' dir='ltr'><strong>lex</strong></span> 
     </span>
     <span class='ocr_line' id='line_1_18' title="bbox 465 2205 2618 2308; baseline -0.002 -23"><span class='ocrx_word' id='word_1_143' title='bbox 465 2229 539 2285; x_wconf 90' lang='lat' dir='ltr'><strong>te</strong></span> <span class='ocrx_word' id='word_1_144' title='bbox 552 2211 885 2285; x_wconf 86' lang='lat' dir='ltr'><strong>videlicet</strong></span> <span class='ocrx_word' id='word_1_145' title='bbox 900 2205 1333 2281; x_wconf 83' lang='lat' dir='ltr'><strong>delectabat?</strong></span> <span class='ocrx_word' id='word_1_146' title='bbox 1344 2206 1662 2278; x_wconf 88' lang='lat' dir='ltr'><strong>imitatus</strong></span> <span class='ocrx_word' id='word_1_147' title='bbox 1677 2218 1898 2278; x_wconf 79' lang='lat' dir='ltr'><strong>esses²</strong></span> <span class='ocrx_word' id='word_1_148' title='bbox 1912 2210 2154 2308; x_wconf 89' lang='lat' dir='ltr'><strong>ipsum</strong></span> <span class='ocrx_word' id='word_1_149' title='bbox 2173 2209 2376 2280; x_wconf 84' lang='lat' dir='ltr'><strong>illum</strong></span> <span class='ocrx_word' id='word_1_150' title='bbox 2386 2212 2618 2301; x_wconf 88' lang='lat' dir='ltr'><strong>Q.Vo-</strong></span> 
     </span>
     <span class='ocr_line' id='line_1_19' title="bbox 468 2314 2616 2418; baseline -0.001 -23"><span class='ocrx_word' id='word_1_151' title='bbox 468 2323 765 2396; x_wconf 89' lang='lat' dir='ltr'><strong>conium</strong></span> <span class='ocrx_word' id='word_1_152' title='bbox 786 2374 807 2404; x_wconf 83' lang='lat'>,</span> <span class='ocrx_word' id='word_1_153' title='bbox 834 2321 961 2418; x_wconf 90' lang='lat' dir='ltr'><strong>qui</strong></span> <span class='ocrx_word' id='word_1_154' title='bbox 990 2316 1147 2415; x_wconf 86' lang='lat' dir='ltr'><strong>lege</strong></span> <span class='ocrx_word' id='word_1_155' title='bbox 1184 2341 1315 2388; x_wconf 89' lang='lat' dir='ltr'><strong>sua</strong></span> <span class='ocrx_word' id='word_1_156' title='bbox 1348 2314 1822 2388; x_wconf 85' lang='lat' dir='ltr'><strong>hereditatem</strong></span> <span class='ocrx_word' id='word_1_157' title='bbox 1857 2318 2126 2390; x_wconf 85' lang='lat' dir='ltr'><strong>ademit</strong></span> <span class='ocrx_word' id='word_1_158' title='bbox 2157 2319 2340 2391; x_wconf 90' lang='lat' dir='ltr'><strong>nulli</strong></span> <span class='ocrx_word' id='word_1_159' title='bbox 2373 2345 2616 2418; x_wconf 86' lang='lat' dir='ltr'><strong>neque</strong></span> 
     </span>
     <span class='ocr_line' id='line_1_20' title="bbox 470 2427 2617 2532; baseline -0 -28"><span class='ocrx_word' id='word_1_160' title='bbox 470 2433 773 2532; x_wconf 85' lang='lat' dir='ltr'><strong>virgini,</strong></span> <span class='ocrx_word' id='word_1_161' title='bbox 808 2453 1053 2527; x_wconf 91' lang='lat' dir='ltr'><strong>neque</strong></span> <span class='ocrx_word' id='word_1_162' title='bbox 1085 2428 1411 2515; x_wconf 89' lang='lat' dir='ltr'><strong>mulieri;</strong></span> <span class='ocrx_word' id='word_1_163' title='bbox 1446 2427 1682 2498; x_wconf 82' lang='lat' dir='ltr'><strong>sanxit</strong></span> <span class='ocrx_word' id='word_1_164' title='bbox 1718 2429 1794 2498; x_wconf 88' lang='lat' dir='ltr'><strong>in</strong></span> <span class='ocrx_word' id='word_1_165' title='bbox 1831 2443 2246 2527; x_wconf 87' lang='lat' dir='ltr'><strong>posterum,</strong></span> <span class='ocrx_word' id='word_1_166' title='bbox 2282 2433 2413 2527; x_wconf 90' lang='lat' dir='ltr'><strong>qui</strong></span> <span class='ocrx_word' id='word_1_167' title='bbox 2449 2446 2617 2530; x_wconf 90' lang='lat' dir='ltr'><strong>post</strong></span> 
     </span>
     <span class='ocr_line' id='line_1_21' title="bbox 471 2539 2614 2639; baseline -0.002 -21"><span class='ocrx_word' id='word_1_168' title='bbox 471 2569 595 2618; x_wconf 88' lang='lat' dir='ltr'><strong>eos</strong></span> <span class='ocrx_word' id='word_1_169' title='bbox 631 2564 969 2616; x_wconf 86' lang='lat' dir='ltr'><strong>censores</strong></span> <span class='ocrx_word' id='word_1_170' title='bbox 994 2563 1257 2612; x_wconf 87' lang='lat' dir='ltr'><strong>census</strong></span> <span class='ocrx_word' id='word_1_171' title='bbox 1288 2553 1476 2610; x_wconf 88' lang='lat' dir='ltr'><strong>esset</strong></span> <span class='ocrx_word' id='word_1_172' title='bbox 1494 2591 1516 2624; x_wconf 89' lang='lat'>‚</span> <span class='ocrx_word' id='word_1_173' title='bbox 1545 2563 1640 2609; x_wconf 90' lang='lat' dir='ltr'><strong>ne</strong></span> <span class='ocrx_word' id='word_1_174' title='bbox 1665 2541 1830 2636; x_wconf 87' lang='lat' dir='ltr'><strong>quis</strong></span> <span class='ocrx_word' id='word_1_175' title='bbox 1851 2539 2198 2612; x_wconf 88' lang='lat' dir='ltr'><strong>heredem</strong></span> <span class='ocrx_word' id='word_1_176' title='bbox 2226 2543 2578 2639; x_wconf 86' lang='lat' dir='ltr'><strong>virginem</strong></span> <span class='ocrx_word' id='word_1_177' title='bbox 2595 2598 2614 2630; x_wconf 92' lang='lat'>‚</span> 
     </span>
     <span class='ocr_line' id='line_1_22' title="bbox 470 2649 2617 2747; baseline -0.001 -19"><span class='ocrx_word' id='word_1_178' title='bbox 470 2680 657 2728; x_wconf 82' lang='lat' dir='ltr'><strong>neve</strong></span> <span class='ocrx_word' id='word_1_179' title='bbox 686 2653 1064 2726; x_wconf 88' lang='lat' dir='ltr'><strong>mulierem</strong></span> <span class='ocrx_word' id='word_1_180' title='bbox 1087 2649 1375 2723; x_wconf 83' lang='lat' dir='ltr'><strong>faceret.</strong></span> <span class='ocrx_word' id='word_1_181' title='bbox 1413 2655 1504 2721; x_wconf 90' lang='lat' dir='ltr'><strong>In</strong></span> <span class='ocrx_word' id='word_1_182' title='bbox 1530 2649 1687 2747; x_wconf 87' lang='lat' dir='ltr'><strong>lege</strong></span> <span class='ocrx_word' id='word_1_183' title='bbox 1705 2653 2024 2722; x_wconf 87' lang='lat' dir='ltr'><strong>Voconia</strong></span> <span class='ocrx_word' id='word_1_184' title='bbox 2046 2677 2199 2724; x_wconf 88' lang='lat' dir='ltr'><strong>non</strong></span> <span class='ocrx_word' id='word_1_185' title='bbox 2227 2667 2360 2740; x_wconf 88' lang='lat' dir='ltr'><strong>est,</strong></span> <span class='ocrx_word' id='word_1_186' title='bbox 2389 2679 2617 2741; x_wconf 67' lang='lat' dir='ltr'><strong>rnen,</strong></span> 
     </span>
    </p>
   </div>
   <div class='ocr_carea' id='block_1_3' title="bbox 472 2760 2620 2863">
    <p class='ocr_par' dir='ltr' id='par_1_4' title="bbox 472 2760 2620 2863">
     <span class='ocr_line' id='line_1_23' title="bbox 472 2760 2620 2863; baseline -0.003 -23"><span class='ocrx_word' id='word_1_187' title='bbox 472 2789 769 2840; x_wconf 66' lang='lat' dir='ltr'><strong>recem-r</strong></span> <span class='ocrx_word' id='word_1_188' title='bbox 804 2790 819 2832; x_wconf 75' lang='grc' dir='ltr'><strong>ε</strong></span> <span class='ocrx_word' id='word_1_189' title='bbox 856 2787 1100 2860; x_wconf 90' lang='lat' dir='ltr'><strong>neque</strong></span> <span class='ocrx_word' id='word_1_190' title='bbox 1134 2763 1213 2832; x_wconf 88' lang='lat' dir='ltr'><strong>in</strong></span> <span class='ocrx_word' id='word_1_191' title='bbox 1248 2760 1392 2832; x_wconf 84' lang='lat' dir='ltr'><strong>ulla</strong></span> <span class='ocrx_word' id='word_1_192' title='bbox 1420 2764 1868 2860; x_wconf 63' lang='lat' dir='ltr'><strong>praeteritum</strong></span> <span class='ocrx_word' id='word_1_193' title='bbox 1897 2775 2188 2862; x_wconf 89' lang='lat' dir='ltr'><strong>tempus</strong></span> <span class='ocrx_word' id='word_1_194' title='bbox 2221 2763 2620 2863; x_wconf 88' lang='lat' dir='ltr'><strong>reprehen-</strong></span> 
     </span>
    </p>
   </div>
   <div class='ocr_carea' id='block_1_4' title="bbox 463 3019 1514 3964">
    <p class='ocr_par' dir='ltr' id='par_1_5' title="bbox 463 3019 1514 3964">
     <span class='ocr_line' id='line_1_24' title="bbox 546 3019 1492 3087; baseline -0.005 -14"><span class='ocrx_word' id='word_1_195' title='bbox 546 3040 597 3087; x_wconf 84' lang='lat'><strong>9.</strong></span> <span class='ocrx_word' id='word_1_196' title='bbox 622 3021 758 3072; x_wconf 82' lang='lat' dir='ltr'><strong>Olim</strong></span> <span class='ocrx_word' id='word_1_197' title='bbox 772 3020 909 3086; x_wconf 76' lang='lat' dir='ltr'><strong>quid.</strong></span> <span class='ocrx_word' id='word_1_198' title='bbox 926 3019 1105 3069; x_wconf 75' lang='lat' dir='ltr'><strong>Guliel.</strong></span> <span class='ocrx_word' id='word_1_199' title='bbox 1118 3020 1187 3070; x_wconf 73' lang='lat' dir='ltr'><strong>itu</strong></span> <span class='ocrx_word' id='word_1_200' title='bbox 1204 3019 1492 3084; x_wconf 71' lang='lat' dir='ltr'><strong>distinguit:</strong></span> 
     </span>
     <span class='ocr_line' id='line_1_25' title="bbox 477 3099 1502 3168; baseline -0.001 -20"><span class='ocrx_word' id='word_1_201' title='bbox 477 3127 503 3148; x_wconf 75' lang='lat'><strong>.-</strong></span> <span class='ocrx_word' id='word_1_202' title='bbox 518 3103 645 3168; x_wconf 86' lang='lat' dir='ltr'><strong>Quis</strong></span> <span class='ocrx_word' id='word_1_203' title='bbox 670 3101 876 3168; x_wconf 78' lang='lat' dir='ltr'><strong>potius?</strong></span> <span class='ocrx_word' id='word_1_204' title='bbox 910 3113 1011 3146; x_wconf 83' lang='lat' dir='ltr'><strong>non</strong></span> <span class='ocrx_word' id='word_1_205' title='bbox 1033 3099 1185 3148; x_wconf 85' lang='lat' dir='ltr'><strong>modo</strong></span> <span class='ocrx_word' id='word_1_206' title='bbox 1207 3099 1285 3147; x_wconf 83' lang='lat' dir='ltr'><strong>his</strong></span> <span class='ocrx_word' id='word_1_207' title='bbox 1316 3109 1502 3164; x_wconf 85' lang='lat' dir='ltr'><strong>tempo·</strong></span> 
     </span>
     <span class='ocr_line' id='line_1_26' title="bbox 481 3178 1507 3246; baseline -0.016 -12"><span class='ocrx_word' id='word_1_208' title='bbox 481 3186 648 3242; x_wconf 85' lang='lat' dir='ltr'><strong>ribus,</strong></span> <span class='ocrx_word' id='word_1_209' title='bbox 684 3180 771 3230; x_wconf 83' lang='lat' dir='ltr'><strong>sed</strong></span> <span class='ocrx_word' id='word_1_210' title='bbox 809 3181 953 3230; x_wconf 78' lang='lat' dir='ltr'><strong>etim</strong></span> <span class='ocrx_word' id='word_1_211' title='bbox 993 3178 1128 3246; x_wconf 77' lang='lat' dir='ltr'><strong>apud</strong></span> <span class='ocrx_word' id='word_1_212' title='bbox 1168 3180 1374 3241; x_wconf 68' lang='lat' dir='ltr'><strong>majores</strong></span> <span class='ocrx_word' id='word_1_213' title='bbox 1410 3195 1507 3228; x_wconf 74' lang='lat' dir='ltr'><strong>no.</strong></span> 
     </span>
     <span class='ocr_line' id='line_1_27' title="bbox 481 3257 1510 3326; baseline -0.003 -17"><span class='ocrx_word' id='word_1_214' title='bbox 481 3277 634 3320; x_wconf 67' lang='lat' dir='ltr'><strong>atros,</strong></span> <span class='ocrx_word' id='word_1_215' title='bbox 650 3261 760 3326; x_wconf 81' lang='lat' dir='ltr'><strong>quis</strong></span> <span class='ocrx_word' id='word_1_216' title='bbox 784 3270 881 3307; x_wconf 74' lang='lat' dir='ltr'><strong>tam</strong></span> <span class='ocrx_word' id='word_1_217' title='bbox 906 3269 1125 3306; x_wconf 85' lang='lat' dir='ltr'><strong>remotus</strong></span> <span class='ocrx_word' id='word_1_218' title='bbox 1148 3258 1241 3306; x_wconf 75' lang='lat' dir='ltr'><strong>fnit</strong></span> <span class='ocrx_word' id='word_1_219' title='bbox 1264 3275 1295 3306; x_wconf 75' lang='lat' dir='ltr'><strong>u</strong></span> <span class='ocrx_word' id='word_1_220' title='bbox 1317 3257 1510 3324; x_wconf 83' lang='lat' dir='ltr'><strong>eupidi-</strong></span> 
     </span>
     <span class='ocr_line' id='line_1_28' title="bbox 488 3339 1509 3402; baseline -0.007 -9"><span class='ocrx_word' id='word_1_221' title='bbox 488 3355 587 3394; x_wconf 71' lang='lat' dir='ltr'><strong>tate</strong></span> <span class='ocrx_word' id='word_1_222' title='bbox 606 3345 629 3392; x_wconf 67' lang='grc' dir='ltr'><strong><em>ἓ</em></strong></span> <span class='ocrx_word' id='word_1_223' title='bbox 648 3363 674 3383; x_wconf 73' lang='grc' dir='ltr'><strong>ι·</strong></span> <span class='ocrx_word' id='word_1_224' title='bbox 709 3342 758 3390; x_wconf 84' lang='lat' dir='ltr'><strong>J.</strong></span> <span class='ocrx_word' id='word_1_225' title='bbox 774 3341 838 3387; x_wconf 80' lang='lat' dir='ltr'><strong>V.</strong></span> <span class='ocrx_word' id='word_1_226' title='bbox 860 3341 917 3387; x_wconf 88' lang='lat' dir='ltr'><strong>L.</strong></span> <span class='ocrx_word' id='word_1_227' title='bbox 940 3366 1011 3378; x_wconf 90' lang='lat'><strong>—-</strong></span> <span class='ocrx_word' id='word_1_228' title='bbox 1037 3341 1215 3387; x_wconf 83' lang='lat' dir='ltr'><strong>Sensus</strong></span> <span class='ocrx_word' id='word_1_229' title='bbox 1241 3349 1343 3388; x_wconf 83' lang='lat' dir='ltr'><strong>est:</strong></span> <span class='ocrx_word' id='word_1_230' title='bbox 1383 3339 1509 3402; x_wconf 86' lang='lat' dir='ltr'><strong>Quis</strong></span> 
     </span>
     <span class='ocr_line' id='line_1_29' title="bbox 484 3417 1510 3490; baseline -0.007 -17"><span class='ocrx_word' id='word_1_231' title='bbox 484 3423 653 3490; x_wconf 82' lang='lat' dir='ltr'><strong>potius</strong></span> <span class='ocrx_word' id='word_1_232' title='bbox 684 3421 1024 3486; x_wconf 76' lang='lat' dir='ltr'><strong>quanerres</strong></span> <span class='ocrx_word' id='word_1_233' title='bbox 1058 3417 1317 3483; x_wconf 72' lang='lat' dir='ltr'><strong>cupiditati</strong></span> <span class='ocrx_word' id='word_1_234' title='bbox 1349 3417 1510 3467; x_wconf 84' lang='lat' dir='ltr'><strong>homi-</strong></span> 
     </span>
     <span class='ocr_line' id='line_1_30' title="bbox 484 3497 1508 3562; baseline -0.009 -8"><span class='ocrx_word' id='word_1_235' title='bbox 484 3521 605 3554; x_wconf 86' lang='lat' dir='ltr'><strong>num</strong></span> <span class='ocrx_word' id='word_1_236' title='bbox 631 3503 826 3553; x_wconf 75' lang='lat' dir='ltr'><strong>obviam</strong></span> <span class='ocrx_word' id='word_1_237' title='bbox 856 3499 1027 3562; x_wconf 86' lang='lat' dir='ltr'><strong>iverit,</strong></span> <span class='ocrx_word' id='word_1_238' title='bbox 1062 3513 1169 3546; x_wconf 81' lang='lat' dir='ltr'><strong>non</strong></span> <span class='ocrx_word' id='word_1_239' title='bbox 1204 3497 1359 3546; x_wconf 87' lang='lat' dir='ltr'><strong>modo</strong></span> <span class='ocrx_word' id='word_1_240' title='bbox 1394 3499 1473 3546; x_wconf 88' lang='lat' dir='ltr'><strong>his</strong></span> <span class='ocrx_word' id='word_1_241' title='bbox 1492 3533 1508 3558; x_wconf 92' lang='lat'><strong>,</strong></span> 
     </span>
     <span class='ocr_line' id='line_1_31' title="bbox 487 3579 1514 3647; baseline -0.007 -13"><span class='ocrx_word' id='word_1_242' title='bbox 487 3587 574 3634; x_wconf 78' lang='lat' dir='ltr'><strong>sed</strong></span> <span class='ocrx_word' id='word_1_243' title='bbox 610 3585 753 3634; x_wconf 80' lang='lat' dir='ltr'><strong>etism</strong></span> <span class='ocrx_word' id='word_1_244' title='bbox 805 3579 1055 3647; x_wconf 83' lang='lat' dir='ltr'><strong>prioribus</strong></span> <span class='ocrx_word' id='word_1_245' title='bbox 1096 3579 1429 3644; x_wconf 68' lang='lat' dir='ltr'><strong>temporibus,</strong></span> <span class='ocrx_word' id='word_1_246' title='bbox 1466 3586 1514 3634; x_wconf 81' lang='lat' dir='ltr'><strong>si</strong></span> 
     </span>
     <span class='ocr_line' id='line_1_32' title="bbox 485 3665 719 3713; baseline 0 -3"><span class='ocrx_word' id='word_1_247' title='bbox 485 3665 719 3713; x_wconf 71' lang='lat' dir='ltr'><strong>vixisset?</strong></span> 
     </span>
     <span class='ocr_line' id='line_1_33' title="bbox 463 3744 1514 3814; baseline -0.004 -16"><span class='ocrx_word' id='word_1_248' title='bbox 463 3795 487 3814; x_wconf 45' lang='grc' dir='ltr'><strong><em>Ω</em></strong></span> <span class='ocrx_word' id='word_1_249' title='bbox 512 3791 519 3798; x_wconf 85' lang='grc'><strong>.</strong></span> <span class='ocrx_word' id='word_1_250' title='bbox 560 3767 641 3799; x_wconf 82' lang='grc' dir='ltr'><strong>ιο.</strong></span> <span class='ocrx_word' id='word_1_251' title='bbox 660 3747 939 3813; x_wconf 61' lang='lat' dir='ltr'><strong>QuilVerbs</strong></span> <span class='ocrx_word' id='word_1_252' title='bbox 960 3745 1111 3794; x_wconf 82' lang='lat' dir='ltr'><strong>edicti</strong></span> <span class='ocrx_word' id='word_1_253' title='bbox 1134 3744 1345 3795; x_wconf 77' lang='lat' dir='ltr'><strong>verrini.</strong></span> <span class='ocrx_word' id='word_1_254' title='bbox 1365 3745 1467 3809; x_wconf 88' lang='lat' dir='ltr'><strong>Qui</strong></span> <span class='ocrx_word' id='word_1_255' title='bbox 1482 3763 1514 3794; x_wconf 75' lang='lat' dir='ltr'><strong>u</strong></span> 
     </span>
     <span class='ocr_line' id='line_1_34' title="bbox 485 3825 1510 3894; baseline -0.005 -17"><span class='ocrx_word' id='word_1_256' title='bbox 485 3842 703 3894; x_wconf 83' lang='lat' dir='ltr'><strong>tempore</strong></span> <span class='ocrx_word' id='word_1_257' title='bbox 721 3843 823 3892; x_wconf 85' lang='lat' dir='ltr'><strong>quo</strong></span> <span class='ocrx_word' id='word_1_258' title='bbox 842 3830 904 3877; x_wconf 65' lang='lat' dir='ltr'><strong>A.</strong></span> <span class='ocrx_word' id='word_1_259' title='bbox 921 3826 1199 3876; x_wconf 71' lang='lat' dir='ltr'><strong>Postumius</strong></span> <span class='ocrx_word' id='word_1_260' title='bbox 1223 3837 1275 3875; x_wconf 89' lang='lat' dir='ltr'><strong>et</strong></span> <span class='ocrx_word' id='word_1_261' title='bbox 1301 3827 1372 3889; x_wconf 91' lang='lat' dir='ltr'><strong>Q.</strong></span> <span class='ocrx_word' id='word_1_262' title='bbox 1396 3825 1510 3873; x_wconf 76' lang='lat' dir='ltr'><strong>Ful-</strong></span> 
     </span>
     <span class='ocr_line' id='line_1_35' title="bbox 482 3904 1508 3964; baseline -0.005 -7"><span class='ocrx_word' id='word_1_263' title='bbox 482 3912 595 3958; x_wconf 79' lang='lat' dir='ltr'><strong>vius</strong></span> <span class='ocrx_word' id='word_1_264' title='bbox 623 3923 849 3958; x_wconf 73' lang='lat' dir='ltr'><strong>censores</strong></span> <span class='ocrx_word' id='word_1_265' title='bbox 875 3907 1099 3964; x_wconf 80' lang='lat' dir='ltr'><strong>fuerunt,</strong></span> <span class='ocrx_word' id='word_1_266' title='bbox 1125 3905 1182 3955; x_wconf 82' lang='lat' dir='ltr'><strong>h.</strong></span> <span class='ocrx_word' id='word_1_267' title='bbox 1208 3921 1256 3955; x_wconf 85' lang='lat' dir='ltr'><strong>e.</strong></span> <span class='ocrx_word' id='word_1_268' title='bbox 1287 3904 1351 3954; x_wconf 73' lang='lat' dir='ltr'><strong>ab</strong></span> <span class='ocrx_word' id='word_1_269' title='bbox 1378 3920 1508 3953; x_wconf 81' lang='lat' dir='ltr'><strong>auno</strong></span> 
     </span>
    </p>
   </div>
   <div class='ocr_carea' id='block_1_5' title="bbox 477 3985 1512 4136">
    <p class='ocr_par' dir='ltr' id='par_1_6' title="bbox 477 3985 1512 4136">
     <span class='ocr_line' id='line_1_36' title="bbox 487 3985 1512 4053; baseline -0.006 -15"><span class='ocrx_word' id='word_1_270' title='bbox 487 3991 620 4053; x_wconf 80' lang='lat'><strong>579,</strong></span> <span class='ocrx_word' id='word_1_271' title='bbox 662 3987 751 4052; x_wconf 85' lang='lat' dir='ltr'><strong>qui</strong></span> <span class='ocrx_word' id='word_1_272' title='bbox 790 4003 946 4034; x_wconf 75' lang='lat' dir='ltr'><strong>annus</strong></span> <span class='ocrx_word' id='word_1_273' title='bbox 960 4021 975 4045; x_wconf 91' lang='lat'>,</span> <span class='ocrx_word' id='word_1_274' title='bbox 1020 3986 1361 4050; x_wconf 84' lang='lat' dir='ltr'><strong>quinquennio</strong></span> <span class='ocrx_word' id='word_1_275' title='bbox 1414 3985 1512 4040; x_wconf 78' lang='lat' dir='ltr'><strong>fuit</strong></span> 
     </span>
     <span class='ocr_line' id='line_1_37' title="bbox 477 4063 1508 4136; baseline -0.007 -18"><span class='ocrx_word' id='word_1_276' title='bbox 477 4079 591 4118; x_wconf 77' lang='lat' dir='ltr'><strong>ante</strong></span> <span class='ocrx_word' id='word_1_277' title='bbox 618 4066 893 4136; x_wconf 59' lang='lat' dir='ltr'><strong>vQconhm</strong></span> <span class='ocrx_word' id='word_1_278' title='bbox 928 4065 1113 4132; x_wconf 80' lang='lat' dir='ltr'><strong>legem,</strong></span> <span class='ocrx_word' id='word_1_279' title='bbox 1162 4075 1341 4131; x_wconf 80' lang='lat' dir='ltr'><strong>postve</strong></span> <span class='ocrx_word' id='word_1_280' title='bbox 1382 4063 1508 4112; x_wconf 82' lang='lat' dir='ltr'><strong>illud</strong></span> 
     </span>
    </p>
   </div>
   <div class='ocr_carea' id='block_1_6' title="bbox 1589 3021 2624 4114">
    <p class='ocr_par' dir='ltr' id='par_1_7' title="bbox 1589 3021 2621 3566">
     <span class='ocr_line' id='line_1_38' title="bbox 1589 3021 2618 3087; baseline 0.003 -17"><span class='ocrx_word' id='word_1_281' title='bbox 1589 3035 1780 3087; x_wconf 79' lang='lat' dir='ltr'><strong>tempus</strong></span> <span class='ocrx_word' id='word_1_282' title='bbox 1794 3055 1810 3079; x_wconf 87' lang='lat'><em>‚</em></span> <span class='ocrx_word' id='word_1_283' title='bbox 1833 3021 1886 3070; x_wconf 82' lang='lat' dir='ltr'><strong>in</strong></span> <span class='ocrx_word' id='word_1_284' title='bbox 1903 3033 2193 3072; x_wconf 71' lang='lat' dir='ltr'><strong>testamento</strong></span> <span class='ocrx_word' id='word_1_285' title='bbox 2209 3021 2460 3072; x_wconf 76' lang='lat' dir='ltr'><strong>muliere-u</strong></span> <span class='ocrx_word' id='word_1_286' title='bbox 2475 3023 2618 3072; x_wconf 80' lang='lat' dir='ltr'><strong>here·</strong></span> 
     </span>
     <span class='ocr_line' id='line_1_39' title="bbox 1591 3100 2618 3165; baseline 0.002 -17"><span class='ocrx_word' id='word_1_287' title='bbox 1591 3100 1702 3149; x_wconf 85' lang='lat' dir='ltr'><strong>dem</strong></span> <span class='ocrx_word' id='word_1_288' title='bbox 1725 3101 1870 3160; x_wconf 75' lang='lat' dir='ltr'><strong>feeit,</strong></span> <span class='ocrx_word' id='word_1_289' title='bbox 1905 3112 1992 3151; x_wconf 76' lang='lat' dir='ltr'><strong>aut</strong></span> <span class='ocrx_word' id='word_1_290' title='bbox 2021 3102 2194 3165; x_wconf 66' lang='lat' dir='ltr'><strong>radet,</strong></span> <span class='ocrx_word' id='word_1_291' title='bbox 2225 3119 2412 3150; x_wconf 64' lang='lat' dir='ltr'><strong>uuum</strong></span> <span class='ocrx_word' id='word_1_292' title='bbox 2447 3103 2618 3151; x_wconf 72' lang='lat' dir='ltr'><strong>faciam</strong></span> 
     </span>
     <span class='ocr_line' id='line_1_40' title="bbox 1591 3182 2619 3248; baseline 0.001 -19"><span class='ocrx_word' id='word_1_293' title='bbox 1591 3191 1951 3230; x_wconf 71' lang='lat' dir='ltr'><strong>testamentum.</strong></span> <span class='ocrx_word' id='word_1_294' title='bbox 1979 3185 2038 3230; x_wconf 84' lang='lat' dir='ltr'><strong>In</strong></span> <span class='ocrx_word' id='word_1_295' title='bbox 2072 3198 2134 3230; x_wconf 83' lang='lat' dir='ltr'><strong>eo</strong></span> <span class='ocrx_word' id='word_1_296' title='bbox 2167 3182 2392 3248; x_wconf 76' lang='lat' dir='ltr'><strong>peccavit</strong></span> <span class='ocrx_word' id='word_1_297' title='bbox 2418 3183 2619 3246; x_wconf 80' lang='lat' dir='ltr'><strong>Verres,</strong></span> 
     </span>
     <span class='ocr_line' id='line_1_41' title="bbox 1594 3261 2620 3328; baseline 0.004 -20"><span class='ocrx_word' id='word_1_298' title='bbox 1594 3261 1734 3325; x_wconf 86' lang='lat' dir='ltr'><strong>quod</strong></span> <span class='ocrx_word' id='word_1_299' title='bbox 1780 3262 1925 3309; x_wconf 79' lang='lat' dir='ltr'><strong>etism</strong></span> <span class='ocrx_word' id='word_1_300' title='bbox 1980 3261 2032 3310; x_wconf 82' lang='lat' dir='ltr'><strong>in</strong></span> <span class='ocrx_word' id='word_1_301' title='bbox 2083 3273 2278 3328; x_wconf 85' lang='lat' dir='ltr'><strong>tempus</strong></span> <span class='ocrx_word' id='word_1_302' title='bbox 2321 3264 2620 3326; x_wconf 64' lang='lat' dir='ltr'><strong>preteritum</strong></span> 
     </span>
     <span class='ocr_line' id='line_1_42' title="bbox 1597 3340 2621 3408; baseline 0.004 -20"><span class='ocrx_word' id='word_1_303' title='bbox 1597 3340 1809 3390; x_wconf 85' lang='lat' dir='ltr'><strong>edietum</strong></span> <span class='ocrx_word' id='word_1_304' title='bbox 1856 3357 1997 3390; x_wconf 85' lang='lat' dir='ltr'><strong>suum</strong></span> <span class='ocrx_word' id='word_1_305' title='bbox 2039 3343 2200 3392; x_wconf 76' lang='lat' dir='ltr'><strong>valere</strong></span> <span class='ocrx_word' id='word_1_306' title='bbox 2241 3341 2432 3406; x_wconf 83' lang='lat' dir='ltr'><strong>voluit,</strong></span> <span class='ocrx_word' id='word_1_307' title='bbox 2466 3359 2621 3408; x_wconf 81' lang='lat' dir='ltr'><strong>quum</strong></span> 
     </span>
     <span class='ocr_line' id='line_1_43' title="bbox 1592 3421 2621 3490; baseline 0.004 -21"><span class='ocrx_word' id='word_1_308' title='bbox 1592 3421 1715 3470; x_wconf 77' lang='lat' dir='ltr'><strong>satis</strong></span> <span class='ocrx_word' id='word_1_309' title='bbox 1755 3433 1948 3472; x_wconf 81' lang='lat' dir='ltr'><strong>constet</strong></span> <span class='ocrx_word' id='word_1_310' title='bbox 1987 3439 2144 3486; x_wconf 81' lang='lat' dir='ltr'><strong>neque</strong></span> <span class='ocrx_word' id='word_1_311' title='bbox 2183 3422 2428 3486; x_wconf 85' lang='lat' dir='ltr'><strong>edictum,</strong></span> <span class='ocrx_word' id='word_1_312' title='bbox 2461 3440 2621 3490; x_wconf 76' lang='lat' dir='ltr'><strong>neque</strong></span> 
     </span>
     <span class='ocr_line' id='line_1_44' title="bbox 1597 3501 2601 3566; baseline 0.001 -17"><span class='ocrx_word' id='word_1_313' title='bbox 1597 3501 1728 3566; x_wconf 81' lang='lat' dir='ltr'><strong>leges</strong></span> <span class='ocrx_word' id='word_1_314' title='bbox 1749 3502 1876 3566; x_wconf 71' lang='lat' dir='ltr'><strong>ipsas</strong></span> <span class='ocrx_word' id='word_1_315' title='bbox 1894 3503 1994 3550; x_wconf 77' lang='lat' dir='ltr'><strong>vim</strong></span> <span class='ocrx_word' id='word_1_316' title='bbox 2013 3503 2193 3552; x_wconf 76' lang='lat' dir='ltr'><strong>habere</strong></span> <span class='ocrx_word' id='word_1_317' title='bbox 2213 3503 2266 3549; x_wconf 86' lang='lat' dir='ltr'><strong>in</strong></span> <span class='ocrx_word' id='word_1_318' title='bbox 2287 3504 2601 3566; x_wconf 76' lang='lat' dir='ltr'><strong>praeteritum.</strong></span> 
     </span>
    </p>

    <p class='ocr_par' dir='ltr' id='par_1_8' title="bbox 1595 3583 2624 4047">
     <span class='ocr_line' id='line_1_45' title="bbox 1672 3583 2624 3647; baseline -0.001 -15"><span class='ocrx_word' id='word_1_319' title='bbox 1672 3584 1827 3632; x_wconf 76' lang='lat' dir='ltr'><strong>XLII.</strong></span> <span class='ocrx_word' id='word_1_320' title='bbox 1858 3599 1903 3631; x_wconf 89' lang='lat'><strong>1.</strong></span> <span class='ocrx_word' id='word_1_321' title='bbox 1939 3583 2232 3647; x_wconf 78' lang='lat' dir='ltr'><strong>Improbum.</strong></span> <span class='ocrx_word' id='word_1_322' title='bbox 2262 3583 2446 3631; x_wconf 78' lang='lat' dir='ltr'><strong>Contra</strong></span> <span class='ocrx_word' id='word_1_323' title='bbox 2471 3583 2624 3646; x_wconf 81' lang='lat' dir='ltr'><strong>leges.</strong></span> 
     </span>
     <span class='ocr_line' id='line_1_46' title="bbox 1601 3661 2624 3731; baseline 0 -21"><span class='ocrx_word' id='word_1_324' title='bbox 1601 3663 1952 3731; x_wconf 76' lang='lat' dir='ltr'><strong>Inofficiosum.</strong></span> <span class='ocrx_word' id='word_1_325' title='bbox 1979 3664 2162 3713; x_wconf 76' lang='lat' dir='ltr'><strong>Contra</strong></span> <span class='ocrx_word' id='word_1_326' title='bbox 2185 3663 2424 3712; x_wconf 79' lang='lat' dir='ltr'><strong>rationem</strong></span> <span class='ocrx_word' id='word_1_327' title='bbox 2451 3661 2624 3712; x_wconf 82' lang='lat' dir='ltr'><strong>officii.</strong></span> 
     </span>
     <span class='ocr_line' id='line_1_47' title="bbox 1601 3743 2624 3808; baseline 0 -18"><span class='ocrx_word' id='word_1_328' title='bbox 1601 3743 1946 3792; x_wconf 73' lang='lat' dir='ltr'><strong>Inhumanum.</strong></span> <span class='ocrx_word' id='word_1_329' title='bbox 1969 3746 2028 3791; x_wconf 84' lang='lat' dir='ltr'><strong>In</strong></span> <span class='ocrx_word' id='word_1_330' title='bbox 2052 3757 2154 3808; x_wconf 86' lang='lat' dir='ltr'><strong>quo</strong></span> <span class='ocrx_word' id='word_1_331' title='bbox 2189 3743 2459 3791; x_wconf 76' lang='lat' dir='ltr'><strong>amicorum</strong></span> <span class='ocrx_word' id='word_1_332' title='bbox 2492 3758 2624 3790; x_wconf 82' lang='lat' dir='ltr'><strong>meu·</strong></span> 
     </span>
     <span class='ocr_line' id='line_1_48' title="bbox 1601 3821 2623 3886; baseline -0.002 -16"><span class='ocrx_word' id='word_1_333' title='bbox 1601 3823 1672 3872; x_wconf 86' lang='lat' dir='ltr'><strong>tio</strong></span> <span class='ocrx_word' id='word_1_334' title='bbox 1691 3822 1824 3872; x_wconf 78' lang='lat' dir='ltr'><strong>nulls</strong></span> <span class='ocrx_word' id='word_1_335' title='bbox 1845 3823 1968 3872; x_wconf 70' lang='lat' dir='ltr'><strong>faeta</strong></span> <span class='ocrx_word' id='word_1_336' title='bbox 1987 3821 2288 3872; x_wconf 54' lang='lat' dir='ltr'><strong>est—Novi</strong></span> <span class='ocrx_word' id='word_1_337' title='bbox 2297 3821 2442 3886; x_wconf 76' lang='lat' dir='ltr'><strong>juris.</strong></span> <span class='ocrx_word' id='word_1_338' title='bbox 2453 3821 2623 3884; x_wconf 81' lang='lat' dir='ltr'><strong>Neque</strong></span> 
     </span>
     <span class='ocr_line' id='line_1_49' title="bbox 1595 3902 2622 3968; baseline -0.001 -17"><span class='ocrx_word' id='word_1_339' title='bbox 1595 3903 1728 3951; x_wconf 85' lang='lat' dir='ltr'><strong>enim</strong></span> <span class='ocrx_word' id='word_1_340' title='bbox 1763 3903 2120 3968; x_wconf 70' lang='lat' dir='ltr'><strong>posterioribus</strong></span> <span class='ocrx_word' id='word_1_341' title='bbox 2152 3902 2341 3968; x_wconf 79' lang='lat' dir='ltr'><strong>legibus</strong></span> <span class='ocrx_word' id='word_1_342' title='bbox 2365 3913 2622 3952; x_wconf 73' lang='lat' dir='ltr'><strong>testamen·</strong></span> 
     </span>
     <span class='ocr_line' id='line_1_50' title="bbox 1599 3982 2140 4047; baseline 0.002 -16"><span class='ocrx_word' id='word_1_343' title='bbox 1599 3994 1704 4031; x_wconf 85' lang='lat' dir='ltr'><strong>tum</strong></span> <span class='ocrx_word' id='word_1_344' title='bbox 1723 3982 1936 4031; x_wconf 80' lang='lat' dir='ltr'><strong>rescindi</strong></span> <span class='ocrx_word' id='word_1_345' title='bbox 1957 3983 2140 4047; x_wconf 83' lang='lat' dir='ltr'><strong>potuit.</strong></span> 
     </span>
    </p>

    <p class='ocr_par' dir='ltr' id='par_1_9' title="bbox 1669 4059 2624 4114">
     <span class='ocr_line' id='line_1_51' title="bbox 1669 4059 2624 4114; baseline -0.003 -5"><span class='ocrx_word' id='word_1_346' title='bbox 1669 4077 1721 4110; x_wconf 76' lang='lat'><strong>2.</strong></span> <span class='ocrx_word' id='word_1_347' title='bbox 1739 4062 1964 4112; x_wconf 72' lang='lat' dir='ltr'><strong>Imitatus</strong></span> <span class='ocrx_word' id='word_1_348' title='bbox 1990 4079 2135 4114; x_wconf 77' lang='lat' dir='ltr'><strong>esses.</strong></span> <span class='ocrx_word' id='word_1_349' title='bbox 2157 4063 2340 4113; x_wconf 78' lang='lat' dir='ltr'><strong>Imitari</strong></span> <span class='ocrx_word' id='word_1_350' title='bbox 2361 4059 2624 4110; x_wconf 81' lang='lat' dir='ltr'><strong>debuisses.</strong></span> 
     </span>
    </p>
   </div>
  </div>
 </body>
</html>
