2984 4684
488 432 497 462 ι
767 393 881 465 IN
928 389 1367 465 VERREM
1416 393 1628 464 ACT.
1667 395 1786 480 11,
1835 395 2025 464 LIB.
2071 397 2131 464 1.
2381 391 2526 492 359

380 517 593 590 minis
630 516 1036 614 ingenium,
1096 519 1279 588 mira
1331 515 1740 615 prudentia.
1801 518 2168 590 Minucius
2227 517 2522 618 quidam

378 642 713 704 mortuus
741 642 851 698 est
876 641 1041 699 ante
1082 630 1303 702 istum
1336 642 1720 725 praetorem
1753 653 1769 700 τ
1816 628 1974 724 ejus
2009 643 2524 701 testamentum

379 753 532 810 erat
583 737 919 809 nullum²
962 766 977 809 ε
1040 737 1199 835 lege
1243 737 1604 812 hereditas
1647 737 1738 810 ad
1795 752 2088 838 gentem
2131 743 2524 813 Minuciam

381 847 743 921 veniebat.
789 849 864 920 si
904 847 1277 922 habuisset
1312 851 1447 921 iste
1489 848 1841 939 edictum,
1871 849 2072 950 quod
2106 867 2272 925 ante
2307 853 2524 924 istum

380 973 452 1030 et
491 974 741 1059 postea
772 983 1027 1032 omnes
1062 958 1512 1044 habuerunt,
1554 964 1912 1061 possessio
1949 962 2284 1034 Minuciae
2325 965 2526 1059 genti

380 1085 567 1141 esset
606 1067 797 1141 data.
839 1073 910 1141 Si
946 1073 1117 1168 quis
1148 1084 1586 1144 testamento
1628 1097 1703 1144 se
1747 1071 2088 1144 heredem
2131 1098 2286 1146 esse
2328 1071 2520 1144 arbi-

382 1193 719 1271 traretur,
762 1179 965 1278 quod
1010 1197 1167 1253 tum
1206 1206 1362 1253 non
1402 1196 1715 1254 exstaret
1736 1238 1756 1271 ‚
1799 1182 1957 1280 lege
2003 1199 2246 1281 ageret
2282 1183 2358 1254 in
2401 1182 2525 1254 he-

382 1291 759 1364 reditatem
802 1319 817 1363 :
868 1307 1028 1382 aut,
1082 1317 1217 1390 pro
1271 1291 1512 1392 praede
1563 1295 1710 1366 litis
1769 1291 2247 1366 vindiciarum
2292 1318 2527 1391 quum

382 1405 553 1475 satis
576 1403 967 1501 accepisset
988 1459 1009 1494 ,
1034 1407 1504 1503 sponsionem
1539 1401 1843 1490 facere-t3
1877 1407 1974 1477 ita
2006 1403 2097 1476 de
2124 1404 2527 1477 hereditate

382 1527 708 1587 certaret.
756 1519 947 1603 Hoc,
981 1517 1273 1614 opinor,
1306 1515 1468 1610 jure
1511 1529 1585 1587 et
1621 1513 1930 1609 majores
1969 1517 2235 1602 nostri,
2277 1529 2351 1586 et
2388 1539 2526 1586 nos

384 1647 671 1722 semper
694 1625 809 1696 usi
836 1649 1109 1696 sumus.
1125 1622 1412 1714 Videte,
1435 1639 1520 1696 ut
1539 1623 1684 1696 hoc
1703 1626 1837 1696 iste
1857 1628 2273 1698 correxerit.
2306 1628 2526 1696 Com-

388 1732 596 1832 ponit
632 1733 950 1806 edictum
984 1737 1071 1808 iis
1110 1734 1349 1808 verbis
1368 1789 1407 1824 ‚.
1430 1751 1517 1807 ut
1551 1737 1789 1834 quivis
1824 1735 2223 1833 intelligere
2255 1736 2486 1834 possit
2507 1791 2527 1826 ‚

388 1847 607 1920 unius
637 1844 959 1918 hominis
994 1869 1209 1920 causa
1243 1847 1740 1946 conscriptum
1777 1871 1966 1934 esse3
2013 1861 2295 1919 tantum
2324 1845 2528 1944 quod

459 2122 511 2155 a.
537 2107 759 2157 Nullum.
789 2108 921 2156 Toto
946 2108 1069 2157 caelo
1100 2119 1262 2158 errant
1294 2107 1351 2160 h.
1374 2109 1413 2160 l.
1502 2109 1688 2160 interea
1723 2111 2083 2174 possessionem
2125 2109 2334 2160 retinere
2367 2112 2534 2172 jussus

388 2197 795 2236 commentatores
830 2202 890 2235 ac
924 2187 1127 2252 gallicus
1150 2189 1409 2254 interpres.
1501 2188 1648 2238 fuerit
1661 2223 1679 2252 ,
1717 2191 2034 2254 sponsionem
2070 2189 2349 2238 adversario
2389 2191 2534 2240 faciet

386 2268 493 2318 Nec
536 2267 670 2316 enim
718 2277 1061 2318 testamentum
1105 2285 1134 2316 a
1186 2269 1413 2318 Minucio

390 2347 593 2395 omnino
633 2345 819 2394 factum
858 2362 961 2395 non
996 2363 1127 2410 esse,
1165 2357 1255 2395 aut
1292 2358 1413 2396 tune

392 2426 624 2490 temporis
639 2441 743 2473 non
758 2425 999 2490 prodiisse
1013 2427 1083 2474 ait
1100 2425 1307 2486 Tullius,
1328 2424 1415 2474 sed

390 2503 517 2552 iuud
540 2504 677 2569 quod
701 2505 960 2569 scripserat
979 2506 1091 2567 jure
1108 2504 1295 2552 nullam
1314 2506 1416 2551 vim

392 2583 633 2646 habuisse,
648 2600 707 2632 ae
725 2583 917 2632 nullum
934 2582 1095 2632 fuisse.
1116 2584 1239 2645 Quo
1263 2599 1415 2648 quum

392 2663 461 2711 ita
486 2674 671 2726 esseut,
700 2674 751 2711 et
774 2662 838 2711 ad
864 2661 1180 2710 hereditatem
1204 2660 1267 2709 ab
1293 2663 1417 2710 inte·

392 2753 521 2792 stato
572 2743 793 2792 Minucia
836 2757 955 2808 gens
1001 2749 1126 2789 esset
1168 2739 1413 2798 vocanda,

393 2837 607 2886 quonam
630 2822 782 2872 modo
802 2840 879 2871 res
895 2821 997 2887 geri
1016 2820 1232 2869 solerent
1249 2818 1423 2868 descri-

394 2901 469 2950 bit
489 2903 662 2952 Cieero
683 2917 697 2953 :
737 2903 952 2960 scilieet,
984 2916 1139 2967 quum
1163 2911 1301 2965 parte
1326 2899 1421 2947 alia

392 2977 532 3030 heres
548 2993 887 3032 testamentum
906 2980 1083 3040 valere,
1107 2980 1201 3029 alia
1219 2989 1423 3030 testato·

394 3061 463 3110 ris
510 3061 691 3110 finilia
731 3062 923 3111 nullum
970 3077 1075 3110 esse
1124 3058 1391 3109 contendat
1408 3093 1424 3118 ‚

396 3142 525 3188 inter
548 3141 778 3190 heredem
807 3141 1085 3190 institutum
1113 3149 1166 3188 et
1190 3139 1423 3188 familiam

397 3219 460 3268 de
494 3219 764 3270 inmeditate
798 3229 1024 3270 eertamr.
1061 3219 1177 3268 Duo
1200 3219 1283 3268 hic
1306 3235 1422 3284 pos·

396 3310 514 3348 sunt
552 3316 845 3351 occurrere:
871 3299 931 3350 1⁰
950 3304 1057 3352 Aut
1096 3300 1237 3350 heres
1270 3310 1423 3350 testa·

398 3388 569 3427 mento
600 3379 855 3429 institutus
884 3379 1015 3429 bona
1051 3380 1272 3430 defuncti
1318 3395 1425 3428 non

400 3458 625 3522 possedit
638 3493 653 3516 ,
691 3469 809 3508 tune
848 3459 1053 3508 heredes
1088 3461 1151 3509 ab
1190 3461 1423 3510 intestato

398 3536 453 3586 in
468 3537 551 3599 jus
568 3549 731 3598 vocat,
749 3549 807 3587 ut
828 3539 924 3604 ipsi
940 3538 1071 3586 bona
1087 3540 1424 3602 restituantur,

400 3617 509 3683 Iege
542 3617 652 3684 agie
688 3616 739 3665 in
776 3616 1108 3666 hereditatem.
1142 3613 1201 3665 α’
1230 3619 1335 3667 Aut
1368 3635 1427 3668 ea

398 3699 564 3746 statim
580 3731 597 3758 ,
633 3696 876 3746 exstineto
897 3707 1129 3747 testatore
1147 3699 1425 3761 occupavit,

402 3787 519 3826 tune
570 3777 732 3842 ipsum
784 3774 1097 3826 restituenda
1144 3777 1425 3828 hereditatis

400 3871 545 3906 eausa
570 3857 775 3908 heredes
804 3859 867 3907 ab
902 3858 1134 3906 intestato
1162 3857 1215 3905 in
1235 3859 1317 3920 jus
1340 3875 1427 3908 vo-

401 3949 531 3987 cant.
572 3940 705 3988 Ante
738 3939 901 3988 omnia
930 3951 1123 3986 neeesse
1150 3946 1223 3985 est
1249 3948 1429 4004 preto-

404 4031 507 4063 rem
530 4029 737 4067 statuere
752 4029 878 4079 uter,
895 4015 1141 4083 pendente
1165 4017 1278 4078 lite,
1308 4033 1427 4082 pos-

406 4097 669 4146 sessionem
692 4098 903 4146 retinere
929 4097 1135 4147 debeat:
1162 4096 1298 4162 quod
1318 4097 1427 4162 qui-

408 4173 515 4223 dem
560 4176 623 4226 tis
656 4177 988 4226 vinda'cae'cmam
1022 4175 1296 4226 dicebatur.
1327 4177 1430 4239 Qui

1490 2285 1590 2333 pro
1613 2269 1788 2338 pra-df
1816 2269 1916 2318 titis
1948 2268 2310 2326 vindiciarum,
2354 2285 2534 2335 nempe

1501 2347 1830 2413 adstipulatus
1855 2365 1907 2397 se
1932 2358 1983 2397 et
2007 2365 2110 2397 rem
2136 2358 2187 2396 et
2215 2351 2431 2396 fructum
2457 2366 2533 2398 re-

1502 2426 1806 2486 stituturum,
1819 2427 1860 2474 si
1873 2426 2065 2488 indicio
2080 2427 2238 2474 victus
2256 2426 2530 2478 decesserit.

1505 2505 1619 2552 Gai.
1645 2503 1734 2565 IV,
1773 2505 1806 2570 s
1833 2507 1895 2553 16
1920 2515 1969 2553 et
1996 2521 2084 2568 91.
2129 2504 2380 2568 Simulque
2416 2507 2533 2553 satis

1504 2581 1714 2647 accipiet
1733 2583 1796 2635 ab
1821 2583 1933 2643 illo,
1959 2581 2014 2630 id
2040 2593 2128 2640 est,
2147 2583 2532 2643 satisdationem,

1505 2678 1601 2726 qua
1624 2679 1676 2710 se
1703 2662 1973 2726 obstringat
2006 2663 2196 2728 petitor
2216 2679 2268 2710 se
2284 2697 2299 2720 ,
2341 2664 2384 2710 si
2406 2665 2535 2728 peti-

1503 2744 1638 2790 tione
1657 2741 1932 2802 dejiciatur,
1953 2751 2136 2790 certam
2152 2741 2376 2806 pecunias
2401 2759 2538 2790 sum-

1508 2838 1668 2882 mam,
1705 2819 1870 2870 damni
1893 2837 2064 2882 eausa,
2099 2822 2398 2882 soluturum,
2426 2837 2538 2886 quae

1509 2901 1788 2968 quingentis
1829 2900 2019 2949 assiBus
2061 2911 2284 2950 constare
2327 2901 2538 2952 solebat.

1512 2981 1624 3030 Gai.
1655 2981 1743 3030 ubi
1777 2997 1942 3046 supra.
1988 2980 2125 3043 Quid
2167 2993 2330 3030 autem
2373 2991 2538 3046 egerat

1509 3062 1687 3110 Verres
1707 3061 1731 3108 i·
1781 3061 1878 3108 Iste
1921 3075 2074 3124 quum
2125 3075 2538 3124 supervacaneum

1511 3139 1716 3189 omnino
1739 3138 1957 3188 duxisset
1970 3172 1986 3198 ‚
2017 3150 2180 3188 utrum
2207 3155 2540 3204 possessorem

1511 3235 1616 3268 esse
1659 3229 1914 3284 oporteret
1949 3227 2160 3268 statuere
2174 3252 2191 3277 ,
2233 3218 2332 3265 hoe
2372 3217 2540 3267 edicto

1510 3309 1738 3348 sanxerat
1769 3308 1828 3346 ut
1860 3298 1950 3362 qui
1981 3313 2263 3364 possessor,
2305 3295 2393 3344 lite
2423 3295 2546 3344 inci-

1509 3378 1702 3444 piente,
1722 3389 1863 3438 esset,
1888 3379 2242 3443 possessionem
2257 3412 2273 3437 ‚
2297 3375 2544 3441 pendente

1510 3458 1625 3519 lite,
1659 3458 1726 3508 ad
1765 3475 1922 3523 usque
1961 3457 2107 3507 finem
2151 3457 2405 3513 retineret,
2447 3470 2541 3503 neo

1512 3549 1675 3587 tamen
1696 3539 2010 3604 sponsionem
2030 3539 2227 3586 faceret.
2242 3535 2295 3583 Si
2318 3535 2430 3599 quis
2455 3549 2542 3582 au·

1513 3629 1612 3667 tem
1626 3617 1862 3666 honestus
1879 3631 1936 3666 ae
1956 3617 2164 3680 diligens
2187 3623 2374 3680 praetor
2389 3614 2538 3662 exsti-

1511 3699 1674 3758 tisset,
1706 3713 1812 3746 non
1834 3697 1918 3746 ille
1947 3695 2240 3760 quoesiimt,
2271 3705 2384 3743 uter
2408 3695 2539 3742 facto

1509 3777 1812 3842 possideret,
1838 3775 1924 3825 sed
1950 3787 2116 3824 utrum
2140 3775 2253 3837 jure
2289 3774 2542 3839 possidere

1515 3867 1782 3923 oporteret.
1806 3859 1880 3905 Ita
1908 3853 1995 3916 fit,
2033 3853 2292 3904 conciudit
2323 3855 2500 3905 Cicero
2518 3887 2537 3914 ,

1516 3947 1574 3986 ut
1592 3974 1609 3999 ,
1641 3946 1814 3985 neutra
1847 3945 1986 4001 parte
2022 3934 2336 4000 possidente,
2379 3933 2544 3982 neutri

1515 4017 1872 4080 possessionem
1901 4015 2015 4064 dare
2040 4015 2160 4064 velis
2174 4051 2189 4078 ,
2227 4029 2374 4079 quam
2399 4011 2540 4061 cuili-

1517 4095 1604 4145 bet
1638 4095 1800 4144 alieno
1833 4093 2068 4146 libentius
2107 4095 2375 4160 permittas.
2411 4097 2542 4144 Pou-

1517 4189 1688 4224 esur.
