2984 4684
800 369 1262 438 NICOLAI
1318 369 2007 440 DESJARDINS.
2254 372 2467 467 xxxiij

335 489 556 560 literis
575 486 1078 586 doctrinisque
1101 489 1499 588 pet-politos
1520 543 1541 577 ,
1568 489 1659 562 ab
1694 491 2311 588 ignotissimorum
2340 492 2469 564 ho·

337 601 618 670 minum
653 596 888 670 calum
896 599 1033 669 niis
1067 599 1591 672 nobilissimum
1629 615 1991 673 oratorem
2042 605 2469 675 auctoritate

337 732 465 805 sua
487 707 990 780 vindicabant:
1027 709 1200 781 dum
1229 712 1405 782 istos
1437 715 1535 783 M.
1566 710 1843 782 Tullius
1863 764 1883 799 ‚
1914 715 2221 783 oratoris
2246 710 2470 800 filius,

334 817 490 891 non
509 820 952 916 argumentis
974 875 995 909 ‚
1029 819 1156 892 sed
1181 820 1478 921 flagellis
1513 819 1905 908 refutabat3
1928 837 2001 894 et
2024 825 2307 922 parenti
2332 849 2466 896 suo

263 979 270 992 -
338 929 430 1002 de
455 929 652 1002 illius
683 927 1256 1002 obtrectatorum
1290 961 1326 998 α
1351 932 1553 1004 corio
1578 942 1599 974 ¹
1633 929 2105 1004 satisfaciebat
2118 961 2174 1003 n.

433 1037 574 1110 Sed
609 1041 888 1111 omissis
925 1055 1000 1111 et
1042 1042 1288 1140 Largis
1330 1057 1402 1114 et
1443 1042 1697 1113 Cestiis
1712 1095 1733 1129 ‚
1768 1044 1983 1112 venio
2022 1041 2113 1112 ad
2147 1040 2465 1114 celeber-

335 1153 629 1237 rimum,
646 1146 826 1220 dum
845 1151 1144 1239 viveret,
1159 1151 1441 1222 romani
1476 1149 1617 1222 fori
1642 1155 2055 1249 ingenium3
2084 1167 2157 1224 et
2182 1154 2477 1226 Cicero--

335 1259 449 1330 nis
479 1260 912 1356 eloquentiae
947 1261 1442 1358 castigatorem
1477 1263 2002 1358 gravissimum,
2022 1265 2124 1332 M.
2159 1265 2461 1360 Aprum.

337 1372 408 1439 Is
457 1395 542 1440 ea
583 1372 918 1442 Ciceroni
966 1369 1220 1466 objicit
1238 1375 1266 1458 ,’
1301 1396 1462 1469 quae
1518 1375 1577 1442 si
1621 1395 1790 1442 vera
1842 1373 2022 1458 sint,
2077 1395 2294 1441 nemo
2329 1375 2467 1443 erit

335 1485 465 1581 qui
491 1509 658 1555 eum
685 1490 991 1558 oratoris
1015 1489 1317 1557 nomine
1347 1487 1494 1580 jam
1528 1484 1874 1583 appellari
1901 1483 2089 1556 velit.
2130 1513 2165 1550 α
2189 1487 2465 1558 Lentus

338 1609 478 1681 est,
529 1596 801 1692 inquit,
853 1599 930 1666 in
970 1597 1385 1695 principii-s3
1439 1595 1701 1692 longus
1756 1599 1833 1666 in
1881 1594 2461 1682 narrationibus3

337 1706 612 1775 otiosus
665 1711 852 1776 circa
893 1730 1271 1778 excessus:
1309 1704 1513 1777 tarde
1554 1719 2091 1794 commovetur3
2138 1729 2301 1777 raro
2346 1707 2459 1776 in-

338 1812 661 1902 calescit3
691 1818 905 1913 pauci
933 1839 1188 1887 sensus
1223 1817 1497 1913 optime
1514 1869 1535 1904 ,
1564 1828 1640 1886 et
1664 1839 1833 1887 cum
1854 1813 2173 1912 quodam
2192 1815 2465 1886 lumine

338 1924 866 1996 terminantur:
921 1924 1105 1995 nihil
1141 1949 1525 2023 excerpere
1544 1980 1567 2013 ‚
1622 1924 1804 1995 nihil
1848 1923 2115 1997 referre
2158 1928 2465 2022 possis.»

337 2031 494 2104 Vid.
522 2034 704 2105 Dial.
744 2033 838 2106 de
874 2039 1074 2107 Orat.
1114 2059 1272 2133 cap.
1307 2061 1420 2106 22.

355 2162 364 2170 ·
425 2145 584 2213 Jam
645 2146 959 2241 primum
1002 2147 1334 2216 omnium
1374 2148 1543 2216 satis
1580 2159 1896 2234 constat,
1936 2169 2089 2243 quo
2130 2160 2457 2243 tempore

333 2253 508 2322 vixit
539 2257 732 2351 Aper
751 2309 772 2343 ,
801 2254 1292 2354 eloquentiam
1319 2255 1410 2327 de
1447 2280 1577 2327 sua
1610 2254 1955 2354 dignitate
1990 2256 2299 2328 multum
2328 2253 2455 2326 de-

333 2361 748 2460 perdidisse.
789 2368 1124 2438 Senserat
1171 2369 1455 2455 Cicer0,
1512 2390 1671 2438 eam
1688 2419 1708 2454 ‚
1740 2391 1970 2464 quum
2013 2367 2325 2438 venisset
2366 2363 2455 2436 ad

331 2496 739 2564 summum,
777 2505 812 2541 α
830 2475 980 2571 jam
1020 2499 1392 2548 senescere
1411 2507 1466 2547 n.
1506 2476 1793 2548 Tuscul.
1840 2481 2127 2575 Disput.
2168 2475 2295 2546 lib.
2340 2481 2409 2548 ΙΙ
2438 2530 2457 2564 ,

333 2583 488 2679 cap.
546 2581 610 2655 5.
659 2586 754 2655 At
795 2609 1025 2682 quum
1065 2589 1308 2656 omnia
1343 2590 1422 2656 in
1469 2589 1686 2657 unius
1722 2585 2018 2658 fuerunt
2069 2599 2455 2685 potestate,

329 2717 578 2764 rerum
629 2697 1178 2766 conversionem
1209 2695 1573 2767 scribendi
1604 2697 1787 2766 ratio
1836 2711 1945 2767 est
1984 2693 2451 2791 subsequuta.

333 2806 802 2880 Ciceroniana
846 2803 1136 2878 dicendi
1177 2811 1359 2877 ratio
1395 2810 1768 2878 communi
1822 2802 2140 2902 quodam
2194 2807 2267 2874 in
2323 2803 2459 2873 usu

333 2928 552 3012 atque
578 2913 962 2986 hominum
984 2939 1187 2988 more
1205 2919 1473 2988 versari
1502 2915 1732 2988 desiit.
1756 2921 2231 2988 Ornamenta²
2260 2927 2456 2985 recta

333 3037 406 3092 et
437 3024 714 3096 sincera
754 3049 914 3122 quai
945 3040 1112 3097 ante
1159 3024 1348 3098 bella
1407 3024 1911 3126 probabantur
1930 3082 1949 3117 ‚
2004 3040 2255 3126 postea
2284 3049 2451 3096 non

333 3135 502 3204 satis
536 3134 796 3206 idonea
833 3159 987 3208 esse
1033 3141 1186 3208 visa
1215 3151 1403 3208 sunt.
1446 3139 1811 3210 Orationis
1850 3139 2163 3236 cop'iosae
2202 3151 2277 3207 et
2306 3135 2453 3206 ele-

334 3245 564 3340 gantis
595 3259 892 3317 ornatus
919 3245 1284 3344 repudiari
1323 3263 1744 3345 coeperunt:
1773 3245 2002 3318 forma
2042 3248 2235 3345 ipsa,
2274 3267 2451 3316 con·

335 3353 781 3450 cinnitasque
837 3353 1228 3427 verborum
1281 3370 1353 3427 et
1406 3357 1927 3428 sententiarum
1980 3355 2264 3427 laudata
2315 3368 2458 3438 est,

335 3487 482 3534 non
525 3488 609 3535 ea
642 3487 803 3562 quae
837 3479 1096 3562 sponte
1129 3489 1204 3538 se
1239 3462 1494 3555 offert,
1536 3465 1659 3538 sed
1692 3491 1852 3564 quae
1900 3464 2221 3536 studiose
2269 3487 2445 3533 con·

335 3575 664 3671 quiritur.
707 3573 902 3648 Nihil
923 3575 1194 3674 placuit
1230 3576 1367 3647 nisi
1401 3591 1649 3673 argute
1680 3575 1987 3662 dictum,
2024 3571 2277 3644 callide
2320 3599 2445 3644 ex-

337 3685 763 3782 cogitatum3
789 3685 892 3756 nil
913 3686 1070 3756 sine
1097 3686 1482 3783 pigmentis
1504 3739 1525 3773 ‚
1557 3684 1734 3755 nihil
1774 3685 1925 3754 sine
1956 3681 2121 3753 fuco
2147 3683 2445 3780 puerili:

408 3963 449 3994 ι.
479 3947 630 4011 Quod
656 3947 720 3996 de
745 3949 909 3998 Catio
935 3937 1085 3997 tradit
1110 3951 1222 3998 Seu.
1249 3951 1381 3998 Suas-
1401 3952 1512 3998 vn.

399 4067 448 4102 a.
480 4054 555 4103 c1.
576 4054 730 4102 abbas
751 4053 972 4114 Gedqrn,
990 4055 1116 4120 Pm‘fi
1131 4055 1192 4103 de
1209 4073 1274 4132 :sa
1295 4056 1436 4107 trad.
1459 4057 1521 4104 de
1542 4053 1741 4118 Quintil.
1772 4053 1969 4113 Fabius,
1992 4056 2086 4112 11,
2108 4053 2159 4102 5.
2180 4055 2375 4101 Patron.
2401 4069 2443 4100 ι.

334 4141 613 4210 fflemyn.
632 4143 778 4208 epist.
801 4142 862 4194 ad
883 4145 1066 4194 Pamin.
1091 4157 1139 4193 et
1167 4147 1425 4210 Nepotem.
1714 4157 1743 4168 “

2382 4307 2405 4356 i
