2984 4684
779 404 890 477 IN
938 407 1368 477 VERREM
1415 410 1747 479 Aemo
1796 361 2151 479 PRiMA.
2399 411 2542 504 249

403 526 768 616 lavissem,
803 528 1081 601 invenit
1108 531 1272 615 iste,
1309 529 1440 628 qui
1466 528 1603 601 sibi
1631 532 1707 601 in
1744 530 2082 602 Achaiam
2120 527 2350 601 biduo
2374 527 2543 600 bre·

403 640 680 710 viorem
715 638 912 711 diem
947 639 1349 739 postularet
1379 667 1397 711 z
1434 666 1588 712 non
1625 656 1709 712 ut
1736 644 1797 711 is
1820 652 1879 685 ¹¹
1922 640 2118 711 idem
2156 638 2547 711 conficeret

403 747 774 846 diligentia
817 765 891 822 et
930 750 1286 823 industria
1335 776 1496 838 sua,
1540 752 1743 849 quod
1781 776 1933 853 ego·
1966 776 2133 823 meo
2169 750 2422 823 labore
2471 764 2545 821 et

401 852 656 955 vigiliis
686 876 1182 960 consequutus
1222 885 1406 932 sum.
1443 865 1731 945 Etenim
1764 862 1885 933 ille
1914 862 2267 935 Achaicus
2294 861 2547 959 inqui-

402 970 584 1041 sitor
624 994 718 1041 ne
761 970 1228 1042 Brundisium
1267 971 1568 1069 quidem
1615 974 1981 1071 pervenit3
2048 996 2183 1071 ego
2234 973 2546 1045 Siciliam
2630 1038 2641 1045 .

404 1094 632 1157 totam
676 1082 1204 1181 quinquaginta
1249 1081 1505 1173 diebus
1539 1084 1641 1155 sic
1692 1082 1875 1171 obii,
1912 1096 1995 1154 ut
2034 1084 2365 1153 omnium
2409 1106 2547 1180 po-

405 1191 751 1289 pulorum
784 1195 1392 1291 ‘privatorumque
1430 1194 1753 1266 literas¹²
1792 1194 2239 1291 injuriasque
2275 1217 2549 1290 cogno-

405 1326 684 1375 scerem
706 1330 722 1374 ε
745 1320 828 1375 ut
862 1306 1328 1403 perspicuum
1359 1306 1587 1377 cuivis
1611 1330 1765 1377 esse
1793 1302 2147 1403 posset1³,
2174 1304 2549 1375 hominem

404 1412 498 1484 ab
535 1416 674 1486 isto
711 1416 1092 1512 quaesitum
1130 1439 1288 1487 esse
1309 1469 1329 1504 ,
1365 1440 1520 1487 non
1561 1416 1692 1513 qui
1734 1440 1942 1488 reum
1979 1440 2196 1487 suum
2234 1410 2546 1485 adduce-

403 1525 624 1609 ret14,
660 1524 784 1595 sed
829 1526 954 1623 qui
991 1549 1240 1596 meum
1274 1539 1568 1623 tempus
1597 1523 1993 1615 obsideret.

499 1638 624 1705 ΙΙΙ.
654 1635 866 1708 Nunc
887 1647 908 1679 ¹
941 1634 1168 1708 homo
1195 1635 1718 1708 ‘audacissimus
1755 1651 1977 1734 atque
2015 1634 2549 1706 amentissimus

403 1740 546 1815 hoc
566 1748 851 1842 cogitat.
870 1744 1235 1843 Intelligit‚
1256 1770 1372 1817 me
1393 1746 1492 1816 ita
1512 1761 1844 1844 paratum
1864 1760 2083 1843 atque
2108 1746 2548 1815 instructum

405 1855 483 1924 in
507 1854 860 1951 judicium
899 1857 1184 1947 venire,
1223 1871 1308 1927 ut
1341 1882 1493 1929 non
1538 1855 1763 1927 modo
1798 1857 1877 1926 in
1912 1853 2212 1927 auribus
2251 1856 2547 1941 vestris,

405 1962 534 2036 sed
563 1966 639 2036 in
675 1966 904 2037 oculis
941 1968 1272 2039 omnium
1293 2022 1312 2057 ,
1348 1993 1477 2039 sua
1504 1964 1698 2039 furta
1728 1982 1949 2065 atque
1983 1964 2246 2064 flagitia
2274 1962 2550 2037 defixu-

404 2096 532 2143 rus
574 2074 733 2143 sim.
769 2072 1024 2161 Videt,
1076 2091 1445 2149 senatores
1479 2075 1750 2148 multos
1786 2101 1939 2149 esse
1976 2090 2194 2147 testes
2238 2073 2551 2146 audaciae

403 2204 587 2271 suae3
624 2179 821 2254 videt
856 2183 1126 2256 multos
1171 2188 1453 2283 equites
1489 2212 1878 2277 romanOS,
1910 2184 2335 2285 frequentes
2364 2210 2547 2284 prae-

405 2306 602 2363 terea
633 2294 822 2365 cives
853 2308 1072 2391 atque
1101 2300 1336 2367 socios
1358 2351 1378 2384 ,
1410 2296 1683 2395 quibus
1716 2302 1869 2396 ipse
1902 2298 2221 2396 insignes
2246 2296 2551 2391 injurias

405 2400 676 2474 fecerit.
707 2403 926 2476 Videt
954 2406 1167 2477 etiam
1203 2422 1312 2479 tot
1341 2419 1531 2478 tam²
1565 2406 1817 2506 graves
1850 2407 1944 2479 ab
1982 2409 2428 2479 amicissimis
2456 2408 2555 2480 ci-

405 2512 746 2585 vitatibus
790 2515 1186 2613 legationes
1236 2542 1404 2590 cum
1465 2519 1793 2619 publicis
1824 2514 2420 2591 auctoritatibus³
2468 2542 2555 2589 ac

407 2748 602 2798 brevius
629 2750 985 2815 postulaverat,
1014 2752 1231 2817 priorem
1255 2752 1434 2817 agendi
1599 2768 1682 2802 ια.
1720 2752 1931 2803 Lim-as.
1972 2752 2269 2802 Testimonia
2316 2749 2515 2815 publiea
2536 2784 2555 2809 ,

407 2828 572 2879 locum
617 2830 904 2892 obtinebam
947 2844 998 2882 et
1050 2833 1169 2881 dum
1215 2834 1320 2893 ejus
1373 2848 1435 2881 ex

406 2910 594 2957 Achaia
639 2910 823 2959 reditus
871 2924 1268 2976 exspectaretur,
1317 2912 1435 2961 dum

407 2989 684 3039 accusando
711 3000 901 3055 tempus
927 3002 1102 3040 tereret
1116 3027 1132 3052 ,
1153 3008 1270 3039 suos
1293 2992 1435 3040 Cice·

369 3112 374 3115 .
408 3070 519 3117 roni
563 3069 666 3117 dies
710 3070 986 3129 adimebat,
1019 3080 1071 3119 et
1101 3086 1244 3119 causa
1267 3071 1436 3118 Verris

408 3148 551 3197 facile
588 3150 652 3197 ad
690 3160 955 3215 praetorem
986 3150 1138 3197 alium
1157 3188 1172 3213 ,
1214 3150 1438 3214 aliosque

405 3227 629 3289 judices,
673 3229 1009 3294 perveniebat.
1025 3230 1144 3280 vid.
1173 3246 1363 3293 argum.
1389 3239 1438 3277 et

408 3307 500 3357 inf.
525 3324 608 3357 η.
645 3337 718 3346 -
749 3310 941 3359 Ernest.
981 3308 1130 3360 habet
1173 3334 1198 3353 α
1217 3312 1350 3359 diem
1381 3311 1435 3357 in

412 3387 578 3437 Sicilia
593 3411 640 3437 n.

485 3482 508 3514 1
522 3484 565 3515 1.
583 3468 738 3517 Abest
757 3468 814 3516 is.
836 3468 988 3518 Dedit
1004 3469 1224 3520 Lambin.
1239 3470 1436 3519 —Non

408 3547 546 3609 quod
562 3564 614 3594 se
632 3558 730 3595 tam
753 3546 1036 3611 diligentem
1065 3560 1113 3596 et
1139 3549 1436 3598 industrium

408 3624 737 3688 putabat,sed
759 3637 815 3675 ut
836 3643 998 3675 meum
1025 3638 1218 3693 tempus
1244 3629 1439 3677 obside-

409 3714 508 3763 που
536 3720 639 3752 non
661 3705 715 3752 id
739 3706 784 3753 ei
812 3708 1124 3770 propositum
1150 3707 1270 3768 suit,
1300 3708 1440 3772 quod

407 3798 502 3846 ego
517 3800 628 3832 meo
640 3783 810 3833 labore
821 3800 878 3832 ac
893 3786 1202 3850 meisvigiliis
1215 3787 1230 3833 i
1235 3804 1266 3834 n
1277 3787 1441 3835 Sicilia

409 3864 618 3927 praestiti
636 3900 650 3921 ‚
685 3874 744 3912 ut
767 3864 820 3911 in
845 3866 1032 3913 Achaia
1059 3866 1372 3931 investigaret
1393 3878 1442 3915 et

411 3942 687 4007 colligeret,
706 3959 760 3991 ea
785 3959 898 4006 quae
925 3944 988 3992 ad
1015 3946 1442 3995 condemnandum

411 4036 548 4068 reum
573 4021 898 4085 pertinebant,
928 4025 1015 4072 sed
1047 4024 1097 4072 id
1123 4027 1364 4089 spectavit
1388 4035 1444 4073 ut

415 4098 534 4147 mihi
560 4110 752 4164 tempus
771 4102 995 4165 eriperet.

1522 2831 1710 2881 tabulas
1733 2833 1973 2897 publicas.

1599 2914 1681 2961 13.
1702 2912 1781 2961 Sic
1800 2911 2101 2961 Graev.1,all.
2118 2921 2217 2959 etc.
2238 2908 2359 2969 Alii,
2374 2910 2553 2973 possit.

1598 2998 1679 3047 14.
1713 2990 2011 3040 Adducet-et.
2052 2993 2115 3038 In
2146 2990 2412 3052 iudicium;
2450 3004 2555 3037 non

1526 3070 1612 3135 qui
1638 3086 1803 3118 revera
1831 3087 1943 3119 eum
1968 3085 2195 3117 accusare
2210 3067 2386 3129 vellet,
2404 3084 2552 3132 quem

1528 3166 1663 3197 reum
1684 3150 1877 3198 fecisset
1890 3184 1905 3210 ,
1943 3160 1995 3198 et
2022 3150 2162 3211 cujus
2188 3164 2331 3196 causa
2360 3158 2555 3211 tempus

1528 3228 1653 3276 illud
1672 3230 1965 3294 postulasset
1982 3262 1998 3289 ,
2026 3228 2111 3276 sed
2141 3227 2228 3293 qni
2252 3242 2413 3274 meum
2434 3236 2555 3274 tem-

1526 3324 1621 3373 pus
1647 3309 1907 3373 impediret
1924 3343 1937 3367 ,
1967 3320 2017 3356 et
2044 3316 2320 3373 occuparet.

1598 3390 1690 3437 111.
1714 3404 1760 3437 1.
1778 3388 1943 3437 Nunc.
1964 3389 2141 3435 Verres
2170 3385 2372 3433 andacia
2407 3384 2556 3433 simul

1528 3479 1577 3516 et
1603 3468 1815 3516 dementi
1844 3468 2059 3532 quodam
2090 3468 2253 3515 furore
2280 3464 2554 3529 impulsus,

1524 3547 1631 3595 illas
1656 3548 1755 3610 jam
1790 3548 2054 3597 meditatur
2085 3546 2317 3606 insidias,
2353 3561 2462 3609 quae
2490 3544 2557 3593 ad

1525 3637 1682 3675 totam
1700 3643 1854 3691 remp.
1874 3626 2137 3691 pertinent,
2162 3638 2219 3674 ut
2248 3641 2395 3689 supra
2430 3624 2558 3673 dixit

1530 3706 1722 3755 Cicero.

1602 3800 1650 3833 α.
1676 3784 1905 3833 Groevius
1930 3784 2123 3833 addidit
2152 3795 2281 3843 tam,
2309 3784 2446 3847 qnod
2468 3783 2553 3831 ha-

1528 3863 1616 3913 bet
1652 3874 1793 3912 vetus
1832 3863 2091 3927 interpres.
2126 3862 2323 3911 Habent
2358 3877 2556 3927 quoque

1531 3944 1654 3992 MSS
1679 3942 1987 3991 Parisienses.
2013 3946 2061 3991 J.
2076 3946 2141 3991 V.
2167 3946 2221 3991 L.

1604 4026 1655 4071 3.
1692 4022 2092 4073 Auctorieacibus.
2143 4022 2317 4073 Literis
2360 4038 2389 4071 a
2429 4035 2559 4068 com-

1533 4102 1669 4150 muni
1690 4102 1871 4150 civium
1896 4101 2037 4151 datis.
