2984 4684
461 350 600 443 47²
1119 352 1218 418 Μ.
1259 352 1340 418 Τ.
1383 353 1945 422 clcERole

461 473 660 541 tione
695 485 1172 568 expugnasset
1205 473 1376 562 iste,
1422 487 1507 544 ut
1548 473 1703 546 dies
1750 485 1971 544 va¹⁰
2008 477 2201 548 inter
2235 474 2451 548 binos
2486 477 2603 549 lu-

458 579 592 652 dos
630 580 1078 669 tollerentur,
1118 605 1250 680 per
1279 606 1472 679 quos
1506 583 1701 656 solos
1738 582 2097 680 judicium
2134 583 2291 656 fieri
2332 602 2598 684 posset.

551 695 739 764 LIII.
776 696 932 763 Jam
966 717 1140 764 vero
1167 705 1577 782 censorcs¹,
1606 695 2225 793 quemadmodum
2248 699 2329 768 in
2364 696 2605 770 Sicilia

457 803 597 874 isto
646 817 952 901 praetore
993 805 1214 875 creati
1261 805 1473 894 sint²‚
1510 830 1753 905 operae
1798 808 2115 904 pretium
2168 821 2279 878 est
2328 832 2603 905 cogno-

453 901 676 986 scere.
721 913 854 986 Ilie
891 915 1084 984 enim
1113 927 1222 986 est
1259 917 1714 1013 magistratus
1746 915 1947 1015 apud
1978 917 2287 1005 Siculos»,
2318 919 2447 1014 qui
2486 915 2605 987 di-

449 1024 914 1122 ligentissime
969 1024 1352 1097 mandatur
1401 1051 1444 1096 a
1482 1027 1762 1125 populo
1780 1081 1801 1116 ‚
1856 1043 2159 1126 propter
2201 1027 2391 1100 hanc
2440 1052 2605 1098 cau-

451 1159 642 1222 sam,
683 1133 890 1233 quod
930 1160 1186 1208 omnes
1227 1136 1452 1208 Siculi
1489 1162 1579 1208 ex
1626 1161 1855 1210 censu
1895 1144 2291 1236 quotannis
2328 1136 2605 1210 tributa

455 1243 847 1318 conferunt
875 1274 890 1316 ε
929 1249 1007 1318 in
1040 1271 1267 1319 censu
1299 1245 1643 1318 habendo
1682 1263 1999 1346 potestas
2040 1255 2281 1320 omnis
2304 1253 2607 1320 aestima-

459 1351 722 1426 tionis-²⁸
759 1355 1112 1428 habendae
1138 1381 1585 1455 summaeque
1614 1355 1969 1430 faciundae
2004 1363 2281 1432 censori
2308 1363 2605 1458 permit·

452 1466 652 1536 titur.
683 1469 938 1564 Itaque
961 1491 1131 1538 eum
1158 1467 1476 1566 populus
1493 1523 1515 1556 ‚
1531 1469 1651 1540 cui
1678 1472 2027 1542 maxime⁴
2054 1469 2275 1542 fidem
2302 1494 2602 1541 suarum

451 1599 698 1646 rerum
727 1575 1026 1666 habeat,
1050 1583 1360 1650 maxima
1385 1603 1559 1651 cura
1582 1578 1866 1678 deligit3
1892 1597 1967 1654 et
1998 1597 2299 1681 propter
2334 1583 2607 1678 magni-

451 1683 778 1757 tudinem
827 1691 1198 1786 potestatis
1240 1689 1357 1760 hic
1397 1692 1857 1788 magistratus
1902 1717 1945 1762 a
1999 1693 2280 1791 populo
2322 1715 2603 1764 summa

454 1795 854 1870 ambitione
901 1799 1394 1872 contenditur.
1450 1806 1537 1872 In
1598 1826 1683 1872 ea
1735 1827 1815 1874 re
1874 1807 2011 1874 iste
2062 1802 2240 1873 nihil
2290 1801 2605 1874 obscure

455 1905 692 1978 facere
721 1907 977 1996 voluit,
1003 1935 1157 1982 non
1190 1917 1264 1982 in
1303 1911 1721 1984 sortitione⁵
1752 1911 2000 1984 fallere
2017 1968 2037 2001 ‚
2060 1938 2300 2011 neque
2332 1912 2487 1984 dies
2512 1909 2606 1982 de

451 2015 652 2088 fastis
696 2020 1050 2108 eximere;
1083 2021 1268 2092 nihil
1311 2046 1484 2120 sane
1524 2020 1759 2112 vafre,
1790 2047 1927 2094 nec
1970 2023 2321 2094 malitiose
2364 2020 2603 2092 facere

453 2142 760 2201 conatus
793 2145 904 2202 est
937 2158 954 2200 ε
1011 2131 1134 2203 sed
1155 2187 1174 2222 ‚
1211 2147 1295 2204 ut
1328 2131 1569 2205 studia
1600 2133 2189 2232 cupiditatesque
2232 2133 2602 2204 honorum

449 2252 668 2336 atque
702 2239 1135 2315 ambitiones
1163 2268 1253 2314 ex
1281 2243 1625 2316 omnibus
1648 2243 2061 2316 civitatibus
2091 2243 2419 2330 tolleret,
2438 2267 2601 2338 quae

449 2373 566 2422 res
610 2352 1014 2423 evertendae
1061 2354 1478 2453 reipublicae
1521 2356 1759 2427 soient
1806 2380 2003 2442 esse,
2046 2353 2403 2439 ostendit,
2446 2376 2603 2422 sese

446 2463 522 2530 in
559 2455 900 2535 omnibus
931 2465 1342 2538 civitatibus
1375 2490 1717 2538 censores
1746 2491 1905 2538 esse
1934 2463 2323 2538 facturum.
2369 2467 2601 2532 Tanto

449 2586 775 2646 mer-catu
791 2575 1116 2672 praetoris
1134 2575 1435 2665 indicto,
1451 2577 1912 2656 concurritur
1930 2575 2260 2672 undique
2272 2573 2363 2646 ad
2380 2577 2600 2645 istum

449 2805 770 2869 pontificum,
789 2809 969 2876 quibus
995 2811 1316 2860 intercalandi
1341 2824 1482 2878 pote·
1568 2817 1629 2861 In
1652 2811 1817 2861 Sicilia
1842 2821 2047 2878 apparet
2071 2827 2210 2860 cxxx
2228 2820 2418 2858 creatos
2436 2810 2603 2868 fuisse,

451 2895 548 2932 stas
569 2899 700 2947 erat,
727 2890 1078 2952 equinoctinm
1106 2907 1308 2940 vernum
1335 2893 1478 2942 Cice·
1570 2907 1679 2957 cap.
1696 2893 1781 2942 55.

449 2967 586 3012 ronis
603 2977 745 3014 etate
767 2984 907 3032 pene
927 2971 981 3017 in
994 2981 1208 3020 estatem
1219 2972 1480 3032 incideret,
1642 2987 1691 3018 α.
1726 2971 1805 3021 Sic
1832 2973 2021 3021 Ernest.
2040 2969 2301 3034 Vulgatam
2336 2979 2495 3016 tamen
2530 2967 2601 3015 le-

449 3044 505 3092 J.
515 3043 677 3093 Casan·
691 3045 918 3096 adhibito
933 3049 1165 3113 sosigene
1180 3062 1482 3114 astronomo,

453 3123 656 3174 confusa
688 3127 850 3174 omnia
875 3127 1082 3191 redegit.

529 3218 606 3250 ro.
633 3203 748 3252 Dies
779 3207 936 3256 XLV.
975 3207 1130 3256 Elate.
1162 3210 1291 3256 Nam
1317 3225 1482 3258 revera

451 3291 640 3346 septem
668 3293 856 3336 tantum
883 3297 933 3333 et
967 3287 1166 3350 triginta
1203 3287 1307 3336 dies
1343 3302 1483 3338 erant

449 3362 595 3410 vacui
624 3363 769 3412 binos
797 3366 926 3413 inter
953 3366 1126 3424 ludos,
1163 3367 1414 3416 Circenses
1433 3379 1483 3416 et

448 3440 707 3503 Victoriae,
727 3459 817 3510 per
828 3460 954 3509 qnos
969 3445 1073 3494 dies
1090 3445 1227 3495 solos
1237 3447 1481 3508 judicium

449 3519 554 3569 fieri
586 3535 768 3588 posset.
809 3525 884 3573 De
913 3527 1081 3573 Verris
1117 3525 1171 3573 in
1209 3526 1335 3576 hane
1375 3543 1478 3575 rem

447 3602 846 3655 machinamentis
873 3604 987 3653 vide
1011 3607 1128 3655 Act.
1149 3609 1202 3666 1,
1235 3623 1311 3655 ro.

519 3681 647 3729 Lm.
679 3699 724 3730 1.
760 3683 1008 3733 Censores.
1033 3685 1116 3732 nli
1144 3701 1171 3732 a
1197 3686 1478 3750 provincia-

446 3757 578 3807 libu-
599 3762 888 3812 embmur
906 3799 922 3824 ‚
953 3749 1062 3812 sini
1087 3764 1142 3812 in
1165 3765 1381 3829 singul-⁸
1408 3767 1476 3814 01-

449 3837 642 3889 vitates.
687 3835 872 3892 Eorum
916 3861 1094 3893 munus
1137 3857 1240 3894 erat
1275 3861 1476 3893 censum

449 3916 676 3967 ordinare
695 3955 710 3978 ‚
748 3933 798 3970 et
838 3923 960 3987 quid
1009 3925 1244 3988 quisque,
1279 3941 1342 3972 ex
1386 3942 1476 3974 suo

447 4009 596 4044 censu
609 4033 622 4056 ‚
654 3999 868 4063 pendere
887 4003 942 4049 in
961 4004 1202 4066 privatam
1223 4005 1476 4053 civitatum

445 4075 916 4129 administrationem
959 4081 1182 4144 deberet,
1225 4085 1474 4132 aestimare.

1572 3053 1785 3098 ctionem
1806 3087 1819 3110 ‚
1860 3061 1996 3106 sunt,
2050 3047 2273 3096 defendit
2292 3049 2517 3096 Goerenz.
2536 3046 2601 3094 ad

1572 3131 1679 3180 Cic.
1700 3130 1761 3179 de
1784 3130 1944 3177 Finib.
1962 3133 2052 3190 lv,
2072 3136 2158 3182 24.
2185 3128 2299 3176 LV.
2316 3129 2372 3174 L.

1648 3212 1695 3258 3.
1715 3207 2092 3257 AEstn'matiom's.
2114 3206 2409 3256 AEstimandi
2439 3205 2601 3264 cnjus-

1571 3305 1669 3352 qne
1699 3288 1859 3346 bona,
1910 3298 1959 3336 et
1993 3285 2329 3335 constituendi
2364 3299 2601 3332 summam

1571 3365 1682 3431 q'uae
1727 3385 1754 3415 a
1796 3383 1997 3433 qnoque
2050 3377 2123 3414 est
2174 3365 2349 3414 tributi
2402 3365 2603 3413 nomine

1570 3447 1887 3496 conferenda.

1642 3535 1693 3582 4.
1732 3525 1828 3575 Cm‘
1854 3525 2089 3574 maxime.
2116 3529 2275 3589 Quem
2306 3523 2499 3586 judicat
2525 3523 2601 3571 di·

1569 3607 1853 3668 gnissimum
1880 3599 2041 3668 cujus‘
2054 3603 2173 3653 fidei
2211 3619 2415 3652 snorum
2444 3603 2607 3651 bono·-

1568 3701 1675 3733 rnm
1696 3686 2069 3734 estimationem
2084 3717 2100 3744 ,
2131 3694 2181 3733 et
2202 3682 2327 3732 adeo
2349 3683 2479 3731 bona
2496 3683 2603 3748 ipsa

1567 3767 1857 3813 committat.
1878 3792 1948 3802 -
1967 3763 2093 3823 Alii,
2122 3785 2147 3805 α
2164 3764 2251 3828 qui
2276 3765 2535 3811 maximam
2560 3763 2597 3810 s.

1568 3863 1607 3892 s.
1634 3863 1675 3894 r.
1700 3844 1963 3894 habebat».
1991 3845 2121 3893 LV.
2150 3845 2205 3890 L.

1644 3929 1689 3974 5.
1720 3927 1833 3972 Non
1853 3925 1904 3972 in
1926 3924 2195 3972 sortitione.
2216 3927 2285 3973 Ut
2310 3923 2491 3971 fecerat
2510 3921 2599 3983 sy-

1567 4006 1765 4054 racusis.
1780 4032 1849 4042 -—
1865 4007 2042 4070 Neque
2064 4004 2185 4052 dies.
2220 4007 2289 4053 Ut
2316 3997 2605 4064 Cephaloedi

1566 4085 1763 4133 fecerat.
