2984 4684
514 388 645 473 ιω.
1130 384 1227 453 Μ.
1278 384 1355 451 Τ.
1408 385 1999 455 elcERoms

501 505 841 580 referret?
882 508 1270 603 Exspecto,
1312 528 1534 601 quam
1577 530 1747 577 mox
1789 504 2081 577 Chaerea
2121 504 2256 579 hac
2306 510 2632 581 oratione

500 634 784 689 utatur:
809 622 1057 714 Egone
1088 607 1277 685 hanc
1308 636 1630 704 manum,
1654 616 1946 715 plenam
1977 612 2294 717 perfidiae
2313 612 2366 704 ⁵,
2393 632 2466 687 et
2497 616 2634 689 hos

501 728 765 826 digitos
796 750 997 797 meos
1022 725 1389 824 impellere
1420 728 1668 824 potui,
1699 742 1784 797 ut
1813 726 2072 798 falsum
2099 726 2635 825 perscriberent

500 863 771 911 nomen
790 836 871 907 ⁶?
912 834 1133 927 Quod
1164 840 1223 907 si
1254 836 1375 907 ille
1406 861 1572 907 suas
1601 835 1922 935 proferet
1955 836 2236 909 tabulas
2262 892 2282 925 ‚
2311 836 2635 937 proferet

498 975 663 1023 suas
684 971 983 1046 quoque
1008 941 1311 1018 Roscius
1337 971 1353 1015 ε
1384 948 1522 1018 erit
1545 950 1624 1017 in
1649 946 1844 1017 illius
1866 946 2131 1020 tabulis
2155 946 2296 1017 hoc
2323 971 2630 1033 nomen;

496 1076 573 1131 at
590 1064 669 1131 in
696 1058 917 1155 hujus
938 1082 1089 1128 non
1118 1058 1272 1127 erit.
1298 1060 1447 1128 Cur
1470 1060 1719 1154 potius
1745 1057 1962 1146 illius,
1979 1080 2200 1157 quam
2225 1055 2352 1152 huj
2363 1082 2470 1144 uS‚
2491 1080 2630 1127 cre·

499 1168 755 1242 detur?
802 1168 1214 1265 Scripsisset
1252 1166 1371 1237 ille
1386 1176 1437 1254 ⁷,
1474 1171 1536 1237 si
1568 1191 1720 1237 non
1742 1169 1952 1263 jussu
1977 1166 2197 1262 hujus
2229 1190 2630 1264 expensum

497 1277 823 1351 tulisset?
842 1281 1007 1349 Non
1037 1278 1437 1374 scripsisset
1464 1274 1613 1364 hic,
1637 1274 1842 1374 quod
1869 1276 2006 1347 sibi
2029 1300 2429 1374 expensum
2457 1274 2628 1347 ferri

490 1386 861 1485 jussisset?
903 1389 1085 1457 Nam
1105 1439 1124 1473 ‚
1175 1383 1798 1482 quemadmodum
1845 1400 2058 1485 turpe
2111 1399 2223 1457 est
2267 1384 2580 1457 scribere
2605 1440 2627 1475 ‚

495 1498 697 1596 quod
733 1522 885 1569 non
930 1493 1317 1584 debeatur3
1364 1498 1469 1567 sic
1499 1494 1924 1593 improbum
1960 1510 2070 1568 est
2112 1520 2267 1567 non
2317 1495 2582 1568 referre
2604 1550 2626 1585 ,

496 1608 701 1706 quod
734 1607 997 1680 debeas
1028 1632 1043 1675 ε
1081 1630 1286 1703 aeque
1314 1608 1511 1676 enim
1544 1604 1807 1677 tabulae
1835 1605 2421 1678 condemnantur
2445 1608 2506 1703 ej
2517 1632 2626 1696 us,

495 1722 625 1815 qui
654 1740 907 1789 verum
922 1712 951 1759 ⁸
976 1740 1127 1787 non
1153 1716 1420 1803 retulit,
1446 1728 1524 1786 et
1551 1716 1614 1812 ej
1625 1740 1733 1805 us,
1757 1720 1888 1814 qui
1906 1715 2165 1787 falsum
2185 1720 2622 1818 perscripsit.

494 1826 635 1899 Sed
679 1851 814 1925 ego
846 1828 1057 1926 copia
1088 1840 1161 1897 et
1190 1822 1527 1897 facultate
1561 1848 1790 1897 causae
1831 1824 2148 1897 confisus
2168 1881 2189 1916 ‚
2226 1825 2428 1916 vide,
2468 1852 2623 1924 quo

492 1938 930 2040 progrediar.
982 1942 1054 2010 Si
1100 1936 1379 2009 tabulas
1416 1943 1500 2011 C.
1543 1943 1858 2012 Fannius
1899 1944 2176 2040 accepti
2223 1956 2296 2012 et
2325 1945 2625 2039 expensi

492 2050 774 2152 profert
802 2074 995 2138 suaS‚
1024 2054 1103 2119 in
1132 2074 1335 2120 suam
1364 2074 1545 2139 rem,
1575 2075 1712 2122 suo
1741 2050 2093 2122 arbitratu
2116 2055 2448 2151 scriptas;
2471 2076 2623 2149 quo

492 2167 737 2233 minus
776 2158 1179 2233 secundum
1234 2158 1441 2232 illum
1477 2160 1820 2256 judicetis
1840 2216 1860 2251 ,
1905 2188 2058 2233 non
2104 2186 2380 2235 recusa
2439 2165 2624 2253 Quis

492 2274 635 2345 hoc
666 2271 885 2343 frater
914 2270 1117 2343 fiatri
1138 2326 1159 2359 ,
1210 2273 1375 2369 quis
1406 2295 1670 2371 parens
1699 2270 1853 2344 filio
1885 2272 2141 2344 tribuit
2161 2326 2181 2361 ,
2221 2288 2335 2361 ut,
2388 2271 2626 2369 quod-

412 2464 423 2481 ,
491 2410 807 2481 cumque
840 2382 1231 2471 retulisset,
1277 2381 1355 2453 id
1404 2398 1641 2455 ratum
1673 2382 2016 2455 haberet?
2048 2399 2284 2455 ratum
2323 2382 2626 2454 habebit

492 2489 831 2583 'Roscius3
857 2491 1103 2593 profer
1132 2520 1149 2562 ε
1186 2492 1390 2590 quod
1412 2494 1548 2565 tibi
1578 2491 1799 2567 fuerit
1821 2493 2458 2592 persuasum‚huic
2483 2496 2624 2564 erit

489 2631 914 2706 persuasum
940 2632 961 2693 ;
996 2603 1200 2702 quod
1236 2602 1369 2676 tihi
1402 2603 1623 2675 fuerit
1651 2602 2067 2702 probatum,
2090 2604 2263 2675 huic
2290 2607 2427 2675 erit
2455 2628 2623 2703 pro-

487 2715 763 2789 batum.
792 2715 1042 2789 Paullo
1071 2730 1239 2787 ante
1278 2738 1321 2785 a
1362 2719 1460 2787 M.
1494 2720 1858 2813 Perperna
1883 2721 1957 2787 P.
1993 2718 2304 2788 Saturii9
2339 2713 2622 2787 tabulas

562 2939 611 2986 5.
638 2937 838 2985 Plenam
844 2934 1093 3006 perfidia.
1111 2939 1395 3003 Suspectum
1410 2937 1511 2986 hoc

490 3016 638 3066 habet
659 3018 847 3065 Ernest.
874 3032 1027 3080 quum
1050 3032 1196 3066 nemo
1224 3018 1295 3065 sic
1331 3018 1385 3065 in
1422 3032 1511 3066 sua

492 3096 772 3144 defensione
808 3094 954 3145 diest.
979 3096 1075 3145 Sed
1109 3106 1274 3161 potest
1308 3096 1449 3160 quasi
1479 3112 1510 3145 ι

487 3185 627 3239 parte
672 3174 881 3223 oratoris
919 3184 969 3221 ot
1014 3175 1143 3223 intra
1183 3175 1508 3239 parenthesim

491 3255 623 3305 diei:
650 3266 701 3305 et
724 3255 900 3318 sapius
914 3254 989 3302 ita
1003 3254 1261 3318 loquentes
1279 3253 1508 3303 adversa-

486 3334 589 3383 rios
614 3334 806 3383 inducit
834 3334 1007 3382 Cicero
1032 3344 1089 3382 ut
1114 3334 1362 3398 propriam
1389 3352 1505 3385 can-

486 3429 591 3461 sam
622 3412 819 3461 laedant.
856 3412 937 3461 Sic
967 3412 1133 3463 Divin.
1160 3429 1187 3473 7
1214 3414 1506 3465 Hortensius

491 3514 515 3537 ι
536 3494 599 3542 de
623 3493 793 3541 infami
821 3503 872 3540 et
898 3492 1082 3540 nefaris
1115 3508 1261 3541 cera·
1292 3492 1399 3557 ipse
1428 3494 1507 3542 lo-

486 3575 670 3638 quitur.
690 3590 836 3637 quam
852 3572 971 3621 olim
988 3571 1188 3621 dederat
1200 3572 1469 3635 judicibus.

554 3653 607 3699 6.
634 3653 843 3700 Nomen.
864 3652 1113 3701 Debitum.

558 3746 606 3791 7.
634 3731 904 3795 Ser-ipsisne
934 3731 1035 3781 1110.
1070 3731 1318 3795 objectio.
1358 3734 1502 3781 Anne

483 3808 755 3873 scripsisset
785 3810 1011 3872 Clamet,
1052 3812 1121 3870 si,
1159 3828 1263 3860 non
1303 3815 1504 3876 permit-

482 3899 615 3937 tente
642 3888 851 3949 Roscio,
885 3890 991 3951 ejus
1023 3890 1243 3939 debitum
1276 3892 1329 3938 in
1358 3891 1500 3941 tabu-

479 3968 551 4016 las
580 3968 801 4016 tulisset?
823 3994 893 4005 -
914 3970 1285 4034 Respondent:
1313 3973 1500 4019 Annon

478 4048 691 4095 vicissim
738 4048 1006 4111 scripsisset
1055 4051 1291 4108 Roscius,
1326 4050 1462 4113 quod
1480 4084 1496 4109 ‚

477 4138 572 4175 etc.
590 4154 661 4165 -
686 4126 1128 4191 Expensumferre,
1146 4139 1217 4178 est
1236 4130 1290 4179 in
1308 4129 1496 4179 tabula

1599 2938 1782 2987 factum
1815 2954 1909 3004 pro
1934 2938 2102 3003 aliquo
2127 2953 2392 3003 expensum
2417 2953 2460 2987 s.
2484 2952 2620 2986 sum-

1596 3028 1741 3083 ptum
1766 3018 1958 3069 referre.
1992 3018 2114 3067 In'de
2139 3015 2343 3081 expensi
2357 3025 2406 3064 et
2431 3016 2624 3082 accepti

1597 3099 1776 3147 tabule
1793 3098 1928 3167 (gall.
1949 3100 2150 3165 regism
2169 3099 2234 3148 de
2257 3098 2466 3163 dipense
2485 3107 2538 3144 ee
2555 3096 2620 3145 de

1595 3178 1806 3243 mette).

1667 3262 1722 3309 8.
1749 3260 1940 3310 Verum.
1967 3258 2119 3322 Quod
2153 3273 2320 3308 revera
2351 3256 2514 3306 debet.
2543 3282 2619 3294 —-

1593 3344 1712 3393 Non
1745 3340 1938 3395 ntulit,
1971 3338 2026 3387 iu
2057 3354 2166 3387 suas
2193 3337 2401 3387 tabulas.

1667 3438 1718 3485 9.
1760 3420 1841 3468 Sic
1875 3419 2124 3467 nonnulle
2155 3418 2270 3469 edd.
2309 3428 2428 3467 vett.
2455 3427 2504 3466 et
2528 3432 2616 3467 nn.

1593 3500 1707 3551 cod.
1750 3502 1916 3549 Oxou.
1953 3510 2004 3547 et
2039 3500 2323 3561 Panuguh.
2351 3498 2617 3561 vulgatam

1595 3589 1786 3629 servant
1833 3578 2094 3626 lectionem
2155 3599 2182 3619 α
2201 3579 2277 3627 Μ.
2323 3578 2580 3641 Perpernae
2597 3608 2615 3633 ,

1593 3662 1650 3709 P.
1674 3656 1852 3709 Saturii
1872 3656 2098 3705 tabulas»
2131 3656 2295 3705 Graev.
2317 3656 2437 3705 Em.
2466 3653 2614 3703 Beck.

1589 3738 1687 3789 hoc
1743 3738 2052 3803 potissimum
2103 3748 2388 3801 argumento
2406 3770 2421 3794 ‚
2475 3736 2616 3799 quod

1590 3816 1800 3867 duorum
1831 3818 2088 3867 hominum
2113 3839 2139 3860 σι
2153 3820 2410 3882 Pon-perne
2444 3827 2494 3864 et
2527 3818 2616 3865 Sa-

1587 3898 1704 3945 turii
1749 3898 1926 3947 tabule
1956 3918 1979 3941 ι
2028 3909 2354 3962 opponuntur
2397 3896 2614 3945 -Fauuii

1588 3976 1742 4024 solius
1789 3976 1966 4025 tabulis
1983 3998 2026 4025 »-
2063 3978 2296 4025 Ceterum
2328 3992 2357 4023 a
2397 3976 2471 4024 M.
2499 3978 2614 4023 Per·

1587 4070 1736 4118 perna
1765 4057 1944 4105 saun-ii
1973 4055 2160 4103 tabulas
2182 4054 2480 4119 poscebant,
2508 4070 2612 4103 non

1587 4145 1834 4199 tamquam
1865 4152 1893 4185 a
1921 4136 2118 4197 judice,
2163 4135 2254 4185 sed
2297 4148 2546 4201 tamquam
2581 4152 2611 4181 ι
