2984 4684
763 394 898 461 DE
945 393 1432 465 PRAETORE
1479 391 2191 467 PROVINCIALI.
2404 386 2540 487 537

405 514 720 603 peratoris
753 537 997 579 nomen
1018 562 1037 596 ,
1093 537 1229 604 quo
1275 538 1473 581 sensu
1520 516 1631 580 hic
1667 515 2035 604 accepimus
2060 561 2079 596 ,
2142 512 2266 577 fuit
2316 513 2545 579 titulus

368 635 374 641 ‘
403 619 674 686 honoris
693 666 712 701 ,
739 620 1168 708 appellatione
1199 621 1456 686 militari
1487 621 1739 686 delatus
1755 668 1774 702 ,
1800 643 1934 708 quo
1966 640 2245 707 praesens
2279 642 2350 683 re
2375 619 2545 683 bene

403 740 580 814 gesta
609 723 744 789 dux
769 726 1118 809 exercitus,
1147 728 1428 793 militum
1455 726 1917 793 acclamatione
1945 726 2016 789 in
2042 725 2287 808 eastris,
2310 722 2545 789 deinde

402 832 725 913 sementia
750 848 1013 898 senatus
1051 833 1116 896 in
1149 834 1328 898 Urbe
1343 882 1362 916 ,
1394 850 1492 898 est
1524 833 1929 898 honestatus.

491 937 886 1027 Supplicatio
907 988 926 1022 ,
945 940 1073 1004 fuit
1089 941 1302 1006 honos
1319 988 1338 1023 ‚
1372 941 1486 1029 qui
1513 963 1645 1005 una
1663 963 1817 1005 cum
1840 939 2247 1027 imperatoris
2274 937 2545 1004 nomine

401 1042 656 1132 praesidi
683 1044 913 1111 victori
945 1044 1415 1111 decernebatur
1448 1070 1466 1113 ε
1501 1068 1737 1134 nempe
1764 1068 1973 1133 quum
2006 1060 2266 1108 senatus
2306 1043 2545 1132 templa

402 1148 602 1213 deum
631 1151 900 1240 aperiri,
937 1174 1012 1216 ac
1048 1151 1170 1216 diis
1205 1152 1438 1242 gratias
1470 1151 1881 1241 imperatoris
1918 1150 2189 1216 nomine
2226 1148 2329 1238 agi
2356 1148 2547 1228 jube-

403 1253 536 1319 bat.
557 1276 562 1285 ·
584 1255 732 1319 Mos
767 1272 908 1321 erat
939 1258 1113 1322 enim
1147 1273 1226 1322 ut
1253 1256 1589 1347 praesides,
1638 1274 1985 1346 postquam
2019 1279 2057 1319 a
2092 1254 2407 1319 militibus
2438 1278 2547 1344 ap·

399 1360 618 1449 pellati
649 1362 1071 1451 imperatores
1101 1364 1393 1447 fuerant,
1427 1366 1629 1429 fasces
1661 1366 1981 1429 laureatos
2012 1361 2097 1427 ad
2132 1378 2433 1427 senatum
2460 1361 2543 1427 de

401 1488 476 1531 re
519 1466 689 1532 bene
739 1486 919 1559 gesta
955 1471 1324 1553 mitterent,
1384 1472 1629 1560 quibus
1683 1470 2092 1560 imperatoris
2136 1492 2378 1534 nomen
2401 1516 2420 1551 ‚
2472 1493 2546 1535 ae

405 1574 906 1662 supplicationes
933 1600 970 1641 a
1003 1594 1234 1642 senatu
1264 1578 1689 1667 postularent.

493 1679 728 1745 Primis
763 1684 1168 1771 temporibus
1201 1684 1589 1773 supplicatio
1614 1684 1683 1747 in
1712 1706 1923 1748 unum
1942 1732 1959 1765 ,
1994 1684 2350 1747 alterumve
2374 1677 2549 1743 diem

377 1808 571 1877 ‚aegre
595 1786 1082 1855 decernebatur.
1101 1792 1297 1855 Anno
1321 1790 1470 1873 304,
1494 1791 1587 1855 M.
1612 1791 1871 1857 Valerio
1898 1805 1965 1855 et
1981 1790 2071 1854 M.
2095 1786 2367 1851 Horatio
2382 1806 2547 1849 coss.

405 1892 494 1957 ob
526 1892 814 1959 devictos
847 1897 1120 1962 Sabinos
1153 1898 1539 1987 supplicatio
1564 1899 1635 1962 in
1668 1920 1880 1963 unum
1921 1896 2095 1961 diem
2136 1894 2391 1959 decreta
2426 1906 2544 1957 est.

405 1997 534 2063 Sed
569 1999 826 2065 dierum
862 2025 1179 2067 numerus
1213 2005 1414 2069 erevit
1449 2019 1693 2092 postea.
1746 2002 2056 2083 Camillo,
2100 2000 2275 2065 Veiis
2320 1998 2551 2088 captis,

405 2122 719 2194 quatuor3
754 2109 1068 2198 Pompeio
1088 2158 1107 2193 ,
1139 2110 1587 2176 Mithridatico
1609 2111 1783 2175 bello
1806 2109 2105 2175 confecto
2124 2157 2143 2191 ,
2162 2104 2507 2172 duodecim
2532 2126 2551 2184 3

403 2212 672 2296 Caesari,
723 2214 896 2280 bello
928 2216 1205 2298 Gallico,
1249 2217 1536 2305 primum
1571 2212 2251 2304 quindecim,‘deinde
2281 2209 2551 2301 viginti3

404 2316 619 2382 Hirtio
663 2318 888 2385 Pansae
928 2337 994 2384 et
1035 2322 1306 2385 Octavio
1351 2324 1619 2403 Coesari,
1659 2322 1917 2386 Mutina
1962 2320 2219 2386 colonia
2245 2317 2549 2399 liberata,

401 2421 881 2512 quinquaginta
928 2424 1188 2489 dierum
1234 2425 1741 2514 supplicationes
1794 2425 2068 2489 decretae
2132 2439 2307 2489 sunt.

497 2528 830 2612 Quoniam
861 2528 968 2609 jus
1012 2530 1392 2594 universum
1430 2531 1503 2594 in
1547 2530 1879 2619 provincia
1910 2529 2260 2619 praesidum
2293 2527 2551 2617 aperui·-

405 2656 587 2716 mus,
630 2649 697 2698 et
735 2634 1073 2723 quomodo
1103 2635 1173 2699 in
1207 2658 1350 2701 eam
1381 2635 1681 2700 venirent
1710 2634 2153 2717 ostendimus;
2190 2648 2388 2697 restat
2414 2632 2549 2713 jam

406 2756 482 2804 ut
516 2739 1075 2829 quemadmodum
1112 2765 1191 2806 ex
1221 2764 1296 2806 ea
1330 2741 1743 2807 discesserint
1776 2764 2229 2830 exsequamur.

493 2846 699 2911 Moris
725 2868 883 2936 ergo
915 2847 1042 2911 fuit
1070 2863 1146 2911 ut
1167 2869 1400 2935 proeses
1425 2870 1650 2911 annuo
1682 2847 2091 2935 provincialis
2120 2846 2375 2935 imperii
2403 2868 2551 2910 mu-

407 2976 564 3019 nere
596 2955 943 3019 terminato
975 2977 1412 3019 successorem
1435 3002 1456 3037 ,
1514 2954 1567 3019 si
1604 2970 1859 3019 mature
1887 2970 2203 3020 venturus
2238 2970 2406 3019 esset
2425 3002 2444 3035 ,
2481 2953 2549 3016 in

409 3060 739 3148 provincia
767 3076 1196 3149 exspectarem
1223 3076 1421 3150 atque
1451 3061 1511 3125 ei
1539 3061 1909 3127 advenienti
1940 3062 2201 3126 obviam
2229 3060 2553 3148 prodiret,

407 3188 483 3230 ac
511 3167 812 3254 praesenti
852 3189 1133 3255 praesens
1168 3166 1571 3255 provinciam
1608 3182 1805 3263 atque
1838 3168 2193 3232 exercitum
2239 3164 2552 3247 traderet3

409 3269 648 3335 deinde
678 3272 851 3336 inter
893 3272 1156 3360 triginta
1191 3272 1327 3339 dies
1390 3273 1535 3361 (tot
1564 3273 1739 3338 enim
1772 3273 1875 3338 lex
1908 3274 2211 3339 Cornelia
2246 3274 2318 3338 L.
2360 3272 2552 3337 Sullae

405 3374 635 3465 dedit)
675 3376 1018 3443 decederet
1044 3400 1059 3442 :
1090 3400 1318 3443 verum
1353 3380 1603 3445 interea
1633 3380 1876 3444 nullam
1904 3379 2313 3469 provincialis
2346 3376 2555 3443 admi-

409 3482 808 3547 nistrationis
829 3498 1080 3572 partem
1099 3484 1463 3575 attingeret.
1490 3486 1817 3569 Quocirca
1838 3486 2087 3575 Appius
2116 3508 2281 3575 aegre
2309 3482 2555 3549 ferebat

409 3586 592 3677 quod
621 3609 831 3676 quum
859 3588 1172 3653 Lentulus
1193 3590 1339 3672 sibi,
1357 3590 1497 3679 ipse
1510 3591 1789 3655 Lentulo
1815 3590 2231 3679 processisset
2251 3590 2319 3653 in
2340 3588 2557 3653 Cilicia

407 3695 668 3767 obviam
687 3742 706 3777 ‚
753 3696 980 3762 Cicero
1017 3696 1140 3760 sibi
1174 3696 1513 3762 decedenti
1548 3698 1863 3763 noluisset
1896 3721 1912 3762 τ
1967 3695 2150 3786 quod
2194 3698 2421 3761 Cicero
2465 3696 2555 3761 ita

408 3801 740 3891 purgavit,
772 3817 846 3869 ut
871 3823 1137 3866 omnem
1163 3805 1300 3886 ejus
1333 3804 1422 3868 rei
1453 3803 1710 3893 culpam
1739 3805 1807 3867 in
1836 3804 2120 3893 Appium
2144 3804 2361 3892 ipsum
2389 3802 2550 3883 reje-

409 3910 590 3976 cerit.
625 3908 726 3974 Ad
756 3909 898 3974 Div.
931 3912 1061 3993 111,
1095 3913 1280 4000 epist.
1315 3934 1376 3999 7.

501 4014 705 4099 Quod
737 4016 790 4081 si
824 4016 1124 4081 decessor
1153 4032 1304 4081 ante
1333 4018 1723 4081 successoris
1752 4016 2107 4082 adventum
2142 4015 2517 4083 decessisset
2537 4063 2554 4096 ,

415 4138 556 4190 tum
585 4146 742 4189 vero
778 4124 1057 4219 aliquem
1081 4172 1098 4206 ,
1135 4126 1248 4213 qui
1281 4124 1627 4213 provinciae
1665 4141 1964 4213 praeesset
1984 4174 2002 4207 ,
2046 4125 2246 4189 veluti
2276 4138 2559 4211 quaesto-
