2984 4684
507 416 646 515 574
1308 413 1842 485 APPENDIX

587 538 711 603 Die
755 532 1270 625 postulationum
1317 534 1563 622 petitor
1603 556 1758 599 eum
1783 581 1803 616 ,
1858 532 2035 597 unde
2073 532 2373 623 petebat,
2422 534 2491 599 in
2538 556 2647 615 μω

503 642 798 709 vocabat.

591 748 786 813 Nulla
831 745 940 809 hic
988 744 1368 833 apparitoris
1401 768 1641 835 opera3
1693 726 1873 809 nulla
1904 742 2063 808 dieue
2102 742 2388 832 scriptio.
2445 747 2649 809 Actor

503 851 931 920 conveniebat
959 848 1398 915 adversarium
1417 898 1436 933 ,
1468 866 1668 941 atque
1694 866 1771 915 ut
1790 870 1859 914 se
1882 850 1949 913 in
1971 850 2077 929 jus
2110 864 2377 915 euntem
2409 872 2646 939 seque-—

503 977 718 1042 retur,
754 956 1166 1023 admonebat.
1203 956 1270 1022 Si
1301 958 1355 1021 is
1391 958 1579 1047 sequi
1614 957 1961 1039 noluisset,
1997 978 2148 1020 eum
2180 956 2489 1045 rapiebat.
2522 960 2647 1021 At·

503 1090 636 1155 que
673 1082 752 1130 ut
781 1086 866 1130 ne
895 1062 1202 1144 injuriam
1229 1062 1288 1127 ei
1319 1065 1531 1129 facere
1564 1062 1916 1144 videretur,
1942 1078 2173 1127 testem
2204 1084 2341 1129 sum
2370 1062 2649 1127 actionis

503 1173 784 1261 aliquem
813 1168 1114 1246 (iaciebat,
1145 1184 1260 1233 aut
1289 1170 1456 1233 forte
1481 1169 2025 1234 intervenientem
2044 1216 2063 1249 ,
2088 1184 2203 1233 aut
2226 1182 2646 1258 presentem,

503 1282 692 1361 cujus
709 1294 818 1343 tan
823 1274 1016 1366 gebat
1029 1274 1308 1339 molliter
1318 1274 1673 1339 auriculam
1690 1298 1711 1357 ;
1722 1274 2019 1365 rogando
2032 1274 2135 1339 hin
2147 1275 2383 1357 verbis,
2396 1306 2423 1331 ι
2438 1296 2651 1339 ncn-

504 1408 590 1451 ιη
614 1380 1008 1450 amn-suu?
1028 1411 1054 1437 ι·
1069 1380 1114 1445 i.
1129 1402 1186 1445 e.
1203 1395 1268 1443 te
1291 1396 1527 1445 testem
1552 1402 1833 1446 sumere.
1858 1380 1924 1446 Si
1941 1379 2409 1471 respondebat,
2432 1402 2649 1459 near,

503 1506 646 1556 tum
673 1486 1110 1554 adversarium
1137 1486 1591 1569 frasu-antem,
1614 1502 1729 1551 ant
1750 1485 2111 1577 fugientem
2130 1534 2151 1569 ,
2180 1486 2417 1567 injecta
2444 1508 2651 1551 manu

501 1598 584 1665 ad
611 1612 956 1687 protorem
981 1592 1320 1658 trahebat:
1349 1590 1531 1682 quod
1558 1593 1619 1658 ei
1652 1592 1887 1661 licebat
1916 1616 2035 1682 per
2068 1593 2279 1685 legem
2304 1594 2437 1658 XII
2466 1592 2647 1659 tabb.

501 1694 712 1771 Porro
759 1700 930 1766 illam
979 1699 1154 1765 auris
1197 1698 1679 1789 prehendenda!
1720 1699 2270 1765 consuetudinem
2312 1722 2651 1788 expresse·

505 1825 667 1877 runt
697 1808 908 1874 Plaut.
939 1807 1010 1870 in
1043 1806 1272 1889 Persa3
1309 1806 1536 1871 Horat.
1584 1806 1715 1871 Sat.
1754 1806 1821 1889 1,
1866 1828 1945 1893 9,
1996 1804 2103 1894 76.
2146 1804 2315 1871 Plin.
2348 1807 2481 1888 xl,
2518 1804 2605 1884 45
2628 1828 2649 1871 2

503 1916 666 1981 «Est
697 1914 766 1979 in
792 1934 950 1977 aure
973 1914 1103 1976 ima
1133 1913 1466 1975 memoriae
1500 1912 1687 1977 locus
1706 1959 1725 1995 ,
1758 1933 1959 2001 quem
1998 1928 2333 2002 tangentes
2364 1927 2650 1977 antesta-

507 2047 658 2089 mur
677 2054 726 2088 ι.
767 2021 836 2087 Si
872 2042 1028 2084 vero
1065 2036 1248 2085 actor
1289 2035 1441 2084 ante
1487 2020 1993 2085 antestationem
2042 2036 2297 2110 raperet
2348 2017 2651 2087 adversa·-

505 2131 712 2211 rium,
748 2125 1160 2215 competebat
1187 2126 1252 2188 in
1281 2146 1432 2187 eum
1457 2126 1629 2189 actio
1658 2124 2062 2205 injuriarum.
2092 2128 2412 2210 Lenones,
2442 2128 2651 2209 sums,

507 2252 705 2322 atque
729 2229 1098 2297 istiusmodi
1127 2230 1428 2293 homines
1443 2280 1462 2308 ‚
1491 2230 1631 2319 lege
1658 2231 2161 2320 excipiebantur.
2187 2234 2535 2299 Neminem
2566 2232 2652 2300 de

507 2340 710 2405 domo
733 2337 932 2403 suain
949 2337 1055 2418 jus
1073 2336 1288 2407 vocari,
1307 2335 1509 2399 licuit.
1526 2334 1744 2403 Fr.18.
1756 2337 1999 2427 Digest.
2020 2336 2103 2403 de
2120 2342 2187 2402 in
2202 2340 2309 2419 jus
2326 2337 2649 2405 vocando.

595 2442 800 2529 Quod
843 2444 900 2507 si
943 2443 999 2507 is
1047 2440 1226 2507 unde
1269 2441 1634 2530 petebatur,
1682 2442 1961 2508 latitaret
1974 2490 1993 2525 ,
2038 2460 2107 2509 et
2148 2445 2393 2511 nullam
2424 2468 2651 2511 secum

507 2550 741 2642 agendi
771 2565 1156 2640 potestatem
1184 2549 1454 2630 faceret,
1483 2571 1693 2637 quum
1716 2548 1799 2614 de
1828 2548 2029 2615 domo
2054 2552 2304 2615 extrahi
2336 2574 2471 2617 non
2504 2572 2654 2641 pos-

507 2676 638 2741 set,
665 2675 844 2723 actor
880 2656 1172 2746 praetoris
1207 2655 1522 2720 auxilium
1554 2656 1977 2745 implorabat,
2022 2674 2221 2748 atquo
2261 2682 2447 2723 reum
2490 2682 2651 2723 evo·

506 2766 636 2830 cari
685 2762 1052 2853 postulabat
1089 2760 1321 2825 edict0.
1381 2759 1689 2826 Edictum
1737 2762 1823 2827 ad
1864 2764 2099 2853 ipsius,
2146 2765 2261 2852 qui
2320 2764 2609 2829 latitabat
2631 2814 2650 2847 ,

507 2870 676 2937 aedes
708 2868 1090 2960 affigebatur
1123 2890 1276 2931 cum
1301 2866 1580 2933 solemni
1602 2868 1968 2937 vicinorum
1997 2871 2365 2935 testatione.
2394 2872 2462 2936 si
2494 2894 2654 2935 evo·

505 2978 742 3043 cationi
777 2978 1000 3067 primae
1033 2997 1168 3041 non
1202 2992 1491 3063 pareret,
1527 2998 1741 3064 neque
1774 2974 2271 3058 defenderetur3
2296 2978 2653 3044 secundam

505 3084 856 3167 interjectis
893 3082 1117 3147 decem
1153 3079 1388 3145 diebus
1415 3080 1809 3147 decernebat
1835 3098 2095 3171 praetor,
2142 3106 2269 3172 qua
2302 3086 2651 3174 petitorem

509 3193 579 3255 in
605 3192 779 3265 bona
813 3189 1120 3253 latitantis
1151 3187 1247 3251 rei
1282 3187 1616 3253 mittebat:
1648 3204 1713 3252 et
1750 3188 1875 3252 nisi
1902 3191 2069 3254 facta
2104 3192 2483 3255 evocatione
2516 3208 2652 3255 ter-

509 3300 598 3363 tia
619 3344 638 3379 ,
679 3295 762 3361 ad
793 3294 894 3359 sui
927 3292 1376 3359 defensionem
1407 3294 1724 3375 venissct3
1764 3294 1968 3359 altero
2000 3294 2264 3359 decreto
2301 3297 2475 3360 bona
2510 3298 2652 3377 ejus

509 3400 858 3494 possideri,
889 3400 1238 3491 proscribi,
1271 3422 1348 3464 ac
1379 3398 1653 3463 distrahi
1684 3400 1955 3483 jubebat
1991 3418 2248 3490 proetor.

600 3510 666 3575 si
697 3530 853 3573 vero
875 3521 1140 3570 vooetus
1175 3520 1456 3594 pareret,
1490 3504 1608 3569 ubi
1638 3506 1923 3593 copulati
1954 3508 2025 3571 in
2048 3508 2153 3587 jus
2184 3526 2650 3597 pervenerant,

510 3634 712 3699 actor,
765 3616 1106 3703 impetrata
1141 3610 1454 3698 loquendi
1489 3627 1840 3700 potestate,
1890 3614 2211 3678 actionem
2258 3614 2495 3681 edebat
2532 3614 2654 3680 ad·

511 3722 826 3801 versario,
849 3743 978 3809 qua
1011 3715 1316 3783 adversus
1349 3740 1501 3782 eum
1536 3720 1633 3782 uti
1668 3717 1943 3785 volebat.
1986 3720 2187 3804 Quod
2222 3722 2497 3786 omnino
2532 3746 2652 3787 ne·

509 3822 856 3893 cessarium
883 3841 1050 3907 erat3
1085 3846 1232 3888 nam
1263 3825 1483 3891 multis
1514 3825 1584 3889 in
1608 3828 1815 3890 causis
1842 3848 1977 3891 non
2012 3844 2267 3915 poterat
2300 3852 2453 3892 reus
2483 3828 2651 3895 divi-

517 3958 702 4017 nare,
735 3956 878 4021 quae
913 3934 980 3997 in
1021 3956 1089 3997 se
1136 3933 1307 3997 actio
1353 3932 1834 4014 intenderetur3
1878 3956 2085 4023 quum
2120 3958 2199 3999 ex
2232 3936 2445 4000 edicto
2484 3960 2650 4025 prae·

515 4042 672 4105 toris
705 4042 768 4104 in
799 4040 1020 4127 plures
1045 4039 1333 4104 actiones
1359 4039 1533 4105 idem
1564 4058 1787 4130 posset
1822 4040 2072 4108 cadere.
2104 4044 2300 4107 Conf.
2338 4044 2615 4132 Dupojit
2634 4095 2651 4129 ,

514 4148 847 4236 Disquisit.
877 4146 942 4208 in
977 4144 1116 4211 Gai.
1152 4168 1216 4231 p.
1255 4168 1402 4231 209.
2513 4131 2521 4153 ¹
