2984 4684
462 388 599 461 532
1247 330 1817 453 Eitcunsus

549 514 781 600 Neque
815 507 1030 573 solum
1071 506 1394 595 regiarum
1437 526 1595 569 cura
1624 504 1875 568 viarum
1909 500 1993 567 ad
2024 519 2308 568 rectores
2340 504 2609 593 provin-

459 622 705 687 ciarum
731 614 1080 707 pertinuit:
1109 610 1338 677 iisdem
1369 627 1438 675 et
1462 611 1771 675 stationes
1798 608 2085 691 navium,
2100 626 2365 697 portus,
2392 611 2607 693 litora,

461 744 674 792 turres
705 740 774 787 et
803 720 1058 787 castella
1087 718 1158 783 in
1183 717 1541 799 limitibus,
1568 738 1931 805 omnesque
1962 716 2443 804 provinciarum
2468 716 2611 781 abs-

459 852 678 899 cessus
713 825 1362 895 commendabantur.
1387 822 1550 888 Cod.
1580 823 1703 889 Th.
1738 820 1822 887 de
1848 821 2169 887 Itinerum
2204 846 2387 887 mun.
2422 840 2489 888 et
2524 822 2609 886 de

460 938 726 1003 litorum
757 950 826 999 et
859 934 1002 998 itin.
1032 948 1200 997 cust.

551 1041 869 1130 Ulpianus
900 1037 1098 1102 etiam
1132 1036 1302 1100 inter
1335 1034 1549 1099 officia
1586 1032 1996 1123 proconsulis
2028 1034 2284 1115 retulit,
2316 1050 2426 1117 ut,
2452 1034 2507 1097 si
2541 1034 2613 1097 in

459 1147 782 1213 celebrem
827 1144 1152 1209 civitatem
1171 1189 1190 1224 ,
1239 1140 1344 1205 vel
1387 1139 1738 1229 provinciae
1782 1155 1979 1229 eaput
2022 1137 2357 1205 adveniret
2374 1190 2393 1222 ,
2442 1140 2615 1205 aedes

463 1276 674 1321 sacras
691 1301 710 1333 ,
755 1268 822 1315 et
871 1271 1071 1338 opera
1119 1240 1380 1337 publica
1427 1246 1835 1329 circumiret,
1870 1244 2259 1335 inspiciendi
2294 1246 2495 1337 gratia
2528 1271 2615 1311 an

463 1376 634 1427 sarta
667 1374 964 1444 tectaque
1003 1370 1254 1436 essent3
1310 1370 1379 1417 et
1425 1352 1480 1417 si
1524 1374 1655 1440 qua
1692 1368 1901 1441 coepta
1942 1368 2162 1418 essent
2184 1402 2204 1435 ,
2250 1370 2507 1419 curaret
2542 1370 2621 1419 ut

463 1478 1096 1537 consummarentur,
1132 1475 1334 1548 prout
1361 1460 1531 1523 vires
1560 1459 1697 1540 ejus
1726 1458 2099 1547 reipublieae
2126 1461 2621 1549 permitterent,

465 1588 931 1659 curatoresque
963 1590 1244 1657 operum
1281 1565 1622 1655 diligentes
1654 1565 2013 1631 solenniter
2047 1582 2473 1655 praeponeret.
2510 1566 2625 1631 Di-

470 1695 632 1769 gest.
651 1678 762 1741 lib.
783 1676 852 1758 1,
873 1674 972 1738 tit.
999 1674 1078 1739 16
1097 1722 1116 1756 ,
1159 1674 1203 1737 l.
1227 1696 1290 1759 7.
1594 1762 1607 1775 ι

556 1782 917 1873 Congruit,
951 1780 1040 1845 ait
1071 1778 1248 1843 idem
1294 1778 1655 1865 Ulpianus,
1692 1778 1873 1843 bono
1904 1794 1971 1842 et
2000 1777 2179 1867 gravi
2212 1776 2467 1867 praesidi
2502 1801 2624 1843 cu-

471 1914 643 1971 rare,
663 1906 740 1953 ut
771 1904 992 1977 pacata
1025 1902 1222 1975 atque
1256 1885 1476 1973 quieta
1510 1885 1845 1974 provincia
1877 1885 1962 1948 sit
1988 1907 2184 1973 quarn
2218 1886 2416 1975 regit:
2444 1884 2627 1974 quod

475 2019 614 2061 non
641 1992 903 2059 difficile
935 1991 1293 2072 obtinebit,
1334 1991 1387 2053 si
1422 1990 1699 2054 sollicite
1728 2005 1875 2079 agat
1906 2006 1981 2054 ut
2024 1990 2207 2055 malis
2242 1990 2627 2057 hominibus

479 2099 812 2190 provincia
849 2112 1093 2180 careat,
1137 2118 1384 2183 eosque
1411 2094 1795 2180 conquirat:
1832 2116 1984 2159 nam
2018 2096 2360 2185 sacrilegos
2378 2144 2399 2179 ,
2431 2096 2631 2162 latro-

480 2229 595 2271 nes
612 2251 632 2287 ,
676 2203 1049 2295 plagiarios,
1095 2200 1274 2265 fures
1313 2198 1705 2286 conquirere
1742 2198 1974 2282 debet3
2008 2217 2074 2265 et
2116 2219 2319 2291 prout
2352 2202 2631 2291 quisque

480 2310 856 2403 deliquerit,
910 2308 978 2371 in
1033 2328 1187 2370 eum
1245 2303 1793 2387 animadvertere,
1844 2321 2341 2394 receptoresque
2398 2330 2628 2373 eorum

479 2438 812 2497 coercere,
846 2415 990 2479 vsine
1023 2412 1266 2501 quibus
1297 2410 1462 2475 latro
1500 2411 1699 2475 latere
1735 2409 1981 2475 diutius
2016 2434 2151 2477 non
2182 2428 2419 2501 potest.
2458 2412 2631 2479 lbid.

481 2528 525 2591 l.
549 2525 728 2589 XIII.
758 2524 836 2588 In
869 2519 1188 2586 mandaris
1220 2520 1591 2608 principum
1618 2536 1747 2600 est,
1786 2520 2001 2607 inquit
2015 2520 2309 2603 Paullus,
2342 2537 2419 2585 ut
2448 2538 2635 2587 curet

485 2632 539 2697 is
572 2630 688 2720 qui
724 2627 1072 2719 provincioe
1107 2640 1372 2714 pmest,
1405 2625 1589 2689 malis
1620 2625 2001 2691 hominibus
2032 2628 2437 2716 provinciam
2473 2651 2633 2717 pur-

489 2761 660 2829 gare.
697 2736 862 2802 lbid.
887 2736 1002 2801 lib.
1031 2735 1151 2800 111.

579 2845 862 2909 Peractis
893 2844 972 2908 iis
1004 2858 1152 2932 quae
1181 2843 1272 2907 'ad
1309 2860 1703 2935 potestatem
1734 2846 2103 2933 praetoriam
2130 2845 2493 2934 pertinent,
2504 2844 2637 2925 jam

489 2950 573 3016 ad
611 2949 1052 3039 explicandam
1100 2949 1366 3014 alteram
1415 2966 1664 3038 partem
1715 2949 2130 3038 provincialis
2174 2950 2405 3033 officii,
2458 2948 2640 3039 quod

489 3074 592 3121 est
627 3055 1008 3143 imperium,
1051 3055 1406 3145 pergimus.

583 3162 942 3250 Imperium
985 3161 1116 3226 hoc
1165 3159 1314 3225 loco
1369 3160 1535 3225 nihil
1573 3159 1751 3225 aliud
1794 3178 1925 3244 est,
1966 3184 2163 3250 quam
2206 3164 2313 3245 jus
2358 3160 2643 3228 habendi

498 3270 815 3336 exercitus
836 3316 855 3351 ,
891 3268 1047 3332 belli
1079 3267 1387 3357 gerendi,
1433 3286 1501 3333 et
1537 3270 1630 3333 rei
1669 3270 1869 3334 totius
1908 3269 2151 3335 bellicae
2192 3268 2595 3360 capessendae
2624 3294 2641 3335 :

499 3378 607 3441 cui
627 3376 720 3442 rei
739 3372 1041 3463 praesides
1067 3396 1202 3437 non
1225 3374 1465 3453 minus,
1483 3396 1681 3461 quam
1695 3374 2136 3455 jurisdictioni
2163 3398 2427 3465 operam
2450 3374 2649 3441 dede-

501 3499 694 3564 runt,
727 3502 944 3573 neque
977 3480 1252 3557 iniuria:
1283 3478 1407 3543 hac
1437 3480 1617 3544 enim
1639 3481 1969 3545 sociorum
1988 3481 2257 3569 quidem
2281 3480 2648 3547 commodis

503 3589 1016 3668 consuluerunt3
1063 3603 1130 3651 at
1163 3586 1270 3649 illa
1309 3585 1578 3651 eosdem
1630 3588 1699 3651 in
1748 3586 1879 3652 fide
1916 3589 2389 3654 continuerunt
2407 3636 2426 3671 ,
2467 3610 2653 3653 exer·

501 3696 668 3762 citus
698 3710 1048 3773 terrorem,
1091 3691 1376 3780 bellique
1411 3694 1650 3773 minas,
1701 3693 1756 3756 si
1796 3692 2178 3775 deficerent,
2212 3711 2651 3759 ostentantes:

505 3816 702 3887 atque
737 3798 1136 3887 provinciam
1185 3797 1392 3885 ipsam
1439 3820 1478 3861 a
1524 3796 1957 3863 finitimorum
1998 3799 2287 3863 hostium
2334 3800 2659 3864 incursio-

507 3906 704 3969 nibus
720 3950 740 3983 ,
795 3918 911 3967 aut
965 3904 1293 3967 latronum
1347 3902 1879 3991 populationibus
1936 3920 2143 3969 tutam
2194 3906 2657 3993 praestiterunt.

511 4012 684 4101 Ergo
715 4008 970 4097 praesidi
1003 4010 1120 4097 qui
1151 4008 1432 4072 habebat
1467 4008 1847 4097 imperium,
1887 4009 1995 4089 jus
2032 4012 2157 4074 fuit
2185 4012 2493 4077 exercitui
2530 4014 2656 4076 im-

509 4114 816 4207 perandi3
853 4114 1098 4179 bellum
1133 4114 1435 4203 auspiciis
1463 4114 1598 4181 suis
1629 4116 1929 4205 gerendi,
1970 4132 2037 4183 et
2066 4118 2271 4182 totius
2302 4116 2398 4182 rei
2428 4118 2657 4184 milita·
