2984 4684
787 410 1172 503 ORAT,10
1219 412 1421 479 PRO
1468 412 1559 500 Q.
1612 412 2018 482 ROSCIO.
2332 411 2468 509 169

353 531 619 604 insidiae
669 529 1075 602 tenduntur
1116 529 1362 619 alicui,
1414 530 1516 601 dii
1556 531 1995 602 immortales
2046 528 2469 603 hominibus

355 644 552 714 irasci
587 657 660 713 et
694 666 1112 713 succensere
1151 656 1618 713 consuerunt.
1658 648 1751 714 At
1794 666 1931 740 ego
1969 642 2112 713 boc
2160 666 2251 713 ex
2300 666 2469 714 con·

355 754 562 825 trario
627 752 1017 825 contendo.
1083 754 1345 823 Levior
1406 767 1595 823 esset
1648 754 2035 824 auctoritas
2092 752 2365 841 Cluvii,
2412 754 2473 824 si

354 864 617 935 diceret
640 864 952 959 juratuS‚
991 888 1210 960 quam
1237 886 1436 934 nunc
1461 877 1569 935 est
1587 917 1607 951 ‚
1633 887 1863 961 quum
1893 862 2067 934 dicit
2096 864 2471 960 injuratus.

259 1056 266 1065 ,
351 977 524 1045 Tum
566 976 760 1045 enim
804 971 1108 1046 forsitan
1140 970 1492 1070 improbis
1542 972 1757 1043 nimis
1792 968 2153 1069 cupidus⁶
2203 968 2474 1041 videre-

355 1096 490 1171 tur,
519 1084 686 1180 qui,
721 1108 866 1180 qua
910 1083 1002 1154 de
1036 1107 1118 1153 re
1149 1081 1376 1177 judex
1408 1080 1662 1153 fuisset
1684 1136 1705 1171 ,
1756 1083 1953 1153 testis
1996 1096 2183 1153 esset
2220 1108 2235 1150 τ
2274 1104 2475 1152 nunc

353 1191 684 1263 omnibus
721 1193 1030 1265 inimicis
1065 1216 1356 1263 necesse
1398 1206 1507 1263 est
1549 1194 1984 1264 castissimus
2024 1206 2099 1263 et
2135 1206 2472 1263 constan-

353 1304 659 1376 tissimus
693 1328 848 1376 esse
873 1303 1225 1392 videatur,
1259 1303 1387 1401 qui
1416 1302 1526 1391 id,
1562 1301 1765 1401 quod
1808 1303 1976 1390 scit,
2006 1298 2473 1372 familiaribus

353 1412 495 1483 suis
520 1412 710 1485 dicit.
754 1414 892 1484 Dic
924 1437 1158 1501 nunc,
1199 1414 1258 1483 si
1292 1426 1529 1510 potes,
1566 1415 1624 1483 si
1658 1436 1813 1500 reS,
1847 1414 1907 1482 si
1940 1436 2149 1483 causa
2185 1414 2475 1507 patitur,

353 1522 684 1593 Cluvium
733 1546 887 1593 esse
921 1523 1327 1592 mentitum.
1383 1522 1731 1593 Mentitus
1775 1537 1885 1593 est
1926 1521 2257 1592 Cluvius?
2312 1526 2477 1619 Ipsa

351 1632 528 1705 mihi
564 1634 822 1705 veritas
857 1656 1152 1704 manum
1201 1633 1448 1727 injecit
1467 1643 1522 1719 ⁷,
1558 1646 1649 1703 et·
1668 1633 2055 1731 paullisper
2090 1635 2477 1704 consistere

353 1756 422 1813 et
450 1744 883 1814 commorari
915 1744 1130 1840 cogit.
1174 1741 1384 1813 Unde
1421 1742 1563 1813 hoc
1588 1757 1828 1814 totum
1858 1741 2161 1814 ductum
2192 1757 2265 1814 et
2302 1768 2477 1814 con-

350 1852 598 1925 flatum
637 1853 1096 1925 mendacium
1143 1852 1294 1925 est?
1349 1854 1649 1923 Roscius
1708 1864 1817 1923 est
1868 1851 2203 1923 videlicet
2250 1851 2475 1923 homo

349 1962 643 2037 callidus
683 1979 759 2036 et
793 1962 1172 2045 versutus?
1204 1961 1348 2033 hoc
1375 1964 1583 2034 initio
1619 1964 1935 2061 cogitare
1972 1964 2195 2059 coepit
2233 1988 2249 2031 z
2292 1986 2473 2059 quo-

349 2076 538 2145 niam
569 2076 884 2146 Fannius
915 2100 956 2146 a
979 2098 1098 2147 me
1130 2074 1314 2173 petit
1345 2078 1486 2144 H-S
1512 2095 1689 2161 1000,
1715 2086 1958 2171 petam
1996 2096 2037 2143 a
2074 2076 2153 2143 C.
2183 2071 2471 2157 Cluvi0‚

349 2184 592 2280 equite
639 2208 980 2273 roman0‚
1036 2184 1492 2258 ornatissimo
1536 2182 1830 2254 homine
1850 2237 1871 2272 ,
1929 2197 2015 2253 ut
2062 2206 2222 2253 mea
2263 2205 2475 2253 causa

349 2295 776 2379 mentiatur-3
824 2294 1051 2382 dicat,
1085 2293 1526 2367 decisionem
1554 2292 1817 2365 factam
1858 2318 2012 2365 esse
2032 2346 2053 2381 ‚
2090 2318 2249 2391 quae
2290 2291 2474 2363 facta

349 2426 500 2472 non
533 2416 679 2488 est3
719 2405 865 2472 H-S
893 2426 1184 2475 cccmoo
1223 2428 1262 2473 a
1299 2403 1539 2475 Flavio
1584 2402 1746 2475 data
1782 2428 1935 2475 esse
1970 2406 2284 2491 Fanni0‚
2310 2428 2473 2501 quae

348 2511 510 2584 data
543 2537 699 2583 non
739 2528 931 2586 sunt.
983 2520 1112 2586 Est
1161 2513 1300 2585 hoc
1335 2514 1773 2613 principium
1824 2512 2139 2611 improbi
2184 2508 2476 2601 animiss,

347 2624 590 2695 miseri
619 2626 936 2721 ingenii,
977 2624 1250 2696 nullius
1279 2624 1581 2696 consilii.
1606 2621 1799 2714 Quid
1842 2622 2154 2696 deinde?
2182 2626 2471 2694 Postea·

345 2744 568 2831 'quam
631 2758 708 2805 se
775 2734 1113 2831 praeclare
1165 2732 1616 2807 confirmavit
1631 2746 1689 2821 9,
1736 2736 1935 2805 venit
1981 2733 2072 2804 ad
2115 2732 2471 2805 Cluvium.

348 2847 586 2935 Quem
610 2842 1019 2916 hominem?
1038 2846 1310 2917 levem?
1339 2846 1486 2917 imo
1516 2846 2052 2943 gravissimum:
2083 2842 2475 2915 mobilem?

345 2956 496 3025 imo
539 2956 1239 3028 constantissimum:
1269 2955 1728 3028 familiarem?
1752 2958 1899 3027 imo
1936 2956 2472 3027 alienissimum.

345 3070 560 3137 Hunc
591 3079 1064 3163 posteaquam
1094 3066 1425 3138 salutavit
1445 3078 1531 3155 ¹⁰,
1549 3091 1801 3164 rogare
1828 3068 2050 3162 coepit
2069 3120 2089 3154 ‚
2111 3064 2378 3136 blande
2406 3078 2479 3135 et

349 3176 748 3264 concinne,
775 3176 1046 3248 scilicet
1075 3204 1092 3247 ε
1121 3179 1430 3250 Mentire
1465 3202 1627 3249 mea
1659 3202 1913 3266 causa,
1951 3178 2121 3249 viris
2152 3176 2483 3274 optimis,

342 3310 632 3357 sacramenti
661 3310 972 3370 conditione,
999 3326 1056 3359 ac
1093 3310 1372 3361 solemniter

343 3390 604 3453 conceptis
627 3388 806 3437 verbis.

416 3468 470 3517 6.
509 3468 738 3535 Cupidus.
760 3468 855 3517 Vel
874 3468 1080 3529 juvandi
1109 3440 1338 3517 Roscium
1351 3504 1370 3532 ,

340 3546 426 3595 vel
443 3548 658 3596 nocendi
678 3549 884 3597 Fannio.
904 3550 983 3597 Sic
1001 3548 1178 3612 saepius
1193 3550 1246 3595 in
1270 3563 1370 3596 ms-

341 3624 444 3673 hm
469 3638 656 3691 partem
675 3638 970 3692 usurpatur·
957 3665 970 3677 .
1001 3649 1024 3671 ι
1046 3626 1370 3693 cupidissime

341 3704 520 3753 fulsum
569 3706 904 3766 testimonium
947 3707 1110 3755 dicere
1124 3727 1170 3755 ι.
1199 3707 1368 3755 Vatin-

343 3804 374 3825 κ
391 3784 586 3850 Cupide
613 3786 936 3835 condemnare
957 3808 1003 3836 υ.
1037 3787 1168 3836 Suet.
1187 3786 1240 3833 in
1267 3785 1371 3837 Jul.

345 3863 478 3916 Gall.
496 3881 613 3914 avec
630 3866 850 3930 passion.

421 3960 472 4005 7.
508 3946 734 3993 Ernestio
763 3946 988 4010 placeb-t
1020 3965 1044 3989 ι
1065 3946 1226 4008 injicit
1237 3969 1280 3996 1·-

421 4024 474 4072 8.
500 4024 718 4089 Improbi
733 4024 902 4082 animi,
927 4026 1042 4089 quis
1067 4025 1132 4074 sd
1155 4025 1372 4074 fraudem

343 4114 566 4167 spectat3
608 4105 774 4154 miseri
817 4104 1001 4171 Ingenii
1009 4140 1026 4164 ‚
1075 4106 1190 4169 quit
1228 4106 1372 4155 dolus

1458 3322 1533 3359 est
1548 3328 1719 3376 parum
1740 3310 1916 3361 callide
1944 3310 2273 3375 excogitatum
2298 3308 2477 3355 nullius

1458 3390 1679 3450 consilii,
1703 3392 1815 3455 quis
1837 3390 1975 3438 saci-le
1992 3388 2249 3456 praevideri
2265 3398 2479 3451 poterat.

1457 3497 1531 3507 —-
1546 3470 1676 3520 Edd.
1707 3487 1835 3534 pn·
1813 3470 1977 3519 «nulli
2001 3469 2252 3519 consilii·-
2284 3470 2476 3515 Ernest.

1457 3548 1563 3597 sinc
1588 3566 1731 3597 causa
1759 3559 1896 3613 putat
1914 3550 2199 3599 Ciceronem
2222 3549 2347 3596 forte
2366 3546 2483 3595 scri-

1457 3629 1642 3693 psisse,
1668 3628 1845 3676 «stulti
1864 3629 2099 3677 consilii·
2106 3631 2191 3678 ..J
2196 3628 2260 3677 V.
2282 3630 2337 3677 1„

1533 3724 1583 3773 9.
1642 3706 1976 3775 Confirmaoic.
2024 3707 2255 3755 Animum
2318 3722 2481 3755 corro-

1461 3786 1679 3844 boravit,
1715 3788 1921 3848 sumpsit
1959 3785 2013 3832 in
2047 3785 2194 3833 corde
2226 3783 2479 3834 confiden-

1462 3866 1577 3914 tiam
1592 3901 1608 3927 ,
1633 3875 1690 3913 ut
1713 3865 1784 3913 sit
1804 3864 2023 3912 Plautus.

1540 3958 1618 3992 xo.
1666 3943 1922 3992 Salutavie.
1970 3944 2055 3991 Sic
2116 3942 2287 3991 Euclio
2344 3942 2479 4007 apud

1463 4024 1624 4075 mant.
1645 4024 1700 4071 in
1717 4023 1887 4073 Aulnl.
1905 4022 2049 4071 «mic
2077 4039 2249 4072 surum
2278 4039 2357 4071 me
2388 4022 2479 4070 scit

1457 4106 1655 4168 habere,
1672 4121 1732 4156 co
1750 4122 1827 4155 me
1844 4106 2023 4156 salutat
2040 4103 2267 4154 blandius
2278 4126 2322 4154 ··.
