2984 4684
479 364 1410 389 mmmmm
1417 362 2621 388 mma—mmmmm

1065 586 2051 769 APPENDIX

479 840 608 909 DE
659 836 1018 907 ORDINE
1067 834 1882 923 EXERCENDORUM,
1932 838 2129 907 TAM
2180 839 2617 907 PRIVATO-

579 962 784 1031 RUM
849 962 1126 1051 QUAM
1201 960 1807 1031 PUBLICORUM
1834 1011 1855 1045 ,
1918 962 2269 1031 STANTE
2336 962 2615 1065 REPJJ-

575 1085 873 1169 BLICA‚
921 1087 960 1153 J
965 1085 1521 1155 UDICIORUM.

564 1484 882 1549 Vri-numu
909 1482 1307 1565 judiciorum
1343 1483 1855 1563 exercendorum
1888 1486 2211 1551 rationem
2236 1502 2303 1550 et
2338 1488 2617 1553 formam

473 1592 878 1679 exposituro,
911 1614 1044 1656 non
1079 1614 1154 1655 ea
1199 1590 1361 1655 mihi
1409 1614 1595 1657 mens
1632 1608 1759 1674 est,
1808 1608 1885 1655 ut
1914 1614 2055 1657 rem
2088 1592 2371 1657 tenebris
2404 1616 2613 1680 quan·

473 1696 696 1785 doque
753 1698 1116 1763 involutam
1171 1698 1446 1762 omnino
1496 1696 1837 1763 discutiam
1894 1714 1961 1761 et
2016 1697 2329 1761 illustrem
2350 1746 2369 1779 ‚
2416 1722 2493 1763 ac
2547 1701 2614 1763 in

469 1802 754 1869 breviori
779 1804 908 1868 hoc
936 1802 1351 1892 compendi0‚
1371 1804 1694 1892 quidquid
1722 1804 1789 1867 in
1815 1819 2030 1868 vetere
2048 1803 2193 1883 jure
2216 1786 2616 1887 continetur,

473 1910 901 1998 complectar3
930 1908 1044 1973 sed
1070 1925 1148 1973 ut
1170 1932 1244 1973 ea
1269 1926 1527 1974 tantum
1550 1910 1896 1999 attingam,
1928 1932 2073 1997 quae
2096 1926 2163 1973 et
2193 1910 2617 1999 intelligendo

474 2016 775 2080 Ciceroni
807 2016 1078 2079 omnino
1115 2016 1472 2079 necessaria
1491 2064 1511 2097 ,
1562 2032 1629 2080 et
1652 2016 1847 2081 etiam
1872 2038 1909 2079 a
1934 2014 2103 2079 civili
2130 2014 2348 2080 studio
2374 2017 2613 2081 abhor-

472 2121 767 2186 rentibus
797 2122 1030 2185 animis
1054 2144 1192 2185 non
1213 2121 1573 2202 injucunda
1590 2123 1812 2187 futura
1840 2145 1978 2187 esse
2002 2121 2412 2187 crediderim.
2435 2124 2615 2187 Cete-

470 2250 622 2292 rum
641 2228 762 2292 hac
783 2244 913 2293 tota
936 2228 1001 2291 in
1023 2250 1092 2291 re
1111 2228 1318 2292 facem
1341 2228 1532 2293 nobis
1555 2231 1843 2318 praetulit
1856 2230 2080 2311 Gaius,
2100 2231 2285 2309 cujus
2310 2229 2611 2295 inventus

471 2332 637 2399 liber
657 2333 740 2397 ad
771 2332 841 2397 id
871 2334 1146 2399 maxime
1172 2335 1394 2417 valuit,
1423 2353 1501 2399 ut
1526 2360 1628 2417 ea,
1659 2360 1807 2425 quae
1831 2337 1899 2400 in
1930 2336 2133 2401 veteri
2158 2334 2615 2416 jurisdictione

477 2457 593 2504 aut
625 2440 946 2523 latebant,
991 2458 1108 2505 aut
1141 2442 1444 2531 explicari
1473 2442 1577 2505 vix
1627 2458 1965 2531 poterant,
2005 2441 2135 2521 jam
2178 2442 2306 2505 hoc
2348 2440 2517 2507 duce
2550 2460 2617 2507 et

473 2562 770 2627 auctore,
809 2548 970 2611 mira
1000 2546 1296 2635 undique
1331 2547 1477 2613 luce
1508 2549 1993 2613 collustrentur.

563 2682 590 2709 ι
609 2653 848 2717 Omnia
861 2652 1123 2735 judicia,
1142 2669 1256 2718 aut
1272 2652 1839 2719 distrahendarum
1866 2653 2477 2735 controversiarum,
2498 2670 2611 2717 aut

473 2756 961 2847 puniendorum
1003 2758 1468 2825 maleficiorum
1501 2783 1725 2842 causa,
1772 2776 2025 2848 reperta
2072 2774 2227 2822 sunt
2260 2782 2277 2822 ε
2326 2780 2609 2846 quorum

472 2864 748 2927 alterum
779 2864 982 2930 levius
1018 2882 1149 2946 est,
1183 2882 1530 2955 propterea
1556 2867 1739 2955 quod
1776 2883 1841 2930 et
1872 2866 2091 2930 minus
2125 2864 2330 2947 laedit,
2368 2880 2433 2929 et
2475 2865 2611 2955 ple-

469 2992 750 3057 rumque
799 2970 1224 3060 disceptatore
1281 2971 1641 3039 domestico
1698 2970 2088 3053 dijudicatur
2122 2996 2139 3037 ε
2194 2974 2471 3037 alterum
2514 2988 2611 3037 est

470 3077 1143 3157 vehementissimum,
1187 3076 1370 3164 quod
1419 3094 1486 3142 et
1542 3078 1624 3143 ad
1674 3078 1999 3168 graviores
2056 3100 2158 3141 res
2206 3078 2488 3166 pertinet
2548 3095 2612 3143 et

473 3208 608 3250 non
641 3186 1056 3250 honorariam
1089 3208 1355 3275 operam
1387 3187 1613 3269 amici,
1656 3186 1771 3251 sed
1818 3187 2221 3252 severitatem
2252 3184 2490 3265 judicis
2536 3208 2613 3250 ac

467 3293 602 3379 vim
633 3292 964 3387 requirit».
1003 3293 1133 3357 Cic.
1168 3314 1288 3379 pro
1323 3292 1555 3357 Caecin.
1586 3316 1721 3382 cap.
1754 3317 1812 3357 2.

557 3399 656 3462 Ex
689 3398 790 3462 his
823 3398 1106 3462 auctoris
1142 3398 1350 3462 nostri
1380 3398 1625 3482 verbiS‚
1649 3416 1727 3463 ut
1757 3415 2007 3465 ceteros
2036 3398 2447 3478 omittamus,
2478 3420 2610 3461 ma·

471 3506 778 3569 nifestum
811 3503 882 3567 fit
910 3502 1152 3583 judicia
1188 3504 1414 3587 fuisse,
1447 3522 1561 3569 aut
1596 3508 1877 3595 privata,
1906 3505 2034 3569 hoc
2068 3521 2200 3584 est,
2236 3502 2319 3567 de
2351 3520 2613 3568 contro-

469 3612 690 3677 versiis
725 3612 896 3675 inter
925 3612 1241 3698 privatos3
1273 3627 1389 3676 aut
1422 3612 1718 3701 publica,
1742 3611 1809 3675 id
1834 3628 1965 3695 est,
1996 3613 2078 3676 de
2110 3610 2493 3677 criminibus
2526 3609 2611 3674 ad

471 3734 676 3783 totam
749 3715 1214 3803 rempublicam
1290 3718 1770 3806 pertinentibus
1842 3734 2111 3807 propter
2181 3716 2607 3781 atrocitatem.

472 3821 829 3907 Utriusque
852 3820 1082 3901 judicii
1119 3822 1459 3889 exercendi
1493 3824 1659 3891 ratio
1688 3838 1825 3889 erat
1857 3822 2181 3887 dissimilis
2212 3846 2229 3886 τ
2264 3824 2483 3910 itaque
2528 3822 2610 3887 de

468 3929 738 4018 singulis
793 3927 998 3993 dicam
1051 3930 1395 4019 sigillatim.
1453 3934 1671 4021 Atque
1727 3934 1813 3997 ita
1868 3955 2067 4021 porro
2111 3932 2219 3994 hic
2265 3931 2494 3995 titulus
2539 3931 2605 3993 in

465 4036 634 4101 duos
667 4031 970 4097 articulos
1003 4030 1447 4101 distribuetur.
