2984 4684
476 352 617 438 334
1106 354 1201 419 M.
1246 354 1325 419 T.
1380 352 1974 425 CICERONIS

564 479 785 547 XXX.
832 471 1025 565 Quid
1064 496 1199 569 ego
1242 496 1439 543 nunc
1478 474 1552 543 in
1590 473 1810 546 altera
1849 478 2172 549 actione¹
2215 484 2343 552 Cn.
2379 484 2604 555 Dola-

468 585 671 659 bellae
690 586 983 683 spiritus
1003 593 1060 671 ²,
1076 582 1257 681 quid
1274 583 1493 680 hujus
1520 584 1866 683 lacrymas
1887 602 1960 658 et
1975 594 2602 666 concursationes³

466 696 888 797 proferam?
929 694 1108 792 quid
1158 690 1237 765 C.
1274 696 1616 784 Neronis,
1657 698 1790 767 viri
1833 698 2089 794 optimi
2124 715 2344 799 atque
2387 706 2602 776 inno-

464 809 884 893 centissimi,
908 804 1281 876 nonnullis
1312 806 1389 875 in
1418 804 1640 877 rebus
1668 809 1990 879 animum
2017 812 2230 883 nimis
2265 812 2602 885 timidum

460 936 680 1017 atque
710 917 1155 990 demissum?
1182 917 1307 1013 qui
1342 917 1419 985 in
1452 916 1574 987 illa
1605 941 1684 987 re
1713 917 1895 1015 quid
1934 916 2170 992 facere
2207 925 2600 1019 potuer-iffi,

464 1054 615 1101 non
652 1027 1003 1116 habebat,
1030 1029 1169 1099 nisi
1203 1026 1392 1099 forte
1416 1080 1435 1113 ‚
1469 1026 1546 1097 id
1581 1026 1786 1124 quod
1823 1053 2078 1100 omnes
2115 1044 2270 1102 tum
2315 1031 2598 1106 deside-

460 1139 751 1227 rabant,
793 1152 879 1209 ut
910 1154 1151 1235 ageret
1198 1161 1355 1209 eam
1393 1161 1548 1207 rem
1595 1138 1748 1208 sine
1791 1141 2018 1209 Verre
2063 1154 2136 1211 et
2172 1141 2594 1215 Dolabella:

458 1249 818 1349 quidquid
843 1264 1029 1321 esset
1052 1250 1205 1319 sine
1225 1248 1338 1317 his
1359 1260 1602 1318 actum
1625 1302 1646 1335 ‚
1683 1272 1940 1319 omnes
1970 1248 2406 1346 probarent3
2443 1268 2600 1325 tum

457 1388 631 1434 vero
662 1357 865 1458 quod
894 1358 1443 1458 pronuntiatum
1484 1373 1630 1445 est,
1663 1382 1813 1428 non
1847 1382 1982 1456 per
2013 1362 2376 1433 Neronem
2405 1362 2600 1457 judi-

458 1486 737 1555 catum,
782 1468 908 1541 sed
944 1493 1077 1567 per
1115 1466 1569 1539 Dolabellam
1607 1482 1940 1567 ereptum
1966 1465 1996 1511 ⁵
2036 1470 2597 1545 existimabatur.

458 1581 1003 1655 Condemnatur
1046 1580 1241 1651 enim
1286 1580 1673 1676 perpaucis
1711 1578 2088 1649 sententiis
2139 1580 2602 1675 Philodamus

455 1706 530 1764 et
554 1692 713 1787 ejus
742 1688 957 1760 filius.
1000 1687 1222 1760 Adest
1242 1742 1261 1777 ,
1289 1690 1508 1759 instat
1529 1742 1550 1775 ‚
1588 1702 1796 1785 urget
1823 1687 2194 1760 Dolabella
2214 1747 2233 1777 ‚
2261 1706 2344 1762 ut
2379 1717 2598 1789 quam

455 1803 771 1901 primum
810 1800 1045 1871 securi
1088 1796 1467 1887 feriantur,
1519 1795 1720 1896 quo⁶
1770 1823 1994 1896 quam
2039 1801 2338 1873 minime
2381 1801 2594 1873 multi

456 1939 545 1984 ex
579 1912 719 1983 illis
755 1912 845 1983 de
874 1912 1081 1981 istius
1117 1906 1395 1981 nefario
1434 1909 1704 1980 scelere
1745 1908 1996 1981 audire
2031 1926 2350 2009 possent.
2401 1918 2600 1985 Con-

457 2023 781 2094 stituitur
814 2022 889 2091 in
942 2018 1102 2090 foro
1139 2017 1512 2091 Laodiceae
1561 2019 2057 2116 spectaculum
2111 2019 2489 2111 acerbum3
2525 2038 2600 2093 et

456 2136 802 2203 miserum
824 2186 844 2216 ‚
880 2144 955 2200 et
984 2152 1195 2225 grave
1228 2132 1366 2199 toti
1408 2129 1590 2199 Asiae
1619 2129 2048 2225 provinciae;
2091 2130 2386 2225 grandis
2421 2146 2598 2203 natu

452 2267 713 2343 parens
741 2239 1098 2312 adductus
1124 2239 1214 2310 ad
1244 2238 1726 2336 supplicium3
1754 2264 1843 2310 ex
1873 2240 2094 2311 altera
2121 2256 2322 2337 parte
2359 2239 2550 2315 filius
2578 2272 2594 2314 :

453 2355 607 2443 ille,
631 2350 833 2451 quod
862 2349 1283 2449 pudicitiam
1317 2348 1754 2437 liberorum3
1788 2350 1944 2437 hic,
1981 2351 2185 2448 quod
2227 2353 2444 2423 vitam
2477 2376 2600 2451 pa-

452 2468 578 2538 tris
608 2462 1017 2559 famamque
1038 2462 1307 2533 sororis
1333 2457 1776 2555 defenderat.
1803 2460 2050 2533 Flebat
2077 2476 2412 2560 uterque,
2443 2487 2598 2535 non

450 2578 543 2649 de
578 2598 713 2647 suo
756 2571 1149 2671 supplici0‚
1184 2570 1313 2642 sed
1348 2585 1558 2670 pater
1589 2568 1682 2641 de
1721 2569 1852 2641 filii
1883 2586 2118 2642 morte
2141 2627 2160 2657 ‚
2202 2569 2294 2644 de
2333 2574 2596 2671 patriS,

448 2687 658 2759 filius.
693 2682 889 2775 Quid
924 2682 1398 2778 lacrymarum
1441 2684 1681 2779 ipsum
1719 2686 2083 2753 Neronem
2111 2684 2384 2780 putatis
2425 2708 2592 2781 pro-

450 2792 761 2869 fudisse?
794 2816 1016 2889 quem
1039 2791 1292 2862 fletum
1318 2792 1544 2862 totius
1562 2792 1742 2861 Asiae
1769 2787 2034 2863 fuisse?
2061 2816 2280 2889 quem
2313 2793 2594 2865 luctum

452 2923 526 2979 et
565 2905 907 3003 gemitum
956 2902 1662 2999 Lampsacenorum?
1717 2902 1955 2971 securi
2003 2925 2158 2973 esse
2213 2926 2596 2998 percussos

452 3019 784 3089 homines
826 3014 1292 3099 innocenteS‚
1337 3009 1660 3099 nobiles,
1715 3013 1950 3082 socios
2003 3013 2259 3109 populi
2311 3014 2596 3083 romani

448 3144 669 3225 atque
696 3123 961 3195 amicos
978 3176 999 3205 ‚
1032 3137 1335 3219 propter
1359 3120 1684 3194 hominis
1714 3120 2244 3220 flagitiosissimi
2273 3122 2595 3219 singula-

446 3378 721 3433 Philodnmi
740 3391 883 3425 cansa
901 3374 1161 3433 videretur,
1186 3390 1291 3423 non
1316 3386 1477 3425 tamen
1567 3387 1692 3425 orat.
1723 3391 1818 3441 pro
1853 3375 2008 3423 Rosc-
2047 3376 2208 3425 Amet.
2234 3390 2342 3438 cap.
2374 3376 2466 3434 35,
2505 3374 2594 3423 nbi

446 3463 605 3529 prima
619 3458 813 3506 actione
832 3454 1237 3503 condemnarunt.
1565 3466 1638 3503 est
1658 3472 1672 3503 ε
1707 3454 1868 3519 «quid
1901 3466 2006 3503 erat
2031 3454 2193 3517 quod.
2210 3455 2504 3503 ..volueriti’
2531 3478 2558 3497 ι

516 3540 691 3589 XXX.
718 3552 764 3585 1.
790 3535 919 3593 Alii,
961 3534 1053 3583 «in
1090 3534 1289 3583 alteram
1319 3534 1473 3583 actio-
1635 3534 1683 3581 5.
1710 3534 2036 3597 EmptumNi
2062 3543 2323 3582 extortum.
2357 3534 2436 3582 Sic
2458 3534 2591 3598 apud

446 3636 559 3671 nem
582 3640 625 3667 ι.
650 3618 779 3665 J.v.
806 3616 865 3663 L.
1561 3614 1732 3661 Senec.
1765 3614 1828 3661 de
1852 3614 1998 3663 Brev.
2021 3614 2114 3661 vit.
2143 3629 2254 3678 cap.
2287 3614 2348 3661 6:
2399 3634 2420 3657 ι
2445 3629 2594 3662 ausus

518 3715 569 3748 α.
584 3694 807 3761 Spiritus.
822 3694 990 3743 Animi
1006 3694 1359 3743 contentiones.
1552 3694 1802 3757 jndicibus
1818 3710 1928 3741 reos
1945 3692 2303 3754 commendare,
2321 3702 2368 3740 et
2387 3693 2588 3755 gratiam

516 3776 660 3827 3.A1.
670 3772 1023 3823 concursiones.
1034 3774 1115 3821 Sic
1124 3775 1242 3822 Hot.
1252 3791 1313 3821 ex
1322 3772 1467 3823 MSS.
1557 3789 1692 3821 suam
1710 3774 1824 3821 foro
1845 3776 2160 3838 interponere
2177 3783 2274 3820 tam
2295 3770 2588 3833 efficaciter,

520 3867 570 3914 4.
594 3858 785 3905 Ernest.
812 3864 953 3917 putat
976 3854 1225 3917 scripsisse
1250 3853 1467 3903 Tullium
1557 3863 1613 3900 ut
1624 3853 2046 3917 qnaednmjudicia
2057 3850 2391 3901 constetabeo
2405 3860 2586 3915 raptae.

441 3938 520 3987 vel
540 3933 697 3999 «qnid
724 3933 963 3993 faceret»,
1000 3933 1079 3981 vel
1116 3952 1137 3975 ι
1154 3933 1279 3997 quid
1306 3934 1465 3981 facere
1623 3934 1674 3980 6.
1703 3933 1830 3994 Quo.
1853 3934 1924 3981 Ut
1951 3944 2143 3996 tempus
2169 3930 2344 3979 infelix
2369 3941 2507 3993 pater
2526 3946 2586 3977 ac

440 4026 605 4086 posset
628 4036 674 4063 ι.
697 4012 851 4075 Quod
872 4014 1057 4079 recepit
1084 4011 1285 4062 Schiiu.
1304 4014 1465 4063 Schel—
1551 4009 1684 4059 finus
1733 4027 1836 4060 non
1883 4012 2094 4059 habeant
2137 4010 2372 4075 querendi
2415 4026 2581 4057 coram

437 4102 569 4149 letus
612 4094 657 4141 ei
700 4092 1011 4156 obloquitur,
1048 4092 1194 4140 allato
1239 4094 1465 4157 exemplo
1556 4091 1886 4150 multitudine,
1906 4090 1967 4138 de
1983 4091 2154 4139 Verris
2175 4090 2362 4138 nefario
2383 4088 2582 4137 scelere.
