2984 4684
502 366 647 437 326
1162 370 1259 437 M.
1306 370 1384 437 T.
1439 369 2008 439 CICERONIS

496 490 819 589 pernicie
846 489 1167 562 civitatis.
1196 488 1601 561 Deducitur
1627 490 1762 562 iste
1786 488 1880 560 ad
1907 488 2302 563 Janitorem
2319 500 2346 544 ⁷
2382 513 2638 587 quem·

498 597 667 671 dam
716 598 1117 698 hospitem;
1176 601 1624 697 comitesque
1674 599 1831 695 ejus
1887 602 2064 671 item
2103 599 2301 699 apud
2355 614 2637 673 ceteros

500 708 825 808 hospites
848 709 1319 781 collocantur.
1344 714 1447 781 Ut
1473 734 1632 780 mos
1662 723 1816 781 erat
1831 713 2038 781 istius
2053 764 2076 797 ‚
2101 722 2322 807 atque
2355 724 2437 781 ut
2463 734 2631 781 eum

499 844 645 891 suae
688 820 1027 891 libidines
1068 818 1434 919 flagitiosae
1484 818 1718 892 facere
1773 818 2262 892 admonebant
2281 816 2336 907 ⁸,
2395 822 2634 892 statim

504 930 879 1028 negotium
910 930 1033 1003 dat
1066 932 1206 1003 illis
1224 932 1371 1003 suis
1390 930 1804 1020 comitibuS,
1825 932 2282 1029 nequissimis
2305 932 2634 1029 turpissi-

500 1040 785 1166 misque
816 1039 1239 1115 hominibus
1258 1096 1279 1131 ‚
1310 1042 1422 1115 uti
1452 1041 1746 1113 videant
1783 1056 1856 1113 et
1889 1043 2324 1139 investigent
2341 1098 2362 1131 ‚
2405 1066 2636 1139 ecqua

495 1152 701 1248 virgo
720 1152 835 1240 sit,
854 1166 981 1229 aut
996 1153 1259 1225 mulier
1278 1152 1521 1253 digna,
1539 1150 2023 1251 quamobrem
2039 1154 2192 1251 ipse
2207 1164 2240 1213 ⁹
2265 1155 2638 1251 Lampsaci

498 1260 771 1333 diutius
802 1278 1295 1335 commoretur
1316 1274 1399 1335 ¹⁰.

596 1378 817 1445 XXV.
839 1378 1009 1445 Erat
1026 1397 1271 1445 comes
1298 1372 1454 1498 ejus
1480 1371 1803 1445 Rubrius
1821 1369 2151 1469 quidam,
2163 1370 2389 1444 homo
2409 1370 2642 1443 factus

498 1481 593 1552 ad
618 1484 823 1556 istius
848 1482 1223 1573 libidines,
1266 1485 1397 1581 qui
1428 1485 1615 1555 miro
1647 1480 1974 1571 artifici0,
2008 1506 2481 1581 quocumque
2511 1508 2638 1554 ve-

500 1608 710 1663 nerat
728 1647 749 1682 ,
784 1594 941 1665 haec
967 1594 1395 1691 investigare
1428 1594 1678 1671 omnia
1709 1591 2006 1665 solebat.
2045 1598 2115 1665 Is
2149 1592 2240 1665 ad
2277 1617 2448 1665 eum
2483 1616 2640 1664 rem

502 1704 709 1774 istam
734 1702 1031 1779 defert:
1090 1702 1596 1775 Philodamum
1643 1728 1799 1775 esse
1843 1702 2234 1800 quemdam
2260 1755 2281 1788 ,
2333 1726 2596 1798 genere
2621 1756 2642 1789 ‚

500 1812 817 1903 honore,
834 1816 1063 1914 copiis
1080 1869 1101 1904 ‚
1119 1814 1646 1887 existimatione
1665 1810 1874 1884 facile
1893 1812 2296 1910 principem
2316 1816 2644 1909 Lampsa·

500 1950 896 2016 cenorum3
930 1926 1087 2023 ejus
1124 1950 1279 1999 esse
1303 1923 1528 1996 filiam
1549 1979 1570 2012 ‚
1603 1948 1766 2021 quae
1801 1948 1967 1995 cum
2003 1938 2208 2022 patre
2245 1921 2604 1995 habitaret
2623 1979 2644 2010 ,

390 2118 399 2133 ἱ
500 2052 891 2134 propterea
918 2036 1122 2135 quod
1150 2038 1385 2108 virum
1410 2060 1564 2106 non
1583 2032 1888 2106 haberet
1905 2045 1958 2122 ¹,
1980 2035 2358 2106 mulierem
2387 2034 2644 2105 eximia

498 2148 1087 2245 pulchritudine;
1126 2145 1252 2220 sed
1294 2170 1453 2219 eam
1497 2169 1780 2217 summa
1821 2146 2230 2243 integritate
2267 2144 2646 2242 pudicitia-

502 2283 644 2352 que
680 2259 1093 2330 existimari.
1154 2264 1427 2345 Homo,
1459 2272 1543 2329 ut
1576 2255 1730 2327 haec
1769 2256 2076 2343 audivit,
2115 2256 2216 2327 sic
2256 2257 2519 2327 exarsit
2554 2254 2646 2327 ad

502 2365 614 2452 id,
668 2368 871 2464 quod
914 2392 1067 2439 non
1112 2368 1335 2440 modo
1380 2368 1536 2466 ipse
1587 2390 1992 2465 numquam
2027 2364 2340 2455 viderat,
2383 2364 2512 2437 sed
2553 2390 2646 2437 ne

504 2475 833 2549 audierat
866 2476 1166 2576 quidem
1188 2476 1281 2550 ab
1310 2502 1436 2567 e0,
1472 2478 1604 2575 qui
1632 2478 1788 2575 ipse
1813 2476 2146 2565 vidisset,
2167 2491 2254 2547 ut
2283 2477 2522 2547 statim
2553 2474 2646 2545 ad

502 2587 1003 2664 Philodamum
1038 2590 1349 2685 migrare
1386 2612 1463 2659 se
1501 2588 1774 2659 diceret
1802 2586 2006 2660 velle.
2045 2591 2324 2684 Hospes
2347 2587 2648 2671 sanita,

507 2700 636 2795 qui
678 2699 859 2769 nihil
888 2701 1393 2797 suspicaretur,
1430 2700 1726 2787 verituS,
1760 2697 1868 2770 ne'
1890 2695 2072 2794 quid
2109 2698 2186 2767 in
2229 2697 2390 2795 ipso
2425 2720 2500 2769 se
2539 2694 2650 2767 of-

502 2804 925 2880 fenderetur
939 2820 993 2895 ²,
1032 2808 1406 2881 hominem
1434 2832 1716 2879 summa
1751 2808 1822 2878 vi
1849 2810 2162 2878 retinere
2188 2808 2432 2904 coepit.
2467 2814 2648 2894 Iste,

508 2918 636 3013 qui
670 2916 977 3015 hospitis
1006 2916 1469 3015 relinquendi
1503 2940 1790 2990 causam
1826 2918 2148 3015 reperire
2182 2942 2332 2988 non
2366 2932 2612 3014 posset
2630 2973 2650 3005 ,

510 3025 647 3097 alia
697 3026 834 3098 sibi
872 3028 1157 3099 ratione
1208 3032 1399 3099 viam
1452 3031 1739 3099 munire
1765 3026 1795 3071 ³
1847 3027 1941 3099 ad
1995 3042 2329 3125 stuprum
2375 3028 2644 3125 coepit:

512 3135 869 3211 Rubrium
895 3191 914 3224 ‚
952 3136 1241 3209 delicias
1272 3163 1477 3228 suaS,
1532 3140 1612 3209 in
1649 3136 1992 3211 omnibus
2035 3135 2392 3235 ejusmodi
2429 3135 2652 3209 rebus

582 3395 635 3441 7.
656 3377 946 3426 Ianitorem.
971 3378 1167 3425 Nomen
1184 3390 1259 3427 est
1276 3382 1534 3445 proprium
1619 3381 1794 3430 absens
1811 3380 1896 3429 ille
1913 3390 2000 3429 aut
2015 3390 2242 3428 mortuus
2260 3390 2378 3427 erat.
2391 3379 2648 3429 Mulierem

508 3458 739 3511 hominis.
1623 3462 1754 3510 enim
1771 3460 1922 3509 modo
1943 3459 2160 3526 appellat
2185 3473 2288 3506 non
2311 3458 2564 3523 virginem.

582 3542 636 3589 8.
672 3536 805 3585 Olim
834 3534 1209 3585 adanonuerane.
1243 3538 1433 3586 Ernest.
1460 3538 1536 3587 in·
1696 3556 1745 3588 2.
1783 3538 2149 3606 offenderetur.
2189 3539 2267 3587 Ne
2293 3538 2414 3601 quid
2441 3550 2564 3587 esset
2597 3541 2652 3586 iu

510 3618 753 3684 tet-polan
799 3614 1138 3679 suspimbatur
1188 3616 1339 3665 verba
1394 3618 1535 3666 haec·
1521 3654 1536 3667 .
1623 3621 1908 3685 semetipso,
1933 3619 2072 3685 quod
2091 3618 2231 3667 Verri
2256 3618 2550 3684 displiceret.
2569 3619 2652 3667 Sic

512 3722 538 3741 .-
554 3710 703 3761 ntque
754 3705 813 3743 ut
862 3712 974 3743 eum
995 3726 1123 3743 .....
1144 3694 1475 3746 admonebant
1492 3718 1534 3746 ι.
1625 3700 1816 3747 Ernest-
1851 3716 1914 3747 ex
1950 3710 2106 3763 qmtt.
2131 3698 2258 3747 MSS
2285 3698 2648 3763 interpretatur.

510 3777 671 3827 Multo
698 3774 968 3838 elegantius
1008 3774 1173 3823 abesse
1206 3775 1299 3823 ista
1332 3776 1538 3837 conjicit
1626 3779 1756 3826 Olim
1796 3778 2032 3827 edebatur
2073 3776 2369 3843 offinderet.
2423 3778 2651 3828 Gravius

512 3852 711 3907 Schiitz.
738 3856 956 3902 Temere.
1625 3856 1858 3907 malebat:
1883 3874 1980 3905 «ne
1997 3857 2118 3923 quid
2134 3858 2188 3906 in
2209 3858 2318 3923 ipso
2336 3858 2596 3907 offenderit
2607 3881 2650 3904 a.

585 3951 637 3999 9.
650 3934 731 3983 Sic
748 3950 777 3981 e
795 3934 956 3983 Guelf.
978 3933 1116 3982 dedit
1132 3934 1247 3983 Ern.
1259 3934 1407 3999 Vulg.
1428 3934 1533 3984 iste.
1626 3936 1847 3985 lambin.
1894 3958 1917 3980 ι
1935 3938 1986 3985 in
2033 3954 2086 3985 se
2127 3937 2394 3987 offenderit
2408 3962 2433 3981 ιο
2447 3972 2464 3998 ,
2503 3954 2652 4002 quem

588 4030 666 4063 xo.
689 4012 815 4071 Alii,
837 4024 1232 4059 commoraretur.
1260 4015 1309 4061 J.
1323 4017 1388 4060 V.
1412 4017 1465 4061 L.
1625 4025 1859 4079 sequutus
1885 4027 1956 4063 est
1977 4014 2176 4065 schiitz.
2202 4017 2302 4065 Alii
2331 4018 2488 4065 aliter.

584 4094 753 4145 XXV.
796 4106 841 4140 ι.
884 4092 999 4138 Non
1044 4089 1257 4140 haberet.
1294 4092 1537 4141 Nimirum
1699 4094 1752 4144 3.
1780 4095 1922 4143 Viam
1949 4096 2154 4148 munire.
2175 4098 2282 4147 Sibi
2302 4098 2430 4147 viam
2447 4098 2652 4162 aperire.
