2984 4684
459 371 594 420 100
1091 351 1186 418 M.
1239 351 1317 419 Τ.
1369 351 1931 423 CICERONIS

447 471 617 547 dem
649 470 798 545 fere
839 485 1153 543 sectores
1177 482 1203 527 ⁷
1245 469 1466 542 fuisse
1509 472 1901 563 collorum,
1939 488 2015 545 et
2054 472 2471 546 bonorum?
2516 481 2579 550 Ii

445 581 790 679 denique,
807 583 938 678 qui
964 594 1122 650 tum
1148 583 1399 652 armati
1427 579 1581 652 dies
1596 596 1995 681 noctesque
2022 582 2582 674 concursabant,

443 694 575 788 qui
601 695 848 761 Romae
886 702 1094 762 erant
1133 688 1438 780 assidui,
1465 694 1593 789 qui
1624 695 1826 764 omni
1861 706 2187 791 tempore
2226 696 2303 764 in
2335 693 2581 792 praeda

442 817 516 875 et
559 804 908 898 sanguine
946 797 1442 889 versabantur,
1487 804 1644 873 Sex.
1689 805 1952 874 Roscio
1999 806 2342 901 temporis
2384 804 2579 876 illius

439 910 906 983 acerbitatem
925 907 1532 1008 iniquitatemque
1549 910 1941 1008 objicient?
1967 928 2041 984 et
2070 914 2265 1010 illam
2291 917 2579 988 sicario-

438 1047 606 1094 rum
657 1019 1236 1109 multitudinem,
1289 1023 1366 1092 in
1416 1013 1564 1118 qua
1607 1023 1747 1120 ipsi
1799 1020 2023 1094 duces
2068 1049 2154 1095 ac
2202 1026 2575 1124 principes

439 1147 680 1221 erant,
724 1126 944 1202 huic⁸
987 1133 1274 1202 crimini
1324 1129 1695 1228 putabunt
1747 1127 1942 1220 fore,
1977 1137 2105 1229 qui
2144 1156 2297 1205 non
2348 1132 2576 1206 modo

439 1247 685 1314 Romae
717 1265 869 1313 non
917 1237 1060 1310 fuit
1083 1294 1103 1327 ‚
1145 1237 1275 1310 sed
1314 1242 1618 1312 omnino
1640 1294 1660 1329 ,
1697 1239 1880 1339 quid
1924 1245 2169 1312 Romae
2215 1257 2575 1340 ageretur,

438 1355 782 1438 nesciret,
823 1363 1212 1448 propterea
1250 1347 1454 1445 quod
1484 1352 1642 1419 ruri
1672 1346 2003 1420 assiduus
2024 1403 2044 1436 ‚
2094 1349 2573 1448 quemadmo-

435 1463 616 1535 dum
652 1476 808 1533 tute
851 1457 1250 1547 confiteris,
1281 1457 1464 1531 fuit?

530 1577 828 1660 Vereor,
860 1595 954 1642 ne
984 1585 1112 1641 aut
1141 1569 1488 1640 molestus
1528 1573 1665 1640 sim
1696 1567 1939 1657 vobiS,
1969 1568 2288 1666 judiceS,
2316 1583 2445 1640 aut
2476 1595 2573 1641 ne

433 1683 744 1779 ingeniis
774 1682 1028 1750 vestris
1055 1677 1300 1749 videar
1336 1675 1669 1750 diffidere
1686 1689 1743 1766 9,
1778 1681 1837 1748 si
1873 1677 1964 1750 de
1998 1693 2143 1750 tam
2170 1682 2577 1778 perspicuis

436 1789 656 1861 rebus
687 1788 962 1859 diutius
993 1785 1361 1859 disseram.
1395 1789 1639 1858 Erucii
1673 1791 2085 1860 criminatio
2116 1803 2269 1860 tota
2289 1843 2310 1877 ,
2344 1802 2429 1859 ut
2455 1813 2573 1860 ar-

435 1899 695 1988 bitror,
721 1896 1075 1970 dissoluta
1105 1911 1254 1968 est:
1293 1900 1431 1968 nisi
1467 1894 1657 1969 forte
1690 1900 2118 1995 exspectatis
2144 1952 2164 1986 ‚
2208 1913 2293 1970 ut
2319 1899 2443 1970 illa
2467 1898 2577 1970 di-

433 2009 662 2092 luam,
692 2031 858 2104 quae
889 2005 980 2077 de
1010 2006 1451 2104 peculatum,
1500 2029 1584 2076 ac
1616 2005 1708 2077 de
1740 2005 2098 2102 ejusmodi
2131 2007 2351 2080 rebus
2378 2032 2573 2080 com-

433 2120 818 2206 mentitiiS,
877 2114 1204 2187 inaudita
1254 2115 1465 2187 nobis
1515 2130 1682 2187 ante
1716 2114 1861 2186 hoc
1913 2114 2199 2214 tempus
2250 2140 2335 2188 ac
2380 2141 2575 2189 nova

433 2227 724 2325 objecit.
761 2230 940 2319 Quae
967 2225 1144 2296 mihi
1177 2229 1309 2297 iste
1335 2227 1530 2297 visus
1554 2239 1663 2296 est
1688 2251 1777 2296 ex
1806 2226 1943 2296 alia
1978 2230 2305 2299 oratione
2338 2226 2599 2299 decla-‘

433 2361 655 2426 mare,
677 2361 896 2435 quam
928 2340 1004 2407 in
1033 2337 1254 2410 alium
1281 2360 1488 2407 reum
1523 2351 2137 2408 commentaremr
2162 2364 2177 2407 ε
2206 2341 2305 2409 ita
2327 2363 2570 2437 neque

430 2447 526 2519 ad
553 2450 826 2520 crimen
853 2445 1243 2545 parricidii,
1273 2471 1515 2544 neque
1540 2445 1635 2518 ad
1658 2471 1826 2518 eum
1845 2501 1865 2536 ,
1884 2451 2015 2544 qui
2048 2472 2335 2522 causam
2370 2448 2571 2538 dicit,

429 2556 912 2656 pertinebant.
945 2560 1054 2628 De
1085 2555 1360 2653 quibus
1392 2559 1742 2652 quoniam
1772 2555 1999 2628 verbo
2030 2561 2269 2656 arguit
2289 2613 2309 2648 ,
2338 2559 2569 2632 verbo

431 2671 602 2740 satis
633 2682 743 2739 est
775 2689 1061 2763 negare.
1097 2668 1169 2737 Si
1203 2663 1385 2763 quid
1423 2679 1568 2756 est,
1601 2664 1806 2762 quod
1836 2664 1929 2736 ad
1962 2681 2175 2740 testes
2210 2683 2569 2760 reservet3

430 2777 536 2849 ibi
568 2802 703 2848 nos
734 2800 1070 2874 quoque,
1102 2791 1187 2848 ut
1217 2779 1292 2846 in
1326 2779 1482 2874 ipsa
1514 2797 1726 2846 causa
1747 2829 1767 2865 ,
1797 2779 2189 2873 paratiores
2222 2781 2565 2877 reperiet,

431 2909 653 2984 quam
689 2883 1013 2983 putabat.

531 2996 754 3066 XXX.
790 2997 1024 3066 Venio
1051 3018 1251 3064 nunc
1276 3018 1390 3082 e0,
1416 3017 1568 3090 quo
1596 3018 1714 3065 me
1742 3018 1893 3065 non
1928 2985 2286 3094 cupiditas
2320 2994 2527 3069 ducit
2544 3054 2565 3088 ,

430 3104 558 3178 sed
574 3102 776 3176 fides.
797 3107 980 3178 Nam
1008 3105 1067 3174 si
1090 3102 1271 3174 mihi
1291 3103 1553 3176 liberet
1567 3128 1928 3194 accusare,
1952 3129 2364 3179 accusarem
2386 3107 2567 3182 alios

501 3362 548 3407 7.
596 3346 828 3393 Sator-ee.
873 3343 1023 3394 Ludit
1073 3345 1129 3392 iu
1173 3343 1403 3408 ambiguo
1429 3358 1444 3394 ε
1535 3359 1705 3392 eorum
1752 3341 2103 3393 dian-hobam.
2131 3341 2261 3392 Vide
2310 3342 2459 3408 plura
2512 3345 2567 3394 in

425 3436 588 3472 sector
613 3435 686 3473 est
699 3457 718 3485 ,
750 3423 836 3488 qui
863 3423 1084 3473 universa
1117 3423 1330 3472 damnati
1357 3424 1448 3472 ho·
1536 3422 1693 3472 Indic.
1716 3423 1877 3472 Latin.

425 3505 572 3552 minis
614 3503 746 3552 bom
789 3504 932 3566 emit,
965 3513 1024 3551 ut
1059 3503 1121 3552 iis
1159 3517 1248 3568 per
1285 3513 1448 3568 partes
1609 3503 1659 3551 8.
1688 3500 1832 3550 Huic.
1852 3501 1967 3550 Son.
1988 3500 2255 3551 &Roscia

425 3581 694 3636 vendendis
729 3582 922 3632 lucrum
955 3581 1116 3631 faeiat.
1153 3584 1326 3645 Itaque
1349 3596 1447 3628 no·
1606 3597 1659 3644 9.
1685 3581 1945 3650 Diffidam.
1964 3581 2043 3630 Ne
2064 3596 2155 3630 vos
2175 3581 2336 3630 mium
2356 3577 2568 3641 dociles,

424 3677 538 3709 men
562 3661 710 3710 habet
732 3677 763 3709 ι
785 3660 1024 3720 secando,
1047 3659 1186 3726 quod
1209 3659 1340 3708 bon·
1365 3675 1445 3707 ue·
1534 3670 1617 3708 tut
1641 3661 1809 3725 paullo
1832 3660 2071 3710 tardiores
2092 3659 2157 3709 ad
2178 3675 2347 3710 verum
2372 3659 2567 3725 penpi-

424 3749 508 3788 cat
555 3749 610 3789 et
659 3741 918 3804 separatim
975 3739 1214 3789 divendit.
1275 3739 1448 3788 Potest
1534 3739 1769 3788 ciendum
1789 3738 1987 3788 credere
2010 3737 2196 3789 videar.

421 3818 567 3866 etiam
583 3817 816 3867 sicarium
830 3817 1122 3884 significare.
1142 3817 1340 3884 Optime
1357 3832 1448 3865 au·
1612 3833 1689 3868 xo.
1713 3819 1967 3868 Paculam.
1980 3818 2242 3868 Paculam
2256 3826 2331 3866 eut
2346 3816 2569 3883 publica
2635 3829 2641 3834 ·

421 3908 521 3946 tem
558 3895 762 3946 verbum
801 3896 898 3945 hoc
943 3896 1134 3949 duabus
1174 3897 1318 3946 rebus
1359 3911 1443 3944 to·
1528 3898 1751 3963 pecuniae
1786 3899 1985 3948 furtum.
2024 3901 2137 3948 Hoc
2176 3909 2339 3952 autem
2376 3898 2566 3949 crimen

421 3973 702 4023 commodat
733 3974 786 4023 h.
813 3974 852 4024 l.
879 3975 1087 4039 Cicero,
1119 3975 1259 4040 quod
1290 3975 1440 4024 iidem
1528 3993 1625 4040 qua
1650 3976 1713 4026 de
1742 3993 1885 4026 causa
1914 3965 2154 4040 objecerit
2170 3981 2222 4030 S.
2240 3979 2452 4050 Roscio,
2482 3977 2569 4028 di·-

415 4053 704 4120 proscriptin
722 4054 882 4118 capita
899 4053 1290 4119 mmuh-mm
1304 4053 1438 4104 bona
1524 4056 1691 4106 vimre
1718 4071 1819 4106 non
1844 4073 2125 4124 ponamus.
