2984 4684
825 398 1211 467 onATlo
1259 396 1460 465 PRo
1508 394 1598 483 Q.
1648 392 2055 464 Rosc10.
2376 387 2503 484 167

480 522 634 590 XV.
686 522 950 590 Utrum
985 518 1211 591 dicis?
1239 520 1499 591 Luscio
1535 530 1607 589 et
1643 514 1977 601 Manilio,
2012 536 2105 583 an
2142 526 2217 583 et
2252 511 2511 583 Cluvio

385 651 532 699 non
573 652 728 701 esse
773 628 1260 703 credendum?
1299 627 1589 700 Planius
1630 637 1849 723 atque
1896 624 2215 721 apertius
2250 620 2505 693 dicam.

382 740 642 809 Utrum
679 740 984 811 Luscius
1031 755 1106 813 et
1152 739 1490 812 Manilius
1526 736 1707 809 nihil
1755 734 1846 807 de
1894 740 2047 806 H-s
2094 756 2379 807 cccmus
2422 758 2511 803 ex

383 845 638 918 Cluvio
656 847 1081 921 audierunt?
1101 874 1196 921 an
1222 848 1519 924 Cluvius
1542 844 1801 919 falsum
1830 844 2093 917 Luscio
2120 858 2193 915 et
2208 842 2510 915 Manilio

381 954 605 1029 dixit?
635 962 790 1031 Hoc
823 982 960 1056 ego
987 958 1188 1049 loco,
1219 961 1460 1031 soluto
1487 973 1563 1031 et
1589 958 1840 1055 quieto
1878 978 2039 1027 sum
2076 955 2365 1043 animo;
2399 968 2509 1041 et,

383 1089 732 1162 quorsum
775 1067 1048 1141 recidat
1089 1092 1522 1168 responsum
1565 1083 1773 1139 tuum
1806 1121 1825 1153 ‚
1876 1089 2029 1137 non
2070 1088 2511 1163 magnopere
2600 1130 2605 1136 .

380 1173 654 1247 laboro.
709 1178 1160 1251 Firmissimis
1217 1181 1412 1273 enim
1453 1192 1527 1251 et
1572 1176 2033 1253 sanctissimis
2080 1175 2511 1247 testimoniis

377 1284 698 1357 virorum
741 1288 1188 1385 optimorum
1235 1312 1447 1361 causa
1484 1289 1721 1361 Roscii
1766 1285 2211 1359 communita
2252 1298 2379 1356 est.
2436 1286 2509 1356 Si

372 1394 523 1490 jam
559 1394 694 1467 tibi
719 1396 1193 1471 deliberatum
1225 1413 1376 1487 est,
1413 1396 1682 1497 quibus
1716 1396 2021 1494 abroges
2047 1393 2315 1467 fidem
2289 1394 2507 1489 Juris-
2616 1442 2623 1449 -

371 1504 696 1611 jurandi,
730 1510 1111 1607 responde.
1170 1509 1468 1581 Manilio
1512 1523 1585 1581 et
1624 1508 1883 1579 Luscio
1914 1529 2131 1602 negas
2166 1528 2319 1577 esse
2352 1528 2512 1575 cre-

379 1603 743 1689 dendum?
765 1616 918 1707 dic,
945 1618 1179 1691 aude:
1213 1634 1321 1691 est
1346 1633 1488 1691 tuae
1521 1617 2029 1702 contumaciae,
2056 1614 2511 1711 arrogantiae,

375 1726 682 1823 vitaeque
719 1729 1066 1800 universae
1105 1754 1270 1800 vox.
1325 1727 1572 1819 Quid?
1628 1736 2029 1821 exspectas,
2082 1744 2299 1819 quam
2338 1744 2510 1791 mox

379 1860 514 1935 ego
549 1837 888 1911 Luscium
924 1850 997 1909 et
1037 1838 1416 1923 Manilium
1453 1837 1686 1910 dicam
1710 1888 1731 1923 ‚
1764 1833 2059 1921 ordine,
2100 1855 2255 1905 esse
2298 1854 2509 1901 sena-

376 1959 602 2034 tores;
653 1958 898 2035 aetate,
943 1948 1248 2046 grandes
1285 1961 1501 2037 natu3
1563 1958 1858 2032 natura,
1908 1956 2195 2015 sanctos
2230 1954 2305 2013 et
2338 1941 2503 2013 reli-

375 2056 656 2153 giosos;
687 2058 914 2155 copiis
940 2064 1046 2130 rei
1075 2055 1438 2129 familiaris
1455 2112 1476 2149 ,
1508 2056 1905 2155 locupletes
1933 2068 2008 2126 et
2034 2052 2510 2152 pecuniosos?

381 2190 534 2237 non
569 2164 864 2253 faciam3
899 2167 1079 2241 nihil
1115 2168 1292 2240 mihi
1327 2168 1697 2241 detraham
1720 2178 1739 2210 ¹
1762 2220 1783 2254 ,
1814 2188 2045 2263 quum
2074 2164 2213 2233 illis
2248 2174 2509 2233 exactae

375 2275 608 2347 aetatis
651 2277 1092 2349 severissime
1126 2276 1478 2365 fructum,
1522 2300 1741 2373 quem
1778 2288 2243 2361 meruerunt,
2292 2272 2509 2343 re'tri-

288 2408 292 2413 ’
380 2382 605 2457 huam
646 2412 663 2457 ε
701 2387 927 2483 magis
961 2411 1122 2462 mea
1155 2387 1633 2461 adolescentia
1672 2386 1948 2482 indiget
1982 2384 2276 2455 illorum
2300 2374 2509 2455 'bona

375 2495 896 2569 existimatione
915 2551 935 2585 ‚
962 2521 1180 2593 quam
1218 2498 1507 2569 illorum
1543 2496 1987 2572 severissima
2023 2507 2355 2565 senectus
2386 2492 2507 2564 de·

373 2605 635 2677 siderat
667 2631 906 2679 meam
935 2608 1244 2681 laudem.
1271 2608 1433 2685 Tibi
1469 2632 1682 2696 vero,
1702 2610 1904 2695 Piso,
1938 2604 2065 2675 diu
2100 2602 2503 2675 deliberan-

373 2713 548 2787 dum
595 2732 668 2788 et
715 2719 1372 2816 concoquendum²
1427 2734 1573 2807 est,
1613 2732 1857 2789 utrum
1903 2717 2146 2814 potius
2196 2712 2505 2786 Chaereae

373 2826 691 2922 injurato
732 2831 808 2900 in
844 2852 970 2901 sua
1014 2830 1180 2917 lite,
1231 2854 1324 2901 an
1366 2829 1668 2901 Manilio
1709 2842 1781 2899 et
1825 2826 2086 2898 Luscio
2127 2823 2381 2919 juratis
2422 2825 2501 2893 in

371 2934 607 3009 alieno
637 2936 910 3033 judicio
947 2938 1218 3020 credas.
1259 2940 1649 3037 Reliquum
1686 2952 1794 3010 est
1818 2992 1839 3027 ,
1882 2952 1965 3007 ut
2008 2934 2339 3009 Cluvium
2373 2932 2505 3006 fal-

370 3070 532 3117 sum
563 3047 826 3119 dixisse
861 3050 1122 3121 Luscio
1159 3065 1233 3123 et
1273 3050 1572 3139 Manilio
1610 3047 2042 3147 contendat:
2080 3045 2283 3145 quod
2318 3045 2377 3117 si
2407 3043 2501 3115 fa·

367 3156 502 3245 cit,
541 3180 686 3253 qua
729 3158 1184 3257 impudentia
1221 3174 1364 3247 cst,
1411 3182 1677 3232 eumne
1720 3172 1979 3231 testem
2024 3153 2499 3256 improbabit,

1471 3352 1571 3401 tur,
1610 3340 1827 3391 Tullium
1874 3340 2000 3388 hanc
2047 3353 2241 3387 cansnm
2285 3334 2500 3385 oravit-e

1469 3420 1767 3471 demonstret
1793 3436 1806 3470 :
1842 3420 1926 3467 cui
1962 3416 2229 3467 subscribit
2260 3418 2495 3465 Gau-aton.

1467 3515 1628 3564 neqne
1650 3507 1813 3565 “putat
1860 3515 1915 3547 ea
1968 3498 2222 3556 modestia·
2251 3494 2495 3542 dicturum

365 3336 608 3397 claudun,
627 3338 847 3387 meminit
869 3340 975 3391 Cic.
998 3340 1060 3390 ad
1082 3344 1290 3402 Ava,
1319 3358 1348 3390 2
1369 3358 1383 3400 ς

364 3416 522 3476 1111,
553 3416 640 3473 46.

431 3496 549 3546 XV.
574 3510 626 3545 ι.
641 3494 926 3546 Deo-ahana.
949 3499 1130 3546 Sensus
1149 3509 1246 3549 cst:
1265 3500 1382 3551 Non

359 3572 482 3622 nihi
503 3574 611 3639 ipse
634 3574 828 3623 nocebo
845 3609 860 3634 ,
897 3576 1036 3639 quod
1071 3577 1302 3638 facerem,
1339 3580 1382 3626 si

358 3661 548 3700 tantum
573 3652 696 3701 mihi
729 3668 964 3702 sumerem
981 3689 996 3713 ‚
1032 3666 1085 3703 nt
1113 3656 1248 3704 viros
1281 3666 1380 3706 tam

357 3730 564 3793 grandes
587 3742 723 3791 natu,
749 3741 846 3780 tam
880 3748 1049 3798 graves
1073 3734 1272 3783 laudare
1293 3751 1380 3784 co-

357 3823 520 3870 narer,
556 3820 608 3857 et
645 3808 706 3857 de
743 3810 940 3859 illorum
976 3825 1142 3862 exacta
1181 3814 1378 3863 severis-

357 3887 476 3937 sime
513 3900 655 3939 etate
675 3922 692 3951 ‚
745 3888 1029 3939 adolescens
1073 3908 1202 3957 ego,
1245 3894 1378 3943 nulla

357 3968 646 4019 auctet-itate
686 3968 919 4032 preditus
949 3970 1103 4029 judici
1091 3988 1190 4019 mm
1217 3989 1378 4021 mcum

357 4044 736 4111 interponerem.
763 4048 873 4095 Hoc
899 4048 1014 4096 loco
1039 4048 1195 4098 utitur
1215 4051 1380 4099 Fem-

362 4124 458 4175 tiu·
489 4137 547 4178 ut
582 4126 858 4190 iusim,
882 4143 1028 4194 qnam
1053 4128 1202 4194 vulgo
1225 4130 1380 4180 erodi·

1465 3576 1615 3626 fnisse
1648 3578 1933 3643 prator-inm
1960 3574 2273 3624 candidatum
2298 3589 2312 3623 ε
2336 3582 2387 3621 et
2412 3572 2495 3621 me

1467 3656 1664 3706 dicendi
1688 3656 1865 3705 rationi
1892 3654 2186 3704 contrariam
2208 3652 2494 3701 iuvet-riuis

1464 3736 1713 3784 audaciam
1741 3734 1980 3800 opponit3
2027 3733 2213 3782 oblitus
2243 3748 2357 3780 sane
2390 3734 2495 3798 pri-

1464 3826 1623 3863 vatam
1646 3814 1729 3863 hic
1753 3828 1945 3862 causam
1972 3812 2050 3877 agi
2066 3846 2081 3872 ,
2101 3828 2211 3878 qnae
2248 3822 2377 3861 tanta
2404 3828 2493 3861 au-

1464 3894 1703 3943 ctoritate
1730 3908 1832 3940 non
1870 3903 2022 3956 egeat.

1538 3988 1588 4020 α.
1626 3972 1707 4020 Sic
1739 3970 1859 4020 editi
1897 3965 1951 4020 'et
1986 3970 2157 4036 scripti
2186 3970 2317 4020 iibri.
2358 3970 2491 4019 Gra-

1465 4050 1577 4100 vius
1623 4061 1785 4099 tamen
1836 4050 1975 4099 malit
2026 4050 2278 4116 coquenda
2280 4066 2354 4109 m,
2384 4046 2488 4097 sine

1470 4146 1643 4190 caum,
1672 4141 1728 4180 nt
1752 4130 1972 4181 Emest'
1956 4146 2011 4181 m
2030 4130 2179 4183 Clnve
2196 4130 2361 4180 mulus
2376 4143 2491 4194 pno-
