2984 4684
811 448 921 518 IN
963 447 1393 516 VERREM
1444 449 1658 516 ACT.
1706 453 1819 535 ΙΙ,
1870 454 2058 520 LIB.
2112 455 2167 522 Ι.
2414 457 2545 552 371

410 569 723 640 valeret:
770 583 1133 657 statuunt,
1187 567 1265 640 id
1307 567 1444 662 sibi
1484 573 1845 668 optimum
1882 597 2035 646 esse
2072 571 2309 665 factu,
2352 575 2558 676 quod

409 681 633 752 cuivis
672 682 985 752 venisset
1021 681 1096 750 in
1132 694 1456 752 mentem
1484 735 1507 770 ‚
1546 695 1797 779 petere
1832 686 2183 756 auxilium
2229 711 2270 759 a
2315 690 2559 762 Cheli-

411 791 604 863 done
624 846 644 881 ‚
686 815 848 890 quae
889 793 1029 863 isto
1052 805 1365 889 praetore
1400 814 1553 861 non
1585 791 1811 862 modo
1842 793 1920 862 in
1951 793 2117 890 jure
2150 797 2375 886 civili,
2405 801 2558 897 pri-

405 916 892 999 vatorumque
936 903 1268 972 omnium
1314 904 1824 972 controversiis
1849 956 1868 991 ‚
1921 905 2205 1002 populo
2250 931 2557 982 romano

409 1009 718 1109 praefuit‚
750 1035 1004 1083 verum
1023 1011 1236 1083 etiam
1256 1013 1336 1081 in
1353 1010 1468 1083 his
1482 1012 1690 1083 sartis
1716 1016 1922 1084 tectis
1948 1024 2009 1060 ¹²
2034 1013 2403 1090 dominata
2428 1035 2557 1092 est.

507 1125 655 1193 LII.
695 1123 913 1194 Venit
939 1121 1032 1194 ad
1065 1120 1549 1194 Chelidonem
1580 1124 1659 1193 C.
1681 1125 2029 1210 MustiuS‚
2066 1149 2293 1222 eques
2324 1152 2563 1201 roma-

407 1255 584 1318 nus,
623 1231 1096 1330 publicanus,
1137 1231 1365 1303 homo
1401 1257 1573 1302 cum
1620 1233 1871 1330 primis
1911 1233 2313 1308 honestus:
2360 1242 2561 1312 venit

407 1345 506 1412 M.
543 1343 842 1432 Jmsms,
883 1356 1186 1440 patruus
1222 1343 1469 1440 pueri,
1500 1339 2023 1439 frugalissimus
2068 1346 2295 1417 homo
2332 1362 2405 1420 et
2441 1375 2560 1421 ca·-

408 1457 760 1526 stissimus
796 1481 812 1523 :
857 1455 1060 1525 venit
1103 1453 1329 1529 homo
1389 1477 1677 1525 summo
1720 1453 2046 1542 honore,
2086 1457 2371 1552 pudore
2398 1471 2419 1504 ¹
2490 1475 2566 1532 et

408 1589 693 1637 summo
736 1562 982 1635 officio
1021 1566 1587 1663 spectatissimus
1618 1565 1896 1658 ordinis
1944 1567 2093 1654 sui,
2142 1571 2218 1640 P.
2256 1572 2561 1642 Potitius

408 1689 632 1745 tutor.
665 1679 730 1744 Ο
760 1672 1005 1744 multis
1036 1672 1372 1744 acerbam
1391 1725 1411 1764 ‚
1439 1698 1488 1745 o
1522 1676 1859 1747 miseram
1884 1731 1905 1766 ‚
1936 1691 2159 1776 atque
2184 1679 2557 1776 indignam

405 1801 789 1884 praeturam
828 1781 1063 1855 tuam!
1108 1785 1209 1856 Ut
1245 1787 1527 1856 mittam
1564 1800 1838 1874 cetera,
1888 1813 2042 1886 quo
2087 1788 2381 1860 tandem
2417 1815 2560 1889 pu-

408 1895 590 1968 dore
631 1895 807 1968 tales
849 1899 1086 1985 virm,
1129 1920 1284 1994 quo
1320 1896 1614 1986 dolore,
1663 1901 2062 1972 meretricis
2107 1899 2409 1974 domum
2444 1927 2563 1974 ve-

405 2010 599 2080 nisse
649 2005 1148 2079 arbitramini?
1197 2009 1325 2105 qui
1363 2008 1565 2080 nulla
1602 2007 2028 2082 conditione
2064 2012 2278 2083 istam
2320 2016 2559 2112 turpi-

406 2116 734 2188 tudinem
762 2115 1130 2189 subissent
1150 2171 1170 2206 ,
1199 2118 1342 2195 nisi
1381 2116 1604 2190 officii
1640 2121 2344 2221 necessitudinisque
2371 2125 2560 2195 ratio

409 2231 783 2326 coegisset.
840 2229 1167 2300 Veniunt
1187 2283 1207 2314 ‚
1242 2241 1328 2299 ut
1355 2226 1554 2317 dico,
1600 2228 1693 2299 ad
1726 2229 2231 2304 Chelidonem.
2273 2237 2558 2306 Domus

411 2355 564 2412 erat
599 2341 816 2438 plena
846 2367 863 2408 :
895 2363 1085 2410 nova
1109 2338 1312 2432 jura,
1351 2362 1542 2408 nova
1569 2338 1883 2429 decreta,
1919 2365 2108 2411 nova
2133 2341 2405 2438 judicia
2434 2369 2563 2442 pe·

407 2449 775 2523 tebantur.
823 2479 858 2516 α
881 2448 1064 2519 Mihi
1108 2447 1231 2522 det
1264 2448 1844 2545 possessionem:
1884 2450 2067 2520 mihi
2108 2476 2203 2522 ne
2248 2451 2556 2525 adimat:

406 2591 442 2628 α
471 2565 545 2634 iu
563 2587 683 2634 me
701 2557 1060 2657 judicium
1079 2583 1176 2631 ne
1197 2554 1323 2629 det
1351 2581 1368 2628 ε
1393 2557 1575 2628 mihi
1593 2556 1792 2629 bona
1815 2556 2121 2630 addicat.
2142 2591 2177 2626 »
2194 2562 2336 2633 Alii
2358 2588 2561 2633 num-

408 2698 570 2746 mos
610 2668 1134 2758 numerabant3
1179 2667 1300 2739 alii
1333 2665 1665 2740 tabulas²
1714 2666 2200 2765 obsignabant
2235 2699 2252 2742 ε
2291 2670 2557 2746 domus

411 2799 568 2856 erat
595 2789 747 2856 'non
785 2780 1194 2853 meretricio
1231 2791 1603 2852 conventu
1620 2832 1641 2867 ‚
1670 2777 1797 2850 sed
1830 2781 2163 2878 praetoria
2198 2780 2413 2854 turba
2442 2807 2559 2858 re-

411 2891 614 2966 ferta.
655 2891 887 2963 Simul
913 2917 997 2963 ac
1029 2904 1351 2989 potestas
1391 2893 1713 2988 primum
1745 2887 1913 2960 data
1948 2905 2059 2962 est
2081 2945 2100 2979 ,
2138 2890 2411 2965 adeunt
2443 2893 2561 2982 hi,

409 3029 599 3102 quos
631 3002 780 3075 dixi
809 3031 826 3075 ε
861 3002 1192 3101 loquitur
1229 3001 1574 3086 MustiuS‚
1636 3024 1793 3071 rem
1830 2999 2320 3093 demonstrat,
2379 3009 2565 3102 petit

410 3114 795 3203 auxilium,
827 3114 1212 3212 pecuniam
1243 3109 1653 3211 pollicetur.
1686 3110 2090 3210 Respondit
2111 3113 2233 3184 illa
2251 3168 2271 3201 ‚
2306 3128 2389 3186 ut
2415 3139 2564 3189 me·

411 3227 666 3314 reti-ix,
684 3250 838 3297 non
857 3226 1257 3296 inhumane
1273 3219 1304 3267 ³
1329 3249 1345 3292 ε
1367 3220 1705 3311 libenter,
1735 3225 1835 3294 ait
1852 3277 1872 3312 ‚
1896 3247 1973 3295 se
1994 3247 2150 3296 esse
2174 3221 2563 3317 facturam,

412 3350 488 3406 et
518 3361 594 3408 se
628 3359 799 3408 cum
831 3337 968 3408 isto
999 3335 1385 3433 diligenter
1413 3335 2094 3424 sermocinaturam3
2138 3339 2405 3408 reverti
2436 3339 2563 3434 ju-

411 3443 561 3517 bet.
588 3449 775 3516 Tum
809 3445 1227 3534 discedunt3
1260 3443 1613 3542 postridie
1644 3455 2158 3516 revertuntur:
2199 3458 2416 3543 negat
2441 3447 2563 3520 illa

413 3579 634 3654 posse
675 3553 1054 3626 hominem
1096 3557 1416 3643 exorari3
1460 3578 1931 3653 permagnam
1974 3579 2146 3628 eum
2184 3553 2429 3630 dicere
2473 3583 2563 3630 ex

413 3665 534 3738 illa
567 3689 650 3738 re
685 3665 1070 3765 pecuniam
1109 3662 1368 3737 confici
1406 3689 1643 3765 posse.

495 3894 574 3928 η.
607 3875 883 3936 Asconius,
926 3897 954 3918 ιι
968 3875 1110 3925 ιιι-ὼ
1145 3875 1383 3942 tectisque
1399 3897 1448 3924 ι.
1531 3875 1755 3938 latui-0⁸3
1782 3891 1959 3942 eaeque
1976 3873 2172 3926 annun·
2188 3877 2311 3938 min,
2330 3871 2394 3928 de
2404 3895 2561 3942 more,

415 3959 466 4006 J.
481 3959 547 4006 V.
575 3959 630 4008 1..
1534 3953 1885 4024 obsignabant.

488 4039 593 4088 Ln.
629 4053 678 4087 1.
705 4035 832 4096 Alii,
862 4046 912 4084 ee
926 4035 1140 4102 pudore.
1166 4037 1298 4086 LV.
1318 4037 1374 4085 1..
1609 4035 1663 4084 3.
1690 4029 2060 4104 Priscinnm,p.
2080 4046 2237 4095 toxo,
2263 4036 2341 4086 od.
2359 4039 2561 4090 rut-eh.

490 4133 545 4168 α.
579 4117 810 4166 Tabulas.
850 4117 912 4166 In
952 4115 1134 4182 quibu·
1168 4114 1448 4166 scribebant
1538 4133 1563 4159 ι
1582 4129 1683 4162 non
1706 4113 2080 4165 inhumanata.
2106 4117 2140 4166 J
2145 4119 2235 4166 ,ἶ
2258 4117 2571 4169 L.-Vermn

417 4197 624 4247 „Verri
645 4196 902 4264 pecuniam
919 4195 984 4246 ad
1011 4205 1194 4246 certam
1213 4195 1343 4245 diem
1367 4210 1448 4244 so·
1540 4191 1667 4242 nihil
1692 4193 1776 4242 hic
1802 4194 2108 4245 mutandum.

2258 4285 2372 4368 24.
